Date,Transact. No.,Symbol,Buyer,Seller,Quantity,Rate,Amount
2019-11-10,2019111001005110,ADBL,14,14,300,419.00,"125,700.00"
2019-11-10,2019111001004750,ADBL,14,14,200,418.00,"83,600.00"
2019-11-10,2019111001004699,ADBL,14,5,200,418.00,"83,600.00"
2019-11-10,2019111001004698,ADBL,14,33,275,418.00,"114,950.00"
2019-11-10,2019111001004697,ADBL,14,16,20,418.00,"8,360.00"
2019-11-10,2019111001005067,AKBSL,48,46,10,413.00,"4,130.00"
2019-11-10,2019111001004895,AKBSL,52,22,239,405.00,"96,795.00"
2019-11-10,2019111001004894,AKBSL,13,22,60,405.00,"24,300.00"
2019-11-10,2019111001004893,AKBSL,17,22,100,405.00,"40,500.00"
2019-11-10,2019111001004892,AKBSL,48,22,100,406.00,"40,600.00"
2019-11-10,2019111001004891,AKBSL,8,22,100,407.00,"40,700.00"
2019-11-10,2019111001004890,AKBSL,22,22,101,407.00,"41,107.00"
2019-11-10,2019111001005026,AKJCL,7,46,20,53.00,"1,060.00"
2019-11-10,2019111001004836,ALBSL,22,37,10,385.00,"3,850.00"
2019-11-10,2019111001005122,ALICL,58,58,10,314.00,"3,140.00"
2019-11-10,2019111001004702,ALICL,59,36,30,311.00,"9,330.00"
2019-11-10,2019111001004936,API,25,41,50,107.00,"5,350.00"
2019-11-10,2019111001005128,BOKL,42,5,10,225.00,"2,250.00"
2019-11-10,2019111001005118,BOKL,42,5,10,224.00,"2,240.00"
2019-11-10,2019111001005086,BOKL,32,5,185,220.00,"40,700.00"
2019-11-10,2019111001005057,BOKL,25,5,100,221.00,"22,100.00"
2019-11-10,2019111001005056,BOKL,7,5,200,221.00,"44,200.00"
2019-11-10,2019111001005055,BOKL,44,5,500,221.00,"110,500.00"
2019-11-10,2019111001004734,BOKL,8,49,274,224.00,"61,376.00"
2019-11-10,2019111001004660,BOKL,18,49,100,224.00,"22,400.00"
2019-11-10,2019111001005048,BOKL,39,5,50,223.00,"11,150.00"
2019-11-10,2019111001005047,BOKL,39,5,50,223.00,"11,150.00"
2019-11-10,2019111001005046,BOKL,32,5,625,223.00,"139,375.00"
2019-11-10,2019111001005045,BOKL,45,5,100,223.00,"22,300.00"
2019-11-10,2019111001005044,BOKL,45,5,100,223.00,"22,300.00"
2019-11-10,2019111001004946,BOKL,6,49,100,224.00,"22,400.00"
2019-11-10,2019111001005054,BOKL,21,5,230,221.00,"50,830.00"
2019-11-10,2019111001005053,BOKL,8,5,"1,000",222.00,"222,000.00"
2019-11-10,2019111001005052,BOKL,13,5,100,222.00,"22,200.00"
2019-11-10,2019111001005051,BOKL,59,5,450,222.00,"99,900.00"
2019-11-10,2019111001005050,BOKL,38,5,300,223.00,"66,900.00"
2019-11-10,2019111001005049,BOKL,8,5,"1,000",223.00,"223,000.00"
2019-11-10,2019111001005024,BPCL,59,33,11,357.00,"3,927.00"
2019-11-10,2019111001005079,CBBL,49,53,110,971.00,"106,810.00"
2019-11-10,2019111001004991,CBBL,54,4,150,973.00,"145,950.00"
2019-11-10,2019111001004972,CBBL,49,58,390,971.00,"378,690.00"
2019-11-10,2019111001004971,CBBL,34,58,40,972.00,"38,880.00"
2019-11-10,2019111001004723,CBBL,29,58,70,974.00,"68,180.00"
2019-11-10,2019111001004704,CBBL,14,4,300,973.00,"291,900.00"
2019-11-10,2019111001005035,CBL,43,22,10,140.00,"1,400.00"
2019-11-10,2019111001004756,CBL,44,19,"2,000",139.00,"278,000.00"
2019-11-10,2019111001005119,CCBL,28,39,300,154.00,"46,200.00"
2019-11-10,2019111001005117,CCBL,25,58,10,156.00,"1,560.00"
2019-11-10,2019111001004724,CCBL,44,37,420,154.00,"64,680.00"
2019-11-10,2019111001004656,CCBL,44,37,400,154.00,"61,600.00"
2019-11-10,2019111001005116,CHCL,6,56,"1,000",445.00,"445,000.00"
2019-11-10,2019111001005064,CHCL,34,56,11,448.00,"4,928.00"
2019-11-10,2019111001004930,CHCL,6,13,720,444.00,"319,680.00"
2019-11-10,2019111001004838,CIT,34,13,15,"1,753.00","26,295.00"
2019-11-10,2019111001004714,CIT,54,1,73,"1,752.00","127,896.00"
2019-11-10,2019111001004713,CIT,16,1,10,"1,753.00","17,530.00"
2019-11-10,2019111001004712,CIT,32,1,20,"1,755.00","35,100.00"
2019-11-10,2019111001004691,CIT,49,1,40,"1,760.00","70,400.00"
2019-11-10,2019111001005149,CZBIL,34,26,70,190.00,"13,300.00"
2019-11-10,2019111001004832,CZBIL,34,37,200,190.00,"38,000.00"
2019-11-10,2019111001005082,DDBL,6,25,43,737.00,"31,691.00"
2019-11-10,2019111001005000,EBL,35,35,20,557.00,"11,140.00"
2019-11-10,2019111001004983,EBL,35,1,200,554.00,"110,800.00"
2019-11-10,2019111001004982,EBL,35,6,120,553.00,"66,360.00"
2019-11-10,2019111001004689,EBL,33,55,78,552.00,"43,056.00"
2019-11-10,2019111001005098,EDBL,20,36,500,260.00,"130,000.00"
2019-11-10,2019111001004783,EIC,19,28,230,218.00,"50,140.00"
2019-11-10,2019111001004659,FMDBL,45,11,56,307.00,"17,192.00"
2019-11-10,2019111001004828,FOWAD,34,49,14,"1,329.00","18,606.00"
2019-11-10,2019111001004754,FOWAD,6,35,42,"1,325.00","55,650.00"
2019-11-10,2019111001004848,GBBL,5,25,"2,071",221.00,"457,691.00"
2019-11-10,2019111001004847,GBBL,5,4,"1,000",221.00,"221,000.00"
2019-11-10,2019111001004787,GBLBS,13,43,90,306.00,"27,540.00"
2019-11-10,2019111001004786,GBLBS,40,43,60,306.00,"18,360.00"
2019-11-10,2019111001004785,GBLBS,17,43,40,307.00,"12,280.00"
2019-11-10,2019111001004725,GBLBS,19,53,15,308.00,"4,620.00"
2019-11-10,2019111001004711,GBLBS,17,49,15,307.00,"4,605.00"
2019-11-10,2019111001005066,GILB,19,1,22,876.00,"19,272.00"
2019-11-10,2019111001005060,GILB,32,59,31,885.00,"27,435.00"
2019-11-10,2019111001005059,GILB,32,21,19,884.00,"16,796.00"
2019-11-10,2019111001005010,GILB,45,1,22,875.00,"19,250.00"
2019-11-10,2019111001004965,GILB,45,1,22,875.00,"19,250.00"
2019-11-10,2019111001004945,GILB,39,21,20,884.00,"17,680.00"
2019-11-10,2019111001004728,GILB,17,57,40,879.00,"35,160.00"
2019-11-10,2019111001004688,GILB,45,7,126,873.00,"109,998.00"
2019-11-10,2019111001004938,GILB,45,1,22,875.00,"19,250.00"
2019-11-10,2019111001004900,GILB,45,1,22,875.00,"19,250.00"
2019-11-10,2019111001004835,GILB,22,45,100,883.00,"88,300.00"
2019-11-10,2019111001004827,GILB,22,54,20,880.00,"17,600.00"
2019-11-10,2019111001004826,GILB,22,57,21,879.00,"18,459.00"
2019-11-10,2019111001004809,GILB,45,29,63,875.00,"55,125.00"
2019-11-10,2019111001004875,GLBSL,19,42,10,425.00,"4,250.00"
2019-11-10,2019111001004779,GLBSL,19,25,50,433.00,"21,650.00"
2019-11-10,2019111001004763,GLBSL,19,34,90,432.00,"38,880.00"
2019-11-10,2019111001004748,GLBSL,19,21,10,431.00,"4,310.00"
2019-11-10,2019111001004788,GMFIL,43,43,21,115.00,"2,415.00"
2019-11-10,2019111001005080,HBL,16,5,"1,000",480.00,"480,000.00"
2019-11-10,2019111001004964,HBL,55,5,50,480.00,"24,000.00"
2019-11-10,2019111001004942,HBL,55,5,25,480.00,"12,000.00"
2019-11-10,2019111001004932,HBL,55,5,25,480.00,"12,000.00"
2019-11-10,2019111001004910,HBL,55,5,25,480.00,"12,000.00"
2019-11-10,2019111001004888,HBL,55,5,25,480.00,"12,000.00"
2019-11-10,2019111001004992,HDL,19,25,30,"1,555.00","46,650.00"
2019-11-10,2019111001004935,HDL,58,25,20,"1,555.00","31,100.00"
2019-11-10,2019111001004934,HDL,58,58,10,"1,549.00","15,490.00"
2019-11-10,2019111001004933,HDL,58,53,70,"1,530.00","107,100.00"
2019-11-10,2019111001004896,HDL,35,52,10,"1,526.00","15,260.00"
2019-11-10,2019111001004843,HDL,58,21,100,"1,525.00","152,500.00"
2019-11-10,2019111001004773,HGI,7,50,200,261.00,"52,200.00"
2019-11-10,2019111001005097,HIDCL,59,58,235,131.00,"30,785.00"
2019-11-10,2019111001005096,HIDCL,25,58,100,131.00,"13,100.00"
2019-11-10,2019111001005095,HIDCL,14,58,40,131.00,"5,240.00"
2019-11-10,2019111001005094,HIDCL,22,58,10,131.00,"1,310.00"
2019-11-10,2019111001005093,HIDCL,20,58,69,131.00,"9,039.00"
2019-11-10,2019111001005092,HIDCL,34,58,500,131.00,"65,500.00"
2019-11-10,2019111001005091,HIDCL,47,58,46,131.00,"6,026.00"
2019-11-10,2019111001005015,HIDCL,46,6,230,132.00,"30,360.00"
2019-11-10,2019111001005014,HIDCL,46,32,100,132.00,"13,200.00"
2019-11-10,2019111001004939,HIDCL,42,6,70,132.00,"9,240.00"
2019-11-10,2019111001004696,HIDCL,6,58,300,132.00,"39,600.00"
2019-11-10,2019111001004695,HIDCL,33,58,200,132.00,"26,400.00"
2019-11-10,2019111001004686,HURJA,39,39,5,101.00,505.00
2019-11-10,2019111001004799,ILBS,28,52,50,450.00,"22,500.00"
2019-11-10,2019111001004798,ILBS,28,17,10,449.00,"4,490.00"
2019-11-10,2019111001004797,ILBS,28,32,30,449.00,"13,470.00"
2019-11-10,2019111001004796,ILBS,28,6,10,446.00,"4,460.00"
2019-11-10,2019111001004663,ILBS,22,35,100,445.00,"44,500.00"
2019-11-10,2019111001004969,JBBL,17,52,66,155.00,"10,230.00"
2019-11-10,2019111001004968,JBBL,22,52,150,155.00,"23,250.00"
2019-11-10,2019111001004967,JBBL,57,52,136,155.00,"21,080.00"
2019-11-10,2019111001004966,JBBL,40,52,304,156.00,"47,424.00"
2019-11-10,2019111001004844,JBBL,40,34,66,156.00,"10,296.00"
2019-11-10,2019111001005077,JSLBB,6,48,10,"1,006.00","10,060.00"
2019-11-10,2019111001004679,KKHC,14,42,54,56.00,"3,024.00"
2019-11-10,2019111001004694,KSBBL,34,22,20,144.00,"2,880.00"
2019-11-10,2019111001004701,LBL,21,42,90,220.00,"19,800.00"
2019-11-10,2019111001004662,LBL,21,40,100,220.00,"22,000.00"
2019-11-10,2019111001005121,LICN,56,34,60,980.00,"58,800.00"
2019-11-10,2019111001005120,LICN,37,34,30,981.00,"29,430.00"
2019-11-10,2019111001004778,LICN,56,59,400,980.00,"392,000.00"
2019-11-10,2019111001004777,LICN,25,59,50,981.00,"49,050.00"
2019-11-10,2019111001004776,LICN,22,59,20,981.00,"19,620.00"
2019-11-10,2019111001004775,LICN,38,59,30,982.00,"29,460.00"
2019-11-10,2019111001005058,LLBS,18,33,50,670.00,"33,500.00"
2019-11-10,2019111001004682,LLBS,37,33,50,670.00,"33,500.00"
2019-11-10,2019111001005133,MBL,13,32,84,224.00,"18,816.00"
2019-11-10,2019111001005132,MBL,49,32,916,224.00,"205,184.00"
2019-11-10,2019111001005017,MBL,49,7,284,224.00,"63,616.00"
2019-11-10,2019111001005016,MBL,33,7,216,224.00,"48,384.00"
2019-11-10,2019111001004931,MBL,39,35,"2,000",225.00,"450,000.00"
2019-11-10,2019111001004885,MBL,33,45,100,224.00,"22,400.00"
2019-11-10,2019111001004780,MBL,39,32,"2,000",225.00,"450,000.00"
2019-11-10,2019111001004753,MBL,33,4,852,224.00,"190,848.00"
2019-11-10,2019111001004666,MBL,33,17,832,224.00,"186,368.00"
2019-11-10,2019111001004665,MBL,26,17,50,224.00,"11,200.00"
2019-11-10,2019111001004664,MBL,48,49,529,225.00,"119,025.00"
2019-11-10,2019111001004976,MDB,34,28,"1,490",240.00,"357,600.00"
2019-11-10,2019111001004726,MDB,43,49,100,241.00,"24,100.00"
2019-11-10,2019111001005139,MEGA,39,37,108,186.00,"20,088.00"
2019-11-10,2019111001005138,MEGA,6,37,168,186.00,"31,248.00"
2019-11-10,2019111001005025,MEGA,6,26,80,187.00,"14,960.00"
2019-11-10,2019111001004999,MEGA,43,26,10,187.00,"1,870.00"
2019-11-10,2019111001004661,MEGA,6,55,500,186.00,"93,000.00"
2019-11-10,2019111001004715,MEGA,6,46,22,186.00,"4,092.00"
2019-11-10,2019111001004761,MERO,38,50,55,435.00,"23,925.00"
2019-11-10,2019111001004760,MERO,19,50,37,435.00,"16,095.00"
2019-11-10,2019111001004759,MERO,6,50,15,436.00,"6,540.00"
2019-11-10,2019111001004758,MERO,40,50,50,437.00,"21,850.00"
2019-11-10,2019111001004858,MFIL,19,26,10,127.00,"1,270.00"
2019-11-10,2019111001005112,MLBL,1,42,10,182.00,"1,820.00"
2019-11-10,2019111001004980,MNBBL,6,16,10,318.00,"3,180.00"
2019-11-10,2019111001004731,MNBBL,6,41,840,318.00,"267,120.00"
2019-11-10,2019111001005150,NABIL,20,5,55,755.00,"41,525.00"
2019-11-10,2019111001005140,NABIL,58,5,10,755.00,"7,550.00"
2019-11-10,2019111001005088,NABIL,20,41,72,754.00,"54,288.00"
2019-11-10,2019111001005087,NABIL,47,41,24,754.00,"18,096.00"
2019-11-10,2019111001004733,NABIL,43,58,300,755.00,"226,500.00"
2019-11-10,2019111001005020,NBB,18,49,292,205.00,"59,860.00"
2019-11-10,2019111001005019,NBB,35,49,30,205.00,"6,150.00"
2019-11-10,2019111001005018,NBB,25,49,"1,178",205.00,"241,490.00"
2019-11-10,2019111001004981,NBB,25,20,221,205.00,"45,305.00"
2019-11-10,2019111001004979,NBL,43,6,10,305.00,"3,050.00"
2019-11-10,2019111001004963,NBL,32,20,267,304.00,"81,168.00"
2019-11-10,2019111001004962,NBL,56,20,100,304.00,"30,400.00"
2019-11-10,2019111001004961,NBL,35,20,100,304.00,"30,400.00"
2019-11-10,2019111001004960,NBL,44,20,300,304.00,"91,200.00"
2019-11-10,2019111001004959,NBL,44,20,300,304.00,"91,200.00"
2019-11-10,2019111001004952,NBL,48,20,120,304.00,"36,480.00"
2019-11-10,2019111001004872,NBL,44,6,300,305.00,"91,500.00"
2019-11-10,2019111001004830,NBL,3,6,20,305.00,"6,100.00"
2019-11-10,2019111001004774,NBL,8,6,200,305.00,"61,000.00"
2019-11-10,2019111001004658,NBL,40,34,"1,000",305.00,"305,000.00"
2019-11-10,2019111001004657,NBL,40,28,98,305.00,"29,890.00"
2019-11-10,2019111001004958,NBL,58,20,"1,000",304.00,"304,000.00"
2019-11-10,2019111001004957,NBL,44,20,"1,000",304.00,"304,000.00"
2019-11-10,2019111001004956,NBL,53,20,300,304.00,"91,200.00"
2019-11-10,2019111001004955,NBL,53,20,300,304.00,"91,200.00"
2019-11-10,2019111001004954,NBL,53,20,300,304.00,"91,200.00"
2019-11-10,2019111001004953,NBL,53,20,300,304.00,"91,200.00"
2019-11-10,2019111001005107,NCCB,48,54,"1,000",205.00,"205,000.00"
2019-11-10,2019111001005013,NCCB,8,54,100,205.00,"20,500.00"
2019-11-10,2019111001004874,NCCB,8,54,500,205.00,"102,500.00"
2019-11-10,2019111001004803,NCCB,8,54,"1,000",205.00,"205,000.00"
2019-11-10,2019111001004768,NCCB,8,11,"1,000",205.00,"205,000.00"
2019-11-10,2019111001004706,NCCB,8,54,900,205.00,"184,500.00"
2019-11-10,2019111001005065,NHPC,49,25,15,54.00,810.00
2019-11-10,2019111001005090,NIB,40,49,467,441.00,"205,947.00"
2019-11-10,2019111001005072,NIB,48,49,56,442.00,"24,752.00"
2019-11-10,2019111001005071,NIB,48,25,44,442.00,"19,448.00"
2019-11-10,2019111001004994,NIB,40,20,99,441.00,"43,659.00"
2019-11-10,2019111001004993,NIB,21,20,10,441.00,"4,410.00"
2019-11-10,2019111001004949,NIB,3,49,20,442.00,"8,840.00"
2019-11-10,2019111001004948,NIB,58,49,15,442.00,"6,630.00"
2019-11-10,2019111001004947,NIB,52,49,42,442.00,"18,564.00"
2019-11-10,2019111001004940,NIBLPF,56,54,253,6.68,"1,690.04"
2019-11-10,2019111001004871,NIBPO,35,4,10,412.00,"4,120.00"
2019-11-10,2019111001004829,NIBPO,34,52,642,411.00,"263,862.00"
2019-11-10,2019111001005083,NICA,32,50,400,400.00,"160,000.00"
2019-11-10,2019111001005081,NICA,32,5,200,400.00,"80,000.00"
2019-11-10,2019111001004732,NICA,32,45,10,400.00,"4,000.00"
2019-11-10,2019111001004687,NICA,48,49,386,400.00,"154,400.00"
2019-11-10,2019111001005137,NICL,43,1,10,261.00,"2,610.00"
2019-11-10,2019111001005038,NICL,14,52,100,257.00,"25,700.00"
2019-11-10,2019111001005037,NICL,58,52,351,257.00,"90,207.00"
2019-11-10,2019111001005036,NICL,37,52,100,258.00,"25,800.00"
2019-11-10,2019111001004951,NICL,43,1,10,261.00,"2,610.00"
2019-11-10,2019111001004943,NICL,25,1,50,261.00,"13,050.00"
2019-11-10,2019111001004937,NIL,34,35,100,378.00,"37,800.00"
2019-11-10,2019111001004876,NIL,34,10,100,378.00,"37,800.00"
2019-11-10,2019111001005040,NLBBL,16,37,30,497.00,"14,910.00"
2019-11-10,2019111001005039,NLBBL,45,37,100,498.00,"49,800.00"
2019-11-10,2019111001005078,NLIC,39,57,22,781.00,"17,182.00"
2019-11-10,2019111001005023,NLIC,34,38,50,785.00,"39,250.00"
2019-11-10,2019111001005022,NLIC,34,48,22,785.00,"17,270.00"
2019-11-10,2019111001005021,NLIC,34,48,22,785.00,"17,270.00"
2019-11-10,2019111001004839,NLIC,39,25,20,781.00,"15,620.00"
2019-11-10,2019111001004764,NLIC,39,40,100,781.00,"78,100.00"
2019-11-10,2019111001005089,NLICL,43,48,10,424.00,"4,240.00"
2019-11-10,2019111001005029,NLICL,39,47,828,421.00,"348,588.00"
2019-11-10,2019111001005028,NLICL,32,47,22,422.00,"9,284.00"
2019-11-10,2019111001005027,NLICL,43,47,150,423.00,"63,450.00"
2019-11-10,2019111001005148,NMB,50,40,100,356.00,"35,600.00"
2019-11-10,2019111001005147,NMB,4,40,200,356.00,"71,200.00"
2019-11-10,2019111001005146,NMB,45,40,300,356.00,"106,800.00"
2019-11-10,2019111001005145,NMB,57,40,200,356.00,"71,200.00"
2019-11-10,2019111001005144,NMB,42,40,50,356.00,"17,800.00"
2019-11-10,2019111001005143,NMB,34,40,100,356.00,"35,600.00"
2019-11-10,2019111001004707,NMB,32,11,312,357.00,"111,384.00"
2019-11-10,2019111001004690,NMB,50,28,200,358.00,"71,600.00"
2019-11-10,2019111001004681,NMB,32,28,800,358.00,"286,400.00"
2019-11-10,2019111001004680,NMB,32,59,700,358.00,"250,600.00"
2019-11-10,2019111001004742,NMB,22,49,100,357.00,"35,700.00"
2019-11-10,2019111001004741,NMB,4,49,167,357.00,"59,619.00"
2019-11-10,2019111001004740,NMB,4,49,"3,000",357.00,"1,071,000.00"
2019-11-10,2019111001004739,NMB,34,49,30,357.00,"10,710.00"
2019-11-10,2019111001004738,NMB,32,49,354,357.00,"126,378.00"
2019-11-10,2019111001004727,NMB,32,56,63,357.00,"22,491.00"
2019-11-10,2019111001004755,NMB,47,49,10,357.00,"3,570.00"
2019-11-10,2019111001004747,NMB,4,49,"1,000",357.00,"357,000.00"
2019-11-10,2019111001004746,NMB,45,49,500,357.00,"178,500.00"
2019-11-10,2019111001004745,NMB,4,49,"2,000",357.00,"714,000.00"
2019-11-10,2019111001004744,NMB,33,49,"2,000",357.00,"714,000.00"
2019-11-10,2019111001004743,NMB,47,49,50,357.00,"17,850.00"
2019-11-10,2019111001004944,NMB,57,49,250,357.00,"89,250.00"
2019-11-10,2019111001004884,NMB,11,49,200,357.00,"71,400.00"
2019-11-10,2019111001004857,NMB,53,49,47,357.00,"16,779.00"
2019-11-10,2019111001004789,NMB,11,1,26,358.00,"9,308.00"
2019-11-10,2019111001004771,NMB,53,49,53,357.00,"18,921.00"
2019-11-10,2019111001004766,NMB,49,46,225,356.00,"80,100.00"
2019-11-10,2019111001005142,NMB,33,40,100,356.00,"35,600.00"
2019-11-10,2019111001005141,NMB,25,40,200,356.00,"71,200.00"
2019-11-10,2019111001005127,NMB,57,40,200,357.00,"71,400.00"
2019-11-10,2019111001005108,NMB,22,40,75,357.00,"26,775.00"
2019-11-10,2019111001005076,NMB,28,49,500,356.00,"178,000.00"
2019-11-10,2019111001005068,NMB,32,49,500,356.00,"178,000.00"
2019-11-10,2019111001004781,NMBHF1,56,50,"4,500",8.52,"38,340.00"
2019-11-10,2019111001005151,NNLB,58,33,10,458.00,"4,580.00"
2019-11-10,2019111001004709,NTC,59,44,10,623.00,"6,230.00"
2019-11-10,2019111001005012,NUBL,47,37,110,885.00,"97,350.00"
2019-11-10,2019111001005011,NUBL,47,28,222,884.00,"196,248.00"
2019-11-10,2019111001004729,OHL,56,50,250,444.00,"111,000.00"
2019-11-10,2019111001005070,OHL,47,42,10,450.00,"4,500.00"
2019-11-10,2019111001004795,PCBL,6,32,406,262.00,"106,372.00"
2019-11-10,2019111001004794,PCBL,26,32,194,262.00,"50,828.00"
2019-11-10,2019111001004793,PCBL,11,44,200,263.00,"52,600.00"
2019-11-10,2019111001005073,PFL,25,46,45,133.00,"5,985.00"
2019-11-10,2019111001004693,PFL,25,45,242,133.00,"32,186.00"
2019-11-10,2019111001004692,PFL,7,45,46,133.00,"6,118.00"
2019-11-10,2019111001005001,PIC,19,29,185,360.00,"66,600.00"
2019-11-10,2019111001004802,PIC,19,41,32,360.00,"11,520.00"
2019-11-10,2019111001004801,PIC,3,41,70,360.00,"25,200.00"
2019-11-10,2019111001004752,PIC,3,49,20,360.00,"7,200.00"
2019-11-10,2019111001005105,PICL,58,58,10,428.00,"4,280.00"
2019-11-10,2019111001004807,PLIC,39,5,139,311.00,"43,229.00"
2019-11-10,2019111001004806,PLIC,42,5,81,311.00,"25,191.00"
2019-11-10,2019111001004805,PLIC,5,5,50,312.00,"15,600.00"
2019-11-10,2019111001004804,PLIC,11,5,500,312.00,"156,000.00"
2019-11-10,2019111001004684,PPCL,45,1,150,93.00,"13,950.00"
2019-11-10,2019111001004683,PPCL,39,1,350,94.00,"32,900.00"
2019-11-10,2019111001005123,PRVU,34,34,500,263.00,"131,500.00"
2019-11-10,2019111001005104,PRVU,34,34,500,263.00,"131,500.00"
2019-11-10,2019111001005103,PRVU,53,34,500,263.00,"131,500.00"
2019-11-10,2019111001005102,PRVU,51,34,50,263.00,"13,150.00"
2019-11-10,2019111001005101,PRVU,52,34,38,263.00,"9,994.00"
2019-11-10,2019111001005100,PRVU,34,34,200,263.00,"52,600.00"
2019-11-10,2019111001004721,PRVU,32,50,15,263.00,"3,945.00"
2019-11-10,2019111001004720,PRVU,14,50,300,263.00,"78,900.00"
2019-11-10,2019111001004719,PRVU,49,50,200,263.00,"52,600.00"
2019-11-10,2019111001004718,PRVU,52,50,485,263.00,"127,555.00"
2019-11-10,2019111001004862,PRVU,39,34,500,263.00,"131,500.00"
2019-11-10,2019111001004861,PRVU,32,34,385,263.00,"101,255.00"
2019-11-10,2019111001004860,PRVU,17,34,734,263.00,"193,042.00"
2019-11-10,2019111001004757,PRVU,21,34,210,264.00,"55,440.00"
2019-11-10,2019111001004730,PRVU,58,34,400,264.00,"105,600.00"
2019-11-10,2019111001004868,PRVU,36,34,49,263.00,"12,887.00"
2019-11-10,2019111001004867,PRVU,54,34,"2,000",263.00,"526,000.00"
2019-11-10,2019111001004866,PRVU,35,34,200,263.00,"52,600.00"
2019-11-10,2019111001004865,PRVU,35,34,50,263.00,"13,150.00"
2019-11-10,2019111001004864,PRVU,55,34,200,263.00,"52,600.00"
2019-11-10,2019111001004863,PRVU,32,34,100,263.00,"26,300.00"
2019-11-10,2019111001005030,PRVU,34,50,218,263.00,"57,334.00"
2019-11-10,2019111001004941,PRVU,19,44,"1,000",264.00,"264,000.00"
2019-11-10,2019111001004887,PRVU,21,44,66,264.00,"17,424.00"
2019-11-10,2019111001004886,PRVU,21,34,734,264.00,"193,776.00"
2019-11-10,2019111001004869,PRVU,34,34,782,263.00,"205,666.00"
2019-11-10,2019111001005099,PRVU,19,34,948,263.00,"249,324.00"
2019-11-10,2019111001005034,PRVU,19,50,52,263.00,"13,676.00"
2019-11-10,2019111001005033,PRVU,51,50,50,263.00,"13,150.00"
2019-11-10,2019111001005032,PRVU,25,50,180,263.00,"47,340.00"
2019-11-10,2019111001005031,PRVU,57,50,500,263.00,"131,500.00"
2019-11-10,2019111001005131,RBCL,57,43,20,"8,078.00","161,560.00"
2019-11-10,2019111001004870,RBCLPO,59,42,40,"7,110.00","284,400.00"
2019-11-10,2019111001004751,RHPC,14,48,100,72.00,"7,200.00"
2019-11-10,2019111001005152,RHPL,19,59,30,172.00,"5,160.00"
2019-11-10,2019111001005111,RHPL,59,4,20,169.00,"3,380.00"
2019-11-10,2019111001005075,RHPL,59,16,250,170.00,"42,500.00"
2019-11-10,2019111001005074,RHPL,59,13,40,170.00,"6,800.00"
2019-11-10,2019111001005069,RHPL,59,13,40,169.00,"6,760.00"
2019-11-10,2019111001004989,RHPL,59,4,10,169.00,"1,690.00"
2019-11-10,2019111001004668,RHPL,59,58,30,170.00,"5,100.00"
2019-11-10,2019111001004667,RHPL,59,37,50,170.00,"8,500.00"
2019-11-10,2019111001004674,RHPL,59,39,30,170.00,"5,100.00"
2019-11-10,2019111001004673,RHPL,59,39,20,170.00,"3,400.00"
2019-11-10,2019111001004672,RHPL,59,39,20,170.00,"3,400.00"
2019-11-10,2019111001004671,RHPL,59,37,40,170.00,"6,800.00"
2019-11-10,2019111001004670,RHPL,59,37,40,170.00,"6,800.00"
2019-11-10,2019111001004669,RHPL,59,4,500,170.00,"85,000.00"
2019-11-10,2019111001004837,RHPL,59,42,20,169.00,"3,380.00"
2019-11-10,2019111001004800,RHPL,59,13,40,169.00,"6,760.00"
2019-11-10,2019111001004678,RHPL,59,39,30,170.00,"5,100.00"
2019-11-10,2019111001004677,RHPL,59,39,30,170.00,"5,100.00"
2019-11-10,2019111001004676,RHPL,59,39,30,170.00,"5,100.00"
2019-11-10,2019111001004675,RHPL,59,29,40,170.00,"6,800.00"
2019-11-10,2019111001004903,RHPL,59,13,40,170.00,"6,800.00"
2019-11-10,2019111001004902,RHPL,59,34,100,170.00,"17,000.00"
2019-11-10,2019111001004901,RHPL,59,41,500,170.00,"85,000.00"
2019-11-10,2019111001004889,RHPL,59,13,40,169.00,"6,760.00"
2019-11-10,2019111001004883,RHPL,59,13,40,169.00,"6,760.00"
2019-11-10,2019111001004859,RHPL,59,13,40,169.00,"6,760.00"
2019-11-10,2019111001004988,RHPL,59,4,210,170.00,"35,700.00"
2019-11-10,2019111001004908,RHPL,59,36,10,171.00,"1,710.00"
2019-11-10,2019111001004907,RHPL,59,34,"1,000",171.00,"171,000.00"
2019-11-10,2019111001004906,RHPL,59,4,500,171.00,"85,500.00"
2019-11-10,2019111001004905,RHPL,59,58,100,170.00,"17,000.00"
2019-11-10,2019111001004904,RHPL,59,13,40,170.00,"6,800.00"
2019-11-10,2019111001005109,RMDC,6,33,200,610.00,"122,000.00"
2019-11-10,2019111001004735,RMDC,6,10,382,610.00,"233,020.00"
2019-11-10,2019111001004767,RRHP,47,49,10,99.00,990.00
2019-11-10,2019111001004899,RSDC,33,39,40,325.00,"13,000.00"
2019-11-10,2019111001005009,SADBL,57,18,120,139.00,"16,680.00"
2019-11-10,2019111001004765,SADBL,14,35,400,138.00,"55,200.00"
2019-11-10,2019111001004705,SADBL,59,55,141,137.00,"19,317.00"
2019-11-10,2019111001005155,SANIMA,14,26,50,307.00,"15,350.00"
2019-11-10,2019111001005154,SANIMA,14,22,50,306.00,"15,300.00"
2019-11-10,2019111001005153,SANIMA,14,26,100,306.00,"30,600.00"
2019-11-10,2019111001004987,SANIMA,36,50,371,305.00,"113,155.00"
2019-11-10,2019111001004986,SANIMA,26,50,100,305.00,"30,500.00"
2019-11-10,2019111001004985,SANIMA,34,50,100,305.00,"30,500.00"
2019-11-10,2019111001004984,SANIMA,59,50,89,305.00,"27,145.00"
2019-11-10,2019111001004841,SANIMA,57,50,640,306.00,"195,840.00"
2019-11-10,2019111001004840,SANIMA,57,42,50,306.00,"15,300.00"
2019-11-10,2019111001004737,SANIMA,59,44,911,305.00,"277,855.00"
2019-11-10,2019111001004736,SANIMA,38,44,38,305.00,"11,590.00"
2019-11-10,2019111001004970,SBI,57,52,500,406.00,"203,000.00"
2019-11-10,2019111001004749,SBI,1,13,150,406.00,"60,900.00"
2019-11-10,2019111001005130,SBL,6,49,222,289.00,"64,158.00"
2019-11-10,2019111001005129,SBL,33,49,951,289.00,"274,839.00"
2019-11-10,2019111001004978,SBL,19,49,200,290.00,"58,000.00"
2019-11-10,2019111001004977,SBL,32,49,300,290.00,"87,000.00"
2019-11-10,2019111001004873,SBL,32,34,200,290.00,"58,000.00"
2019-11-10,2019111001004700,SBL,32,28,500,290.00,"145,000.00"
2019-11-10,2019111001004929,SCB,25,5,72,550.00,"39,600.00"
2019-11-10,2019111001004928,SCB,25,5,100,550.00,"55,000.00"
2019-11-10,2019111001004927,SCB,22,5,50,550.00,"27,500.00"
2019-11-10,2019111001004926,SCB,19,5,500,550.00,"275,000.00"
2019-11-10,2019111001004925,SCB,25,5,50,550.00,"27,500.00"
2019-11-10,2019111001004924,SCB,42,5,270,550.00,"148,500.00"
2019-11-10,2019111001004911,SCB,57,5,219,552.00,"120,888.00"
2019-11-10,2019111001004853,SCB,42,5,50,553.00,"27,650.00"
2019-11-10,2019111001004852,SCB,29,5,50,553.00,"27,650.00"
2019-11-10,2019111001004851,SCB,48,5,100,554.00,"55,400.00"
2019-11-10,2019111001004850,SCB,59,5,100,555.00,"55,500.00"
2019-11-10,2019111001004849,SCB,34,5,420,555.00,"233,100.00"
2019-11-10,2019111001004917,SCB,25,5,300,552.00,"165,600.00"
2019-11-10,2019111001004916,SCB,17,5,200,552.00,"110,400.00"
2019-11-10,2019111001004915,SCB,17,5,150,552.00,"82,800.00"
2019-11-10,2019111001004914,SCB,17,5,200,552.00,"110,400.00"
2019-11-10,2019111001004913,SCB,17,5,200,552.00,"110,400.00"
2019-11-10,2019111001004912,SCB,16,5,100,552.00,"55,200.00"
2019-11-10,2019111001004923,SCB,17,5,50,550.00,"27,500.00"
2019-11-10,2019111001004922,SCB,47,5,200,550.00,"110,000.00"
2019-11-10,2019111001004921,SCB,38,5,100,550.00,"55,000.00"
2019-11-10,2019111001004920,SCB,34,5,150,551.00,"82,650.00"
2019-11-10,2019111001004919,SCB,21,5,18,551.00,"9,918.00"
2019-11-10,2019111001004918,SCB,55,5,200,551.00,"110,200.00"
2019-11-10,2019111001004784,SDESI,46,6,250,639.00,"159,750.00"
2019-11-10,2019111001004782,SEF,3,49,500,8.82,"4,410.00"
2019-11-10,2019111001005008,SHIVM,25,14,10,482.00,"4,820.00"
2019-11-10,2019111001005007,SHIVM,25,19,50,481.00,"24,050.00"
2019-11-10,2019111001004975,SHIVM,28,56,100,479.00,"47,900.00"
2019-11-10,2019111001004974,SHIVM,54,56,100,479.00,"47,900.00"
2019-11-10,2019111001004973,SHIVM,11,56,10,480.00,"4,800.00"
2019-11-10,2019111001004722,SHIVM,41,35,500,480.00,"240,000.00"
2019-11-10,2019111001004710,SHIVM,41,19,500,480.00,"240,000.00"
2019-11-10,2019111001005136,SHPC,57,16,200,186.00,"37,200.00"
2019-11-10,2019111001004708,SIC,42,36,20,465.00,"9,300.00"
2019-11-10,2019111001005085,SJCL,35,48,10,167.00,"1,670.00"
2019-11-10,2019111001005084,SJCL,35,10,50,166.00,"8,300.00"
2019-11-10,2019111001004810,SJCL,32,59,"2,040",162.00,"330,480.00"
2019-11-10,2019111001004808,SJCL,32,7,20,162.00,"3,240.00"
2019-11-10,2019111001004790,SJCL,32,7,20,162.00,"3,240.00"
2019-11-10,2019111001004717,SJCL,16,37,"2,330",163.00,"379,790.00"
2019-11-10,2019111001004703,SJCL,11,37,30,163.00,"4,890.00"
2019-11-10,2019111001004816,SJCL,52,59,"1,000",161.00,"161,000.00"
2019-11-10,2019111001004815,SJCL,52,59,50,161.00,"8,050.00"
2019-11-10,2019111001004814,SJCL,22,59,160,161.00,"25,760.00"
2019-11-10,2019111001004813,SJCL,45,59,500,161.00,"80,500.00"
2019-11-10,2019111001004812,SJCL,14,59,500,162.00,"81,000.00"
2019-11-10,2019111001004811,SJCL,8,59,500,162.00,"81,000.00"
2019-11-10,2019111001004822,SJCL,59,59,50,161.00,"8,050.00"
2019-11-10,2019111001004821,SJCL,41,59,200,161.00,"32,200.00"
2019-11-10,2019111001004820,SJCL,48,59,200,161.00,"32,200.00"
2019-11-10,2019111001004819,SJCL,42,59,160,161.00,"25,760.00"
2019-11-10,2019111001004818,SJCL,22,59,100,161.00,"16,100.00"
2019-11-10,2019111001004817,SJCL,19,59,150,161.00,"24,150.00"
2019-11-10,2019111001004990,SJCL,35,6,10,164.00,"1,640.00"
2019-11-10,2019111001004950,SJCL,35,10,10,164.00,"1,640.00"
2019-11-10,2019111001004842,SJCL,59,42,20,161.00,"3,220.00"
2019-11-10,2019111001004825,SJCL,59,59,"2,890",161.00,"465,290.00"
2019-11-10,2019111001004824,SJCL,43,59,200,161.00,"32,200.00"
2019-11-10,2019111001004823,SJCL,51,59,300,161.00,"48,300.00"
2019-11-10,2019111001005106,SKBBL,55,45,30,940.00,"28,200.00"
2019-11-10,2019111001004998,SLBBL,6,35,92,581.00,"53,452.00"
2019-11-10,2019111001004997,SLBBL,6,33,102,581.00,"59,262.00"
2019-11-10,2019111001004996,SLBBL,6,22,100,580.00,"58,000.00"
2019-11-10,2019111001004995,SLBBL,6,56,31,580.00,"17,980.00"
2019-11-10,2019111001004854,SLBBL,6,33,198,580.00,"114,840.00"
2019-11-10,2019111001004791,SLBSL,42,42,10,715.00,"7,150.00"
2019-11-10,2019111001005135,SLICL,6,59,47,255.00,"11,985.00"
2019-11-10,2019111001005134,SLICL,18,59,53,255.00,"13,515.00"
2019-11-10,2019111001005124,SLICL,18,59,200,255.00,"51,000.00"
2019-11-10,2019111001005126,SMB,17,1,10,422.00,"4,220.00"
2019-11-10,2019111001005125,SMB,17,1,10,422.00,"4,220.00"
2019-11-10,2019111001004831,SMB,40,39,100,421.00,"42,100.00"
2019-11-10,2019111001004834,SMFBS,10,51,10,775.00,"7,750.00"
2019-11-10,2019111001004833,SMFBS,10,51,10,775.00,"7,750.00"
2019-11-10,2019111001004762,SMFBS,40,43,10,774.00,"7,740.00"
2019-11-10,2019111001005063,SRBL,6,50,77,207.00,"15,939.00"
2019-11-10,2019111001005062,SRBL,32,50,246,207.00,"50,922.00"
2019-11-10,2019111001005061,SRBL,17,50,100,207.00,"20,700.00"
2019-11-10,2019111001005006,SRBL,39,50,100,208.00,"20,800.00"
2019-11-10,2019111001005005,SRBL,39,50,200,208.00,"41,600.00"
2019-11-10,2019111001005004,SRBL,53,50,100,208.00,"20,800.00"
2019-11-10,2019111001005003,SRBL,34,50,100,208.00,"20,800.00"
2019-11-10,2019111001005002,SRBL,14,50,500,208.00,"104,000.00"
2019-11-10,2019111001004792,SRBL,49,50,25,210.00,"5,250.00"
2019-11-10,2019111001004772,SRBL,55,50,500,210.00,"105,000.00"
2019-11-10,2019111001004770,SRBL,49,50,45,210.00,"9,450.00"
2019-11-10,2019111001004769,SRBL,49,48,30,210.00,"6,300.00"
2019-11-10,2019111001004716,SWBBL,14,55,25,925.00,"23,125.00"
2019-11-10,2019111001004882,TRH,45,36,350,271.00,"94,850.00"
2019-11-10,2019111001004881,TRH,43,36,50,271.00,"13,550.00"
2019-11-10,2019111001004880,TRH,32,36,300,272.00,"81,600.00"
2019-11-10,2019111001004879,TRH,34,36,100,272.00,"27,200.00"
2019-11-10,2019111001004878,TRH,20,36,100,273.00,"27,300.00"
2019-11-10,2019111001004877,TRH,43,36,100,273.00,"27,300.00"
2019-11-10,2019111001004846,TRH,56,5,50,274.00,"13,700.00"
2019-11-10,2019111001004845,TRH,57,5,100,275.00,"27,500.00"
2019-11-10,2019111001004909,UIC,6,41,46,238.00,"10,948.00"
2019-11-10,2019111001004856,UIC,6,41,100,238.00,"23,800.00"
2019-11-10,2019111001004685,UMHL,47,34,10,102.00,"1,020.00"
2019-11-10,2019111001004898,UPCL,47,39,140,71.00,"9,940.00"
2019-11-10,2019111001004897,UPCL,6,39,160,71.00,"11,360.00"
2019-11-10,2019111001005115,UPPER,45,11,452,231.00,"104,412.00"
2019-11-10,2019111001005114,UPPER,59,11,200,231.00,"46,200.00"
2019-11-10,2019111001005113,UPPER,11,11,348,231.00,"80,388.00"
2019-11-10,2019111001005043,UPPER,11,11,652,231.00,"150,612.00"
2019-11-10,2019111001005042,UPPER,56,11,200,231.00,"46,200.00"
2019-11-10,2019111001005041,UPPER,52,11,100,231.00,"23,100.00"
2019-11-10,2019111001004855,UPPER,11,11,48,232.00,"11,136.00"
2019-11-10,2019111001004574,ADBL,14,47,100,417.00,"41,700.00"
2019-11-10,2019111001004441,ADBL,14,17,300,417.00,"125,100.00"
2019-11-10,2019111001004409,ADBL,14,5,200,417.00,"83,400.00"
2019-11-10,2019111001004408,ADBL,14,5,300,417.00,"125,100.00"
2019-11-10,2019111001004308,ADBL,39,14,200,416.00,"83,200.00"
2019-11-10,2019111001004279,ADBL,39,49,"1,476",416.00,"614,016.00"
2019-11-10,2019111001004240,AHPC,28,21,40,93.00,"3,720.00"
2019-11-10,2019111001004231,AHPC,48,44,50,94.00,"4,700.00"
2019-11-10,2019111001004538,AKBSL,14,22,100,410.00,"41,000.00"
2019-11-10,2019111001004405,AKBSL,22,49,10,407.00,"4,070.00"
2019-11-10,2019111001004541,AKJCL,7,29,10,53.00,530.00
2019-11-10,2019111001004245,AKPL,41,38,146,125.00,"18,250.00"
2019-11-10,2019111001004514,ALBSL,52,37,10,383.00,"3,830.00"
2019-11-10,2019111001004547,ALICL,46,46,157,314.00,"49,298.00"
2019-11-10,2019111001004546,ALICL,46,7,43,314.00,"13,502.00"
2019-11-10,2019111001004526,ALICL,58,52,400,312.00,"124,800.00"
2019-11-10,2019111001004525,ALICL,5,52,50,312.00,"15,600.00"
2019-11-10,2019111001004452,ALICL,58,49,100,313.00,"31,300.00"
2019-11-10,2019111001004248,API,7,21,50,105.00,"5,250.00"
2019-11-10,2019111001004587,BOKL,42,49,26,224.00,"5,824.00"
2019-11-10,2019111001004586,BOKL,8,49,600,224.00,"134,400.00"
2019-11-10,2019111001004186,BOKL,8,28,400,224.00,"89,600.00"
2019-11-10,2019111001004185,BOKL,13,28,100,224.00,"22,400.00"
2019-11-10,2019111001004639,BPCL,59,49,22,357.00,"7,854.00"
2019-11-10,2019111001004568,BPCL,22,43,22,356.00,"7,832.00"
2019-11-10,2019111001004507,BPCL,56,6,100,357.00,"35,700.00"
2019-11-10,2019111001004506,BPCL,59,6,150,357.00,"53,550.00"
2019-11-10,2019111001004505,BPCL,13,6,700,357.00,"249,900.00"
2019-11-10,2019111001004211,BPCL,50,6,56,360.00,"20,160.00"
2019-11-10,2019111001004164,BPCL,50,49,22,360.00,"7,920.00"
2019-11-10,2019111001004437,BPCL,43,49,11,359.00,"3,949.00"
2019-11-10,2019111001004214,BPCL,34,6,"1,000",359.00,"359,000.00"
2019-11-10,2019111001004213,BPCL,13,6,100,359.00,"35,900.00"
2019-11-10,2019111001004212,BPCL,29,6,10,360.00,"3,600.00"
2019-11-10,2019111001004504,BPCL,34,6,50,358.00,"17,900.00"
2019-11-10,2019111001004503,BPCL,59,6,150,358.00,"53,700.00"
2019-11-10,2019111001004474,BPCL,35,51,20,359.00,"7,180.00"
2019-11-10,2019111001004473,BPCL,17,51,100,359.00,"35,900.00"
2019-11-10,2019111001004472,BPCL,17,51,189,359.00,"67,851.00"
2019-11-10,2019111001004438,BPCL,17,49,11,359.00,"3,949.00"
2019-11-10,2019111001004617,CBBL,14,55,70,973.00,"68,110.00"
2019-11-10,2019111001004616,CBBL,14,58,30,973.00,"29,190.00"
2019-11-10,2019111001004495,CBL,29,28,25,140.00,"3,500.00"
2019-11-10,2019111001004483,CBL,44,29,26,139.00,"3,614.00"
2019-11-10,2019111001004655,CCBL,44,49,100,154.00,"15,400.00"
2019-11-10,2019111001004366,CCBL,26,37,500,154.00,"77,000.00"
2019-11-10,2019111001004365,CCBL,57,37,500,154.00,"77,000.00"
2019-11-10,2019111001004364,CCBL,6,37,180,154.00,"27,720.00"
2019-11-10,2019111001004319,CCBL,6,57,25,154.00,"3,850.00"
2019-11-10,2019111001004255,CCBL,6,43,160,154.00,"24,640.00"
2019-11-10,2019111001004254,CCBL,16,43,320,154.00,"49,280.00"
2019-11-10,2019111001004253,CCBL,42,43,20,155.00,"3,100.00"
2019-11-10,2019111001004345,CEFL,21,6,10,102.00,"1,020.00"
2019-11-10,2019111001004315,CEFL,25,21,40,100.00,"4,000.00"
2019-11-10,2019111001004210,CEFL,25,45,17,100.00,"1,700.00"
2019-11-10,2019111001004209,CEFL,4,45,100,100.00,"10,000.00"
2019-11-10,2019111001004208,CEFL,39,45,283,101.00,"28,583.00"
2019-11-10,2019111001004311,CHCL,6,56,105,444.00,"46,620.00"
2019-11-10,2019111001004297,CHCL,6,28,650,447.00,"290,550.00"
2019-11-10,2019111001004296,CHCL,6,22,300,446.00,"133,800.00"
2019-11-10,2019111001004295,CHCL,6,21,100,445.00,"44,500.00"
2019-11-10,2019111001004294,CHCL,6,42,45,445.00,"20,025.00"
2019-11-10,2019111001004276,CHCL,47,43,51,443.00,"22,593.00"
2019-11-10,2019111001004227,CHCL,6,56,900,444.00,"399,600.00"
2019-11-10,2019111001004196,CHCL,6,22,80,444.00,"35,520.00"
2019-11-10,2019111001004195,CHCL,6,44,20,444.00,"8,880.00"
2019-11-10,2019111001004622,CIT,49,11,10,"1,760.00","17,600.00"
2019-11-10,2019111001004652,CZBIL,34,16,"1,025",190.00,"194,750.00"
2019-11-10,2019111001004651,CZBIL,26,16,200,190.00,"38,000.00"
2019-11-10,2019111001004650,CZBIL,34,16,275,190.00,"52,250.00"
2019-11-10,2019111001004471,CZBIL,34,37,10,190.00,"1,900.00"
2019-11-10,2019111001004283,CZBIL,34,37,10,190.00,"1,900.00"
2019-11-10,2019111001004558,DBBL,32,51,121,122.00,"14,762.00"
2019-11-10,2019111001004251,DBBL,34,29,200,123.00,"24,600.00"
2019-11-10,2019111001004250,DBBL,34,47,470,123.00,"57,810.00"
2019-11-10,2019111001004613,DDBL,6,49,50,737.00,"36,850.00"
2019-11-10,2019111001004475,DDBL,6,43,100,737.00,"73,700.00"
2019-11-10,2019111001004334,EBL,48,28,20,553.00,"11,060.00"
2019-11-10,2019111001004174,EBL,45,28,10,553.00,"5,530.00"
2019-11-10,2019111001004585,EIC,42,21,30,218.00,"6,540.00"
2019-11-10,2019111001004358,EIC,40,21,100,218.00,"21,800.00"
2019-11-10,2019111001004284,EIC,32,21,170,218.00,"37,060.00"
2019-11-10,2019111001004543,FMDBL,45,51,44,307.00,"13,508.00"
2019-11-10,2019111001004542,FMDBL,59,51,150,307.00,"46,050.00"
2019-11-10,2019111001004464,FMDBL,59,53,100,307.00,"30,700.00"
2019-11-10,2019111001004604,FOWAD,6,52,70,"1,325.00","92,750.00"
2019-11-10,2019111001004559,GBBL,49,4,16,221.00,"3,536.00"
2019-11-10,2019111001004305,GBBL,4,4,500,221.00,"110,500.00"
2019-11-10,2019111001004304,GBBL,4,4,"1,000",221.00,"221,000.00"
2019-11-10,2019111001004404,GBLBS,17,57,15,307.00,"4,605.00"
2019-11-10,2019111001004598,GILB,1,7,40,872.00,"34,880.00"
2019-11-10,2019111001004580,GILB,1,7,50,872.00,"43,600.00"
2019-11-10,2019111001004570,GILB,45,57,35,879.00,"30,765.00"
2019-11-10,2019111001004487,GILB,48,57,20,879.00,"17,580.00"
2019-11-10,2019111001004486,GILB,48,43,50,878.00,"43,900.00"
2019-11-10,2019111001004463,GILB,45,52,72,875.00,"63,000.00"
2019-11-10,2019111001004165,GILB,5,17,100,870.00,"87,000.00"
2019-11-10,2019111001004321,GILB,22,17,70,869.00,"60,830.00"
2019-11-10,2019111001004320,GILB,11,17,35,870.00,"30,450.00"
2019-11-10,2019111001004235,GILB,22,43,50,869.00,"43,450.00"
2019-11-10,2019111001004457,GILB,45,19,50,875.00,"43,750.00"
2019-11-10,2019111001004456,GILB,45,17,22,874.00,"19,228.00"
2019-11-10,2019111001004455,GILB,45,17,22,874.00,"19,228.00"
2019-11-10,2019111001004450,GILB,45,29,43,873.00,"37,539.00"
2019-11-10,2019111001004449,GILB,45,29,20,874.00,"17,480.00"
2019-11-10,2019111001004407,GILB,14,17,80,870.00,"69,600.00"
2019-11-10,2019111001004431,GLBSL,19,39,10,430.00,"4,300.00"
2019-11-10,2019111001004430,GLBSL,19,39,10,430.00,"4,300.00"
2019-11-10,2019111001004307,GLBSL,19,37,10,430.00,"4,300.00"
2019-11-10,2019111001004301,GLBSL,19,7,100,431.00,"43,100.00"
2019-11-10,2019111001004300,GLBSL,19,6,10,431.00,"4,310.00"
2019-11-10,2019111001004291,GLBSL,19,7,100,430.00,"43,000.00"
2019-11-10,2019111001004258,GLBSL,19,41,10,425.00,"4,250.00"
2019-11-10,2019111001004162,GLICL,28,14,67,358.00,"23,986.00"
2019-11-10,2019111001004169,GMFBS,33,13,10,450.00,"4,500.00"
2019-11-10,2019111001004499,HBL,50,5,120,480.00,"57,600.00"
2019-11-10,2019111001004371,HDL,11,32,100,"1,501.00","150,100.00"
2019-11-10,2019111001004370,HDL,58,32,100,"1,502.00","150,200.00"
2019-11-10,2019111001004181,HDL,58,35,"1,200","1,503.00","1,803,600.00"
2019-11-10,2019111001004180,HDL,50,35,100,"1,504.00","150,400.00"
2019-11-10,2019111001004167,HPPL,51,49,10,136.00,"1,360.00"
2019-11-10,2019111001004232,HURJA,41,39,15,103.00,"1,545.00"
2019-11-10,2019111001004372,ICFC,19,13,91,158.00,"14,378.00"
2019-11-10,2019111001004637,ILBS,22,45,10,445.00,"4,450.00"
2019-11-10,2019111001004634,ILBS,22,42,10,445.00,"4,450.00"
2019-11-10,2019111001004632,ILBS,22,41,80,445.00,"35,600.00"
2019-11-10,2019111001004631,ILBS,1,41,100,445.00,"44,500.00"
2019-11-10,2019111001004630,ILBS,1,41,20,445.00,"8,900.00"
2019-11-10,2019111001004606,ILBS,1,25,10,445.00,"4,450.00"
2019-11-10,2019111001004597,ILBS,1,25,10,445.00,"4,450.00"
2019-11-10,2019111001004589,ILBS,1,25,10,445.00,"4,450.00"
2019-11-10,2019111001004480,ILBS,1,37,10,445.00,"4,450.00"
2019-11-10,2019111001004306,ILBS,1,37,10,445.00,"4,450.00"
2019-11-10,2019111001004461,JBBL,29,29,15,157.00,"2,355.00"
2019-11-10,2019111001004201,JBBL,40,47,100,157.00,"15,700.00"
2019-11-10,2019111001004200,JBBL,40,17,22,156.00,"3,432.00"
2019-11-10,2019111001004202,JFL,17,16,100,193.00,"19,300.00"
2019-11-10,2019111001004376,JFL,17,1,500,195.00,"97,500.00"
2019-11-10,2019111001004375,JFL,17,21,100,194.00,"19,400.00"
2019-11-10,2019111001004374,JFL,17,40,143,194.00,"27,742.00"
2019-11-10,2019111001004485,KADBL,42,45,100,168.00,"16,800.00"
2019-11-10,2019111001004553,KBL,34,49,32,179.00,"5,728.00"
2019-11-10,2019111001004400,KBL,43,10,663,178.00,"118,014.00"
2019-11-10,2019111001004399,KBL,6,10,740,179.00,"132,460.00"
2019-11-10,2019111001004360,KBL,6,45,960,179.00,"171,840.00"
2019-11-10,2019111001004359,KBL,40,45,300,179.00,"53,700.00"
2019-11-10,2019111001004166,LBBL,42,28,391,171.00,"66,861.00"
2019-11-10,2019111001004160,LBBL,33,28,300,171.00,"51,300.00"
2019-11-10,2019111001004615,LBL,21,43,10,220.00,"2,200.00"
2019-11-10,2019111001004562,LBL,21,40,100,220.00,"22,000.00"
2019-11-10,2019111001004252,LBL,25,44,770,219.00,"168,630.00"
2019-11-10,2019111001004170,LBL,29,29,1,215.00,215.00
2019-11-10,2019111001004516,LGIL,21,54,100,318.00,"31,800.00"
2019-11-10,2019111001004277,LGIL,46,54,25,318.00,"7,950.00"
2019-11-10,2019111001004243,LGIL,46,54,50,318.00,"15,900.00"
2019-11-10,2019111001004242,LGIL,46,57,125,317.00,"39,625.00"
2019-11-10,2019111001004563,MBL,33,49,471,225.00,"105,975.00"
2019-11-10,2019111001004522,MBL,33,35,"14,754",225.00,"3,319,650.00"
2019-11-10,2019111001004521,MBL,42,35,20,225.00,"4,500.00"
2019-11-10,2019111001004520,MBL,39,35,"1,790",225.00,"402,750.00"
2019-11-10,2019111001004519,MBL,34,35,"1,000",225.00,"225,000.00"
2019-11-10,2019111001004518,MBL,34,35,"2,436",225.00,"548,100.00"
2019-11-10,2019111001004189,MEGA,14,42,771,186.00,"143,406.00"
2019-11-10,2019111001004191,MEGA,14,35,500,186.00,"93,000.00"
2019-11-10,2019111001004190,MEGA,14,53,"1,000",186.00,"186,000.00"
2019-11-10,2019111001004460,MEGA,6,36,100,186.00,"18,600.00"
2019-11-10,2019111001004517,MEGA,6,51,210,186.00,"39,060.00"
2019-11-10,2019111001004575,MERO,47,34,50,438.00,"21,900.00"
2019-11-10,2019111001004497,MERO,21,34,20,438.00,"8,760.00"
2019-11-10,2019111001004448,MERO,40,49,100,437.00,"43,700.00"
2019-11-10,2019111001004445,MFIL,49,26,250,125.00,"31,250.00"
2019-11-10,2019111001004273,MFIL,49,21,50,125.00,"6,250.00"
2019-11-10,2019111001004478,MLBBL,48,47,28,423.00,"11,844.00"
2019-11-10,2019111001004261,MLBBL,22,22,130,415.00,"53,950.00"
2019-11-10,2019111001004260,MLBBL,49,22,50,417.00,"20,850.00"
2019-11-10,2019111001004259,MLBBL,48,22,170,418.00,"71,060.00"
2019-11-10,2019111001004233,MLBL,47,55,70,180.00,"12,600.00"
2019-11-10,2019111001004645,MNBBL,6,49,88,318.00,"27,984.00"
2019-11-10,2019111001004614,MNBBL,6,41,100,318.00,"31,800.00"
2019-11-10,2019111001004278,MNBBLP,58,42,"11,254",181.00,"2,036,974.00"
2019-11-10,2019111001004590,NABIL,29,58,100,755.00,"75,500.00"
2019-11-10,2019111001004572,NBB,25,49,"1,000",205.00,"205,000.00"
2019-11-10,2019111001004206,NBB,25,21,100,205.00,"20,500.00"
2019-11-10,2019111001004571,NBL,11,28,50,305.00,"15,250.00"
2019-11-10,2019111001004444,NBL,14,28,852,305.00,"259,860.00"
2019-11-10,2019111001004396,NBL,14,19,148,305.00,"45,140.00"
2019-11-10,2019111001004395,NBL,17,19,100,305.00,"30,500.00"
2019-11-10,2019111001004367,NBL,44,52,100,305.00,"30,500.00"
2019-11-10,2019111001004362,NBL,44,45,200,305.00,"61,000.00"
2019-11-10,2019111001004361,NBL,43,45,300,305.00,"91,500.00"
2019-11-10,2019111001004303,NBL,43,16,200,305.00,"61,000.00"
2019-11-10,2019111001004302,NBL,44,16,300,305.00,"91,500.00"
2019-11-10,2019111001004228,NBL,49,38,25,306.00,"7,650.00"
2019-11-10,2019111001004188,NBL,44,34,100,305.00,"30,500.00"
2019-11-10,2019111001004605,NCCB,4,54,13,205.00,"2,665.00"
2019-11-10,2019111001004459,NCCB,54,57,23,204.00,"4,692.00"
2019-11-10,2019111001004413,NCCB,4,54,997,205.00,"204,385.00"
2019-11-10,2019111001004412,NCCB,58,54,503,205.00,"103,115.00"
2019-11-10,2019111001004316,NCCB,58,21,50,205.00,"10,250.00"
2019-11-10,2019111001004286,NCCB,58,49,100,205.00,"20,500.00"
2019-11-10,2019111001004234,NCCB,58,11,"1,000",205.00,"205,000.00"
2019-11-10,2019111001004217,NCCB,58,47,100,205.00,"20,500.00"
2019-11-10,2019111001004216,NCCB,58,11,447,205.00,"91,635.00"
2019-11-10,2019111001004453,NGPL,55,29,21,98.00,"2,058.00"
2019-11-10,2019111001004649,NIB,52,25,58,442.00,"25,636.00"
2019-11-10,2019111001004470,NIB,25,36,30,441.00,"13,230.00"
2019-11-10,2019111001004172,NIB,25,49,44,441.00,"19,404.00"
2019-11-10,2019111001004436,NIBPO,14,44,231,410.00,"94,710.00"
2019-11-10,2019111001004398,NIBPO,14,44,200,410.00,"82,000.00"
2019-11-10,2019111001004219,NIBPO,45,52,250,410.00,"102,500.00"
2019-11-10,2019111001004476,NICA,20,49,20,400.00,"8,000.00"
2019-11-10,2019111001004338,NICA,42,49,20,400.00,"8,000.00"
2019-11-10,2019111001004337,NICA,39,49,100,400.00,"40,000.00"
2019-11-10,2019111001004336,NICA,21,49,100,400.00,"40,000.00"
2019-11-10,2019111001004335,NICA,33,49,"1,374",400.00,"549,600.00"
2019-11-10,2019111001004332,NICA,33,28,345,400.00,"138,000.00"
2019-11-10,2019111001004331,NICA,21,28,155,400.00,"62,000.00"
2019-11-10,2019111001004540,NIL,34,1,161,378.00,"60,858.00"
2019-11-10,2019111001004594,NLBBL,37,37,100,500.00,"50,000.00"
2019-11-10,2019111001004593,NLBBL,7,37,50,500.00,"25,000.00"
2019-11-10,2019111001004592,NLBBL,17,37,100,501.00,"50,100.00"
2019-11-10,2019111001004386,NLBBL,5,37,50,502.00,"25,100.00"
2019-11-10,2019111001004385,NLBBL,11,37,200,502.00,"100,400.00"
2019-11-10,2019111001004384,NLBBL,55,37,40,502.00,"20,080.00"
2019-11-10,2019111001004383,NLBBL,52,37,30,503.00,"15,090.00"
2019-11-10,2019111001004382,NLBBL,17,37,100,503.00,"50,300.00"
2019-11-10,2019111001004381,NLBBL,50,37,100,503.00,"50,300.00"
2019-11-10,2019111001004638,NLG,58,6,611,532.00,"325,052.00"
2019-11-10,2019111001004205,NLG,7,49,15,532.00,"7,980.00"
2019-11-10,2019111001004312,NLG,37,45,100,532.00,"53,200.00"
2019-11-10,2019111001004226,NLG,26,45,300,531.00,"159,300.00"
2019-11-10,2019111001004654,NLIC,39,45,22,781.00,"17,182.00"
2019-11-10,2019111001004620,NLIC,39,19,20,781.00,"15,620.00"
2019-11-10,2019111001004619,NLIC,51,19,10,782.00,"7,820.00"
2019-11-10,2019111001004442,NLIC,51,57,22,782.00,"17,204.00"
2019-11-10,2019111001004178,NLIC,51,49,22,782.00,"17,204.00"
2019-11-10,2019111001004292,NLICL,52,48,42,424.00,"17,808.00"
2019-11-10,2019111001004274,NLICL,52,48,66,424.00,"27,984.00"
2019-11-10,2019111001004643,NMB,48,59,200,358.00,"71,600.00"
2019-11-10,2019111001004642,NMB,48,22,364,358.00,"130,312.00"
2019-11-10,2019111001004641,NMB,48,28,732,358.00,"262,056.00"
2019-11-10,2019111001004588,NMB,19,28,15,358.00,"5,370.00"
2019-11-10,2019111001004581,NMB,39,28,200,358.00,"71,600.00"
2019-11-10,2019111001004567,NMB,34,28,53,358.00,"18,974.00"
2019-11-10,2019111001004230,NMB,4,25,"1,000",359.00,"359,000.00"
2019-11-10,2019111001004158,NMB,22,44,32,358.00,"11,456.00"
2019-11-10,2019111001004157,NMB,33,44,"1,248",358.00,"446,784.00"
2019-11-10,2019111001004333,NMB,53,59,400,358.00,"143,200.00"
2019-11-10,2019111001004263,NMB,53,43,115,358.00,"41,170.00"
2019-11-10,2019111001004247,NMB,4,5,500,359.00,"179,500.00"
2019-11-10,2019111001004246,NMB,4,25,"1,500",359.00,"538,500.00"
2019-11-10,2019111001004239,NMB,1,28,80,358.00,"28,640.00"
2019-11-10,2019111001004238,NMB,22,28,68,358.00,"24,344.00"
2019-11-10,2019111001004356,NMB,32,59,500,358.00,"179,000.00"
2019-11-10,2019111001004355,NMB,8,59,500,358.00,"179,000.00"
2019-11-10,2019111001004354,NMB,55,59,500,358.00,"179,000.00"
2019-11-10,2019111001004353,NMB,14,59,300,358.00,"107,400.00"
2019-11-10,2019111001004352,NMB,4,59,"1,000",358.00,"358,000.00"
2019-11-10,2019111001004351,NMB,53,59,335,358.00,"119,930.00"
2019-11-10,2019111001004467,NMB,25,44,250,358.00,"89,500.00"
2019-11-10,2019111001004466,NMB,51,44,35,358.00,"12,530.00"
2019-11-10,2019111001004458,NMB,20,28,30,359.00,"10,770.00"
2019-11-10,2019111001004391,NMB,53,28,500,359.00,"179,500.00"
2019-11-10,2019111001004373,NMB,42,28,150,359.00,"53,850.00"
2019-11-10,2019111001004357,NMB,51,59,465,358.00,"166,470.00"
2019-11-10,2019111001004513,NMB,19,49,"1,000",358.00,"358,000.00"
2019-11-10,2019111001004512,NMB,50,49,"1,000",358.00,"358,000.00"
2019-11-10,2019111001004511,NMB,35,49,100,358.00,"35,800.00"
2019-11-10,2019111001004510,NMB,28,49,100,358.00,"35,800.00"
2019-11-10,2019111001004509,NMB,33,49,633,358.00,"226,614.00"
2019-11-10,2019111001004468,NMB,33,44,367,358.00,"131,386.00"
2019-11-10,2019111001004565,NMB,34,49,47,358.00,"16,826.00"
2019-11-10,2019111001004557,NMB,32,59,271,357.00,"96,747.00"
2019-11-10,2019111001004556,NMB,57,59,100,357.00,"35,700.00"
2019-11-10,2019111001004555,NMB,13,59,20,357.00,"7,140.00"
2019-11-10,2019111001004554,NMB,33,59,"1,409",357.00,"503,013.00"
2019-11-10,2019111001004524,NMB,25,49,120,358.00,"42,960.00"
2019-11-10,2019111001004389,NMBHF1,49,50,500,8.55,"4,275.00"
2019-11-10,2019111001004551,NMBMF,28,14,100,488.00,"48,800.00"
2019-11-10,2019111001004550,NMBMF,14,14,100,489.00,"48,900.00"
2019-11-10,2019111001004482,NMFBS,36,6,15,"1,700.00","25,500.00"
2019-11-10,2019111001004481,NMFBS,36,45,14,"1,699.00","23,786.00"
2019-11-10,2019111001004608,NTC,50,34,52,612.00,"31,824.00"
2019-11-10,2019111001004595,NTC,49,34,100,612.00,"61,200.00"
2019-11-10,2019111001004584,NTC,19,34,50,612.00,"30,600.00"
2019-11-10,2019111001004537,NTC,35,34,500,612.00,"306,000.00"
2019-11-10,2019111001004536,NTC,49,34,300,612.00,"183,600.00"
2019-11-10,2019111001004529,NTC,34,34,50,616.00,"30,800.00"
2019-11-10,2019111001004528,NTC,38,34,10,616.00,"6,160.00"
2019-11-10,2019111001004527,NTC,49,34,10,620.00,"6,200.00"
2019-11-10,2019111001004193,NTC,49,29,90,620.00,"55,800.00"
2019-11-10,2019111001004535,NTC,10,34,40,615.00,"24,600.00"
2019-11-10,2019111001004534,NTC,6,34,100,615.00,"61,500.00"
2019-11-10,2019111001004533,NTC,32,34,50,615.00,"30,750.00"
2019-11-10,2019111001004532,NTC,5,34,20,615.00,"12,300.00"
2019-11-10,2019111001004531,NTC,10,34,60,615.00,"36,900.00"
2019-11-10,2019111001004530,NTC,58,34,53,615.00,"32,595.00"
2019-11-10,2019111001004636,OHL,56,28,800,444.00,"355,200.00"
2019-11-10,2019111001004343,OHL,5,50,100,445.00,"44,500.00"
2019-11-10,2019111001004342,OHL,34,50,50,445.00,"22,250.00"
2019-11-10,2019111001004341,OHL,47,50,100,445.00,"44,500.00"
2019-11-10,2019111001004564,OHL,56,45,42,444.00,"18,648.00"
2019-11-10,2019111001004561,OHL,56,43,100,444.00,"44,400.00"
2019-11-10,2019111001004573,PCBL,43,44,"1,000",263.00,"263,000.00"
2019-11-10,2019111001004403,PCBL,26,46,100,262.00,"26,200.00"
2019-11-10,2019111001004314,PCBL,22,44,100,263.00,"26,300.00"
2019-11-10,2019111001004171,PCBL,43,44,179,263.00,"47,077.00"
2019-11-10,2019111001004515,PFL,7,8,26,133.00,"3,458.00"
2019-11-10,2019111001004629,PIC,45,44,54,361.00,"19,494.00"
2019-11-10,2019111001004462,PIC,45,49,20,361.00,"7,220.00"
2019-11-10,2019111001004175,PIC,45,49,26,361.00,"9,386.00"
2019-11-10,2019111001004187,PICL,16,16,100,420.00,"42,000.00"
2019-11-10,2019111001004602,PPCL,39,43,20,94.00,"1,880.00"
2019-11-10,2019111001004601,PPCL,45,43,10,95.00,950.00
2019-11-10,2019111001004600,PPCL,45,43,10,96.00,960.00
2019-11-10,2019111001004257,PRIN,45,32,50,316.00,"15,800.00"
2019-11-10,2019111001004224,PRIN,45,34,218,316.00,"68,888.00"
2019-11-10,2019111001004223,PRIN,45,32,982,316.00,"310,312.00"
2019-11-10,2019111001004222,PRIN,45,21,500,316.00,"158,000.00"
2019-11-10,2019111001004221,PRIN,45,16,200,315.00,"63,000.00"
2019-11-10,2019111001004220,PRIN,45,42,50,315.00,"15,750.00"
2019-11-10,2019111001004648,PRVU,52,50,500,263.00,"131,500.00"
2019-11-10,2019111001004628,PRVU,52,34,15,263.00,"3,945.00"
2019-11-10,2019111001004627,PRVU,49,34,170,263.00,"44,710.00"
2019-11-10,2019111001004626,PRVU,28,34,100,263.00,"26,300.00"
2019-11-10,2019111001004625,PRVU,19,34,200,263.00,"52,600.00"
2019-11-10,2019111001004256,PRVU,21,34,20,264.00,"5,280.00"
2019-11-10,2019111001004236,PRVU,11,34,500,264.00,"132,000.00"
2019-11-10,2019111001004173,PRVU,11,34,20,264.00,"5,280.00"
2019-11-10,2019111001004168,PRVU,3,34,"1,000",264.00,"264,000.00"
2019-11-10,2019111001004387,PRVU,22,29,46,263.00,"12,098.00"
2019-11-10,2019111001004363,PRVU,21,34,200,264.00,"52,800.00"
2019-11-10,2019111001004262,PRVU,22,58,200,263.00,"52,600.00"
2019-11-10,2019111001004418,PRVU,52,34,"1,000",263.00,"263,000.00"
2019-11-10,2019111001004417,PRVU,8,34,"1,000",263.00,"263,000.00"
2019-11-10,2019111001004416,PRVU,50,34,"1,000",263.00,"263,000.00"
2019-11-10,2019111001004415,PRVU,25,34,100,263.00,"26,300.00"
2019-11-10,2019111001004414,PRVU,22,34,230,263.00,"60,490.00"
2019-11-10,2019111001004397,PRVU,29,34,46,264.00,"12,144.00"
2019-11-10,2019111001004424,PRVU,53,34,120,263.00,"31,560.00"
2019-11-10,2019111001004423,PRVU,19,34,100,263.00,"26,300.00"
2019-11-10,2019111001004422,PRVU,39,34,100,263.00,"26,300.00"
2019-11-10,2019111001004421,PRVU,39,34,50,263.00,"13,150.00"
2019-11-10,2019111001004420,PRVU,51,34,300,263.00,"78,900.00"
2019-11-10,2019111001004419,PRVU,39,34,100,263.00,"26,300.00"
2019-11-10,2019111001004434,PRVU,13,34,100,263.00,"26,300.00"
2019-11-10,2019111001004429,PRVU,44,34,100,263.00,"26,300.00"
2019-11-10,2019111001004428,PRVU,34,34,20,263.00,"5,260.00"
2019-11-10,2019111001004427,PRVU,34,34,"3,000",263.00,"789,000.00"
2019-11-10,2019111001004426,PRVU,57,34,50,263.00,"13,150.00"
2019-11-10,2019111001004425,PRVU,14,34,60,263.00,"15,780.00"
2019-11-10,2019111001004624,PRVU,48,34,500,263.00,"131,500.00"
2019-11-10,2019111001004623,PRVU,49,34,15,263.00,"3,945.00"
2019-11-10,2019111001004491,PRVU,36,34,200,264.00,"52,800.00"
2019-11-10,2019111001004446,PRVU,38,34,570,263.00,"149,910.00"
2019-11-10,2019111001004454,RADHI,42,36,12,133.00,"1,596.00"
2019-11-10,2019111001004610,RHPC,37,43,19,71.00,"1,349.00"
2019-11-10,2019111001004298,RHPC,43,21,50,71.00,"3,550.00"
2019-11-10,2019111001004182,RHPC,43,48,50,72.00,"3,600.00"
2019-11-10,2019111001004644,RHPL,39,37,40,170.00,"6,800.00"
2019-11-10,2019111001004640,RHPL,59,22,40,169.00,"6,760.00"
2019-11-10,2019111001004621,RHPL,59,45,20,169.00,"3,380.00"
2019-11-10,2019111001004612,RHPL,59,45,20,169.00,"3,380.00"
2019-11-10,2019111001004607,RHPL,59,22,40,169.00,"6,760.00"
2019-11-10,2019111001004596,RHPL,59,45,20,169.00,"3,380.00"
2019-11-10,2019111001004576,RHPL,59,22,40,169.00,"6,760.00"
2019-11-10,2019111001004490,RHPL,59,43,40,169.00,"6,760.00"
2019-11-10,2019111001004484,RHPL,59,49,40,169.00,"6,760.00"
2019-11-10,2019111001004469,RHPL,59,52,90,169.00,"15,210.00"
2019-11-10,2019111001004184,RHPL,59,49,10,169.00,"1,690.00"
2019-11-10,2019111001004183,RHPL,53,49,30,169.00,"5,070.00"
2019-11-10,2019111001004435,RLFL,26,26,500,109.00,"54,500.00"
2019-11-10,2019111001004280,RLFL,1,21,50,108.00,"5,400.00"
2019-11-10,2019111001004378,RMDC,6,34,19,608.00,"11,552.00"
2019-11-10,2019111001004377,RMDC,47,34,20,609.00,"12,180.00"
2019-11-10,2019111001004192,RRHP,47,49,10,99.00,990.00
2019-11-10,2019111001004199,RSDC,33,14,172,320.00,"55,040.00"
2019-11-10,2019111001004198,RSDC,6,14,20,322.00,"6,440.00"
2019-11-10,2019111001004197,RSDC,44,14,10,322.00,"3,220.00"
2019-11-10,2019111001004539,SABSL,26,37,10,455.00,"4,550.00"
2019-11-10,2019111001004318,SABSL,26,37,10,455.00,"4,550.00"
2019-11-10,2019111001004241,SABSL,26,40,10,455.00,"4,550.00"
2019-11-10,2019111001004237,SABSL,26,40,10,455.00,"4,550.00"
2019-11-10,2019111001004229,SABSL,1,40,10,456.00,"4,560.00"
2019-11-10,2019111001004218,SABSL,1,40,10,456.00,"4,560.00"
2019-11-10,2019111001004203,SABSL,1,49,10,456.00,"4,560.00"
2019-11-10,2019111001004194,SABSL,1,40,10,456.00,"4,560.00"
2019-11-10,2019111001004177,SABSL,1,40,10,456.00,"4,560.00"
2019-11-10,2019111001004566,SADBL,42,18,100,139.00,"13,900.00"
2019-11-10,2019111001004393,SANIMA,38,46,12,305.00,"3,660.00"
2019-11-10,2019111001004392,SANIMA,45,46,38,305.00,"11,590.00"
2019-11-10,2019111001004369,SANIMA,14,29,654,306.00,"200,124.00"
2019-11-10,2019111001004309,SANIMA,14,29,46,306.00,"14,076.00"
2019-11-10,2019111001004545,SBI,6,11,95,405.00,"38,475.00"
2019-11-10,2019111001004609,SBL,33,11,100,289.00,"28,900.00"
2019-11-10,2019111001004489,SBL,33,58,949,289.00,"274,261.00"
2019-11-10,2019111001004179,SBL,58,49,327,290.00,"94,830.00"
2019-11-10,2019111001004447,SCB,34,57,20,555.00,"11,100.00"
2019-11-10,2019111001004406,SCB,48,55,11,556.00,"6,116.00"
2019-11-10,2019111001004330,SCB,34,19,60,555.00,"33,300.00"
2019-11-10,2019111001004329,SCB,42,19,10,555.00,"5,550.00"
2019-11-10,2019111001004328,SCB,44,19,300,555.00,"166,500.00"
2019-11-10,2019111001004327,SCB,35,19,20,555.00,"11,100.00"
2019-11-10,2019111001004326,SCB,38,19,41,555.00,"22,755.00"
2019-11-10,2019111001004325,SCB,58,19,10,555.00,"5,550.00"
2019-11-10,2019111001004324,SCB,47,19,10,555.00,"5,550.00"
2019-11-10,2019111001004323,SCB,19,19,250,555.00,"138,750.00"
2019-11-10,2019111001004204,SCB,19,49,20,555.00,"11,100.00"
2019-11-10,2019111001004380,SDESI,37,57,167,638.00,"106,546.00"
2019-11-10,2019111001004379,SDESI,1,57,100,638.00,"63,800.00"
2019-11-10,2019111001004346,SDESI,16,57,50,640.00,"32,000.00"
2019-11-10,2019111001004299,SDESI,16,45,30,640.00,"19,200.00"
2019-11-10,2019111001004244,SDESI,37,41,250,639.00,"159,750.00"
2019-11-10,2019111001004560,SEF,3,49,500,8.82,"4,410.00"
2019-11-10,2019111001004633,SHINE,21,58,100,255.00,"25,500.00"
2019-11-10,2019111001004569,SHINE,57,51,21,253.00,"5,313.00"
2019-11-10,2019111001004465,SHINE,42,58,100,255.00,"25,500.00"
2019-11-10,2019111001004579,SHIVM,22,35,200,480.00,"96,000.00"
2019-11-10,2019111001004578,SHIVM,22,35,150,480.00,"72,000.00"
2019-11-10,2019111001004496,SHIVM,22,16,50,480.00,"24,000.00"
2019-11-10,2019111001004443,SHIVM,45,35,500,480.00,"240,000.00"
2019-11-10,2019111001004411,SHIVM,22,53,95,480.00,"45,600.00"
2019-11-10,2019111001004410,SHIVM,54,53,95,480.00,"45,600.00"
2019-11-10,2019111001004350,SHIVM,54,37,405,480.00,"194,400.00"
2019-11-10,2019111001004349,SHIVM,48,37,450,480.00,"216,000.00"
2019-11-10,2019111001004348,SHIVM,57,37,100,480.00,"48,000.00"
2019-11-10,2019111001004347,SHIVM,57,37,45,480.00,"21,600.00"
2019-11-10,2019111001004282,SICL,39,43,17,735.00,"12,495.00"
2019-11-10,2019111001004281,SICL,33,43,14,735.00,"10,290.00"
2019-11-10,2019111001004653,SJCL,32,22,20,162.00,"3,240.00"
2019-11-10,2019111001004646,SJCL,32,45,20,162.00,"3,240.00"
2019-11-10,2019111001004618,SJCL,32,45,10,162.00,"1,620.00"
2019-11-10,2019111001004611,SJCL,32,22,20,162.00,"3,240.00"
2019-11-10,2019111001004599,SJCL,32,45,20,162.00,"3,240.00"
2019-11-10,2019111001004591,SJCL,32,22,20,162.00,"3,240.00"
2019-11-10,2019111001004317,SJCL,35,4,200,164.00,"32,800.00"
2019-11-10,2019111001004275,SJCL,32,37,20,162.00,"3,240.00"
2019-11-10,2019111001004249,SJCL,32,37,20,162.00,"3,240.00"
2019-11-10,2019111001004215,SJCL,32,49,20,162.00,"3,240.00"
2019-11-10,2019111001004500,SJCL,48,4,80,164.00,"13,120.00"
2019-11-10,2019111001004498,SJCL,29,49,20,163.00,"3,260.00"
2019-11-10,2019111001004488,SJCL,29,37,10,163.00,"1,630.00"
2019-11-10,2019111001004477,SJCL,48,4,100,164.00,"16,400.00"
2019-11-10,2019111001004451,SJCL,29,57,10,163.00,"1,630.00"
2019-11-10,2019111001004583,SJCL,43,37,500,163.00,"81,500.00"
2019-11-10,2019111001004582,SJCL,29,37,140,163.00,"22,820.00"
2019-11-10,2019111001004552,SJCL,29,43,200,163.00,"32,600.00"
2019-11-10,2019111001004544,SJCL,29,37,20,163.00,"3,260.00"
2019-11-10,2019111001004501,SJCL,48,59,220,164.00,"36,080.00"
2019-11-10,2019111001004439,SLBBL,37,19,50,580.00,"29,000.00"
2019-11-10,2019111001004388,SLBBL,40,44,45,580.00,"26,100.00"
2019-11-10,2019111001004368,SLBBL,32,45,100,578.00,"57,800.00"
2019-11-10,2019111001004313,SLBBL,36,44,55,580.00,"31,900.00"
2019-11-10,2019111001004293,SLBSL,44,44,20,719.00,"14,380.00"
2019-11-10,2019111001004161,SLBSL,44,37,10,720.00,"7,200.00"
2019-11-10,2019111001004494,SLICL,18,48,47,255.00,"11,985.00"
2019-11-10,2019111001004493,SLICL,28,48,15,255.00,"3,825.00"
2019-11-10,2019111001004492,SLICL,39,48,113,255.00,"28,815.00"
2019-11-10,2019111001004433,SLICL,39,48,63,255.00,"16,065.00"
2019-11-10,2019111001004432,SLICL,29,48,135,259.00,"34,965.00"
2019-11-10,2019111001004344,SLICL,29,29,62,258.00,"15,996.00"
2019-11-10,2019111001004502,SMATA,34,16,12,512.00,"6,144.00"
2019-11-10,2019111001004508,SMFBS,32,51,13,775.00,"10,075.00"
2019-11-10,2019111001004549,SRBL,40,51,315,210.00,"66,150.00"
2019-11-10,2019111001004479,SRBL,34,51,100,210.00,"21,000.00"
2019-11-10,2019111001004402,SRBL,49,51,101,210.00,"21,210.00"
2019-11-10,2019111001004401,SRBL,49,22,50,210.00,"10,500.00"
2019-11-10,2019111001004440,SWBBL,20,41,50,926.00,"46,300.00"
2019-11-10,2019111001004285,SWBBL,48,41,100,926.00,"92,600.00"
2019-11-10,2019111001004603,TMDBL,34,51,31,147.00,"4,557.00"
2019-11-10,2019111001004322,TRH,57,38,10,275.00,"2,750.00"
2019-11-10,2019111001004159,TRH,34,8,40,277.00,"11,080.00"
2019-11-10,2019111001004394,UMHL,43,34,11,102.00,"1,122.00"
2019-11-10,2019111001004390,UMHL,43,17,14,100.00,"1,400.00"
2019-11-10,2019111001004635,UPCL,38,22,38,72.00,"2,736.00"
2019-11-10,2019111001004310,UPCL,6,21,40,71.00,"2,840.00"
2019-11-10,2019111001004290,UPCL,38,22,285,72.00,"20,520.00"
2019-11-10,2019111001004289,UPCL,29,22,200,72.00,"14,400.00"
2019-11-10,2019111001004288,UPCL,47,22,500,72.00,"36,000.00"
2019-11-10,2019111001004287,UPCL,19,22,60,72.00,"4,320.00"
2019-11-10,2019111001004647,UPPER,11,29,52,232.00,"12,064.00"
2019-11-10,2019111001004577,UPPER,14,53,193,232.00,"44,776.00"
2019-11-10,2019111001004548,UPPER,25,37,10,232.00,"2,320.00"
2019-11-10,2019111001004523,UPPER,25,49,50,232.00,"11,600.00"
2019-11-10,2019111001004264,UPPER,6,4,137,232.00,"31,784.00"
2019-11-10,2019111001004225,UPPER,6,49,40,232.00,"9,280.00"
2019-11-10,2019111001004176,UPPER,16,16,10,233.00,"2,330.00"
2019-11-10,2019111001004163,UPPER,52,16,40,233.00,"9,320.00"
2019-11-10,2019111001004156,UPPER,52,49,40,233.00,"9,320.00"
2019-11-10,2019111001004270,UPPER,42,4,200,232.00,"46,400.00"
2019-11-10,2019111001004269,UPPER,47,4,"1,000",232.00,"232,000.00"
2019-11-10,2019111001004268,UPPER,59,4,200,232.00,"46,400.00"
2019-11-10,2019111001004267,UPPER,8,4,500,232.00,"116,000.00"
2019-11-10,2019111001004266,UPPER,6,4,523,232.00,"121,336.00"
2019-11-10,2019111001004265,UPPER,52,4,100,232.00,"23,200.00"
2019-11-10,2019111001004340,UPPER,25,34,140,232.00,"32,480.00"
2019-11-10,2019111001004339,UPPER,59,34,60,232.00,"13,920.00"
2019-11-10,2019111001004272,UPPER,59,4,140,232.00,"32,480.00"
2019-11-10,2019111001004271,UPPER,52,4,200,232.00,"46,400.00"
2019-11-10,2019111001004207,VLBS,58,17,15,575.00,"8,625.00"
2019-11-10,2019111001004143,ADBL,6,38,160,416.00,"66,560.00"
2019-11-10,2019111001004134,ADBL,6,14,25,416.00,"10,400.00"
2019-11-10,2019111001003917,ADBL,6,28,50,416.00,"20,800.00"
2019-11-10,2019111001003768,ADBL,6,22,83,416.00,"34,528.00"
2019-11-10,2019111001003759,ADBL,6,22,82,416.00,"34,112.00"
2019-11-10,2019111001003744,ADBL,6,58,173,416.00,"71,968.00"
2019-11-10,2019111001003666,ADBL,39,8,200,415.00,"83,000.00"
2019-11-10,2019111001003743,ADBL,6,1,280,416.00,"116,480.00"
2019-11-10,2019111001003742,ADBL,6,42,75,416.00,"31,200.00"
2019-11-10,2019111001003741,ADBL,6,54,100,416.00,"41,600.00"
2019-11-10,2019111001003740,ADBL,6,17,500,416.00,"208,000.00"
2019-11-10,2019111001003730,ADBL,11,50,50,415.00,"20,750.00"
2019-11-10,2019111001003726,ADBL,39,34,87,415.00,"36,105.00"
2019-11-10,2019111001003816,AHPC,48,44,50,94.00,"4,700.00"
2019-11-10,2019111001003729,AHPC,28,44,"1,000",94.00,"94,000.00"
2019-11-10,2019111001003845,AKBSL,22,38,10,407.00,"4,070.00"
2019-11-10,2019111001003783,AKBSL,22,38,10,407.00,"4,070.00"
2019-11-10,2019111001003678,AKBSL,22,22,10,407.00,"4,070.00"
2019-11-10,2019111001003720,AKJCL,7,22,10,53.00,530.00
2019-11-10,2019111001003672,AKJCL,7,22,20,53.00,"1,060.00"
2019-11-10,2019111001003932,AKPL,41,45,13,125.00,"1,625.00"
2019-11-10,2019111001004066,API,58,38,740,106.00,"78,440.00"
2019-11-10,2019111001003977,API,1,38,200,106.00,"21,200.00"
2019-11-10,2019111001003943,API,7,29,"1,470",105.00,"154,350.00"
2019-11-10,2019111001003942,API,37,29,100,105.00,"10,500.00"
2019-11-10,2019111001003941,API,13,29,110,105.00,"11,550.00"
2019-11-10,2019111001003940,API,22,29,20,105.00,"2,100.00"
2019-11-10,2019111001003939,API,7,29,500,105.00,"52,500.00"
2019-11-10,2019111001003854,API,43,38,"1,000",106.00,"106,000.00"
2019-11-10,2019111001003945,BOKL,1,45,100,224.00,"22,400.00"
2019-11-10,2019111001003861,BOKL,39,5,170,225.00,"38,250.00"
2019-11-10,2019111001003814,BPCL,43,49,22,361.00,"7,942.00"
2019-11-10,2019111001003657,BPCL,49,6,100,361.00,"36,100.00"
2019-11-10,2019111001003656,BPCL,49,6,"2,000",361.00,"722,000.00"
2019-11-10,2019111001004017,CBBL,22,4,389,970.00,"377,330.00"
2019-11-10,2019111001004016,CBBL,17,4,111,970.00,"107,670.00"
2019-11-10,2019111001003999,CBBL,17,43,100,970.00,"97,000.00"
2019-11-10,2019111001004088,CCBL,50,5,88,155.00,"13,640.00"
2019-11-10,2019111001003951,CCBL,50,45,40,155.00,"6,200.00"
2019-11-10,2019111001003947,CCBL,50,16,150,155.00,"23,250.00"
2019-11-10,2019111001003919,CCBL,6,28,50,154.00,"7,700.00"
2019-11-10,2019111001003915,CCBL,6,5,61,154.00,"9,394.00"
2019-11-10,2019111001003905,CCBL,49,44,"2,000",155.00,"310,000.00"
2019-11-10,2019111001003809,CCBL,45,5,110,155.00,"17,050.00"
2019-11-10,2019111001003801,CCBL,45,6,30,155.00,"4,650.00"
2019-11-10,2019111001003800,CCBL,45,29,824,155.00,"127,720.00"
2019-11-10,2019111001003799,CCBL,45,33,271,155.00,"42,005.00"
2019-11-10,2019111001003902,CCBL,6,5,24,154.00,"3,696.00"
2019-11-10,2019111001003901,CCBL,40,5,86,154.00,"13,244.00"
2019-11-10,2019111001003900,CCBL,34,5,50,154.00,"7,700.00"
2019-11-10,2019111001003899,CCBL,45,5,66,154.00,"10,164.00"
2019-11-10,2019111001003833,CCBL,52,44,100,155.00,"15,500.00"
2019-11-10,2019111001003832,CCBL,45,44,"1,359",155.00,"210,645.00"
2019-11-10,2019111001003766,CEFL,39,45,217,101.00,"21,917.00"
2019-11-10,2019111001004139,CHCL,6,56,54,443.00,"23,922.00"
2019-11-10,2019111001003956,CHCL,45,56,55,443.00,"24,365.00"
2019-11-10,2019111001004070,CZBIL,34,28,100,190.00,"19,000.00"
2019-11-10,2019111001004030,CZBIL,57,59,46,191.00,"8,786.00"
2019-11-10,2019111001004029,CZBIL,57,22,254,191.00,"48,514.00"
2019-11-10,2019111001003955,CZBIL,34,45,561,190.00,"106,590.00"
2019-11-10,2019111001003665,CZBIL,38,22,246,191.00,"46,986.00"
2019-11-10,2019111001003664,CZBIL,38,45,14,191.00,"2,674.00"
2019-11-10,2019111001003998,DBBL,32,45,679,122.00,"82,838.00"
2019-11-10,2019111001004103,DDBL,10,6,127,739.00,"93,853.00"
2019-11-10,2019111001004102,DDBL,10,6,45,739.00,"33,255.00"
2019-11-10,2019111001004039,DDBL,6,25,143,737.00,"105,391.00"
2019-11-10,2019111001003798,DDBL,6,8,350,737.00,"257,950.00"
2019-11-10,2019111001003749,DDBL,6,40,100,737.00,"73,700.00"
2019-11-10,2019111001004094,EBL,22,28,100,553.00,"55,300.00"
2019-11-10,2019111001004023,EBL,33,1,730,552.00,"402,960.00"
2019-11-10,2019111001003997,EBL,44,1,300,553.00,"165,900.00"
2019-11-10,2019111001003976,EBL,48,6,80,554.00,"44,320.00"
2019-11-10,2019111001003921,EBL,48,25,20,554.00,"11,080.00"
2019-11-10,2019111001003920,EBL,53,25,10,554.00,"5,540.00"
2019-11-10,2019111001003895,EBL,35,1,100,555.00,"55,500.00"
2019-11-10,2019111001003773,EBL,11,1,100,556.00,"55,600.00"
2019-11-10,2019111001004151,EDBL,20,14,33,259.00,"8,547.00"
2019-11-10,2019111001004150,EDBL,39,14,52,260.00,"13,520.00"
2019-11-10,2019111001003825,EIC,58,28,10,219.00,"2,190.00"
2019-11-10,2019111001003817,EIC,32,58,30,218.00,"6,540.00"
2019-11-10,2019111001004002,FOWAD,6,44,400,"1,328.00","531,200.00"
2019-11-10,2019111001003898,FOWAD,6,38,200,"1,328.00","265,600.00"
2019-11-10,2019111001003980,GBBL,5,44,624,220.00,"137,280.00"
2019-11-10,2019111001003979,GBBL,14,44,50,220.00,"11,000.00"
2019-11-10,2019111001003978,GBBL,14,44,88,220.00,"19,360.00"
2019-11-10,2019111001003903,GBBL,5,34,379,221.00,"83,759.00"
2019-11-10,2019111001003991,GBLBS,17,45,15,307.00,"4,605.00"
2019-11-10,2019111001003928,GBLBS,17,25,15,307.00,"4,605.00"
2019-11-10,2019111001004117,GILB,48,57,100,872.00,"87,200.00"
2019-11-10,2019111001004074,GILB,16,17,20,875.00,"17,500.00"
2019-11-10,2019111001003872,GILB,32,17,10,873.00,"8,730.00"
2019-11-10,2019111001003871,GILB,32,17,15,873.00,"13,095.00"
2019-11-10,2019111001003870,GILB,21,17,20,873.00,"17,460.00"
2019-11-10,2019111001003674,GILB,35,57,20,878.00,"17,560.00"
2019-11-10,2019111001003673,GILB,51,57,14,878.00,"12,292.00"
2019-11-10,2019111001003795,GILB,22,57,200,870.00,"174,000.00"
2019-11-10,2019111001003794,GILB,53,57,10,873.00,"8,730.00"
2019-11-10,2019111001003793,GILB,25,57,12,874.00,"10,488.00"
2019-11-10,2019111001003792,GILB,45,57,50,875.00,"43,750.00"
2019-11-10,2019111001003791,GILB,14,57,50,877.00,"43,850.00"
2019-11-10,2019111001003675,GILB,39,57,50,878.00,"43,900.00"
2019-11-10,2019111001003923,GLICL,45,50,48,362.00,"17,376.00"
2019-11-10,2019111001003846,GLICL,45,49,52,362.00,"18,824.00"
2019-11-10,2019111001004046,GMFBS,16,21,50,449.00,"22,450.00"
2019-11-10,2019111001004045,GMFBS,43,21,50,450.00,"22,500.00"
2019-11-10,2019111001003826,GMFBS,16,29,10,449.00,"4,490.00"
2019-11-10,2019111001003667,GMFIL,43,45,10,116.00,"1,160.00"
2019-11-10,2019111001003753,GRDBL,7,40,760,101.00,"76,760.00"
2019-11-10,2019111001003752,GRDBL,58,40,20,102.00,"2,040.00"
2019-11-10,2019111001004001,HBL,16,5,835,480.00,"400,800.00"
2019-11-10,2019111001004000,HBL,42,5,500,480.00,"240,000.00"
2019-11-10,2019111001003843,HBL,16,19,165,481.00,"79,365.00"
2019-11-10,2019111001003784,HBL,42,19,50,481.00,"24,050.00"
2019-11-10,2019111001004149,HDL,32,32,100,"1,502.00","150,200.00"
2019-11-10,2019111001004115,HIDCL,35,36,20,133.00,"2,660.00"
2019-11-10,2019111001003834,HIDCL,47,17,19,131.00,"2,489.00"
2019-11-10,2019111001003786,HIDCL,47,40,220,131.00,"28,820.00"
2019-11-10,2019111001003739,HIDCL,17,41,61,132.00,"8,052.00"
2019-11-10,2019111001003738,HIDCL,17,41,61,132.00,"8,052.00"
2019-11-10,2019111001004140,HPPL,51,17,10,136.00,"1,360.00"
2019-11-10,2019111001003938,ILBS,1,25,30,445.00,"13,350.00"
2019-11-10,2019111001003937,ILBS,47,25,40,445.00,"17,800.00"
2019-11-10,2019111001003839,ILBS,47,49,10,445.00,"4,450.00"
2019-11-10,2019111001003750,ILBS,47,38,10,445.00,"4,450.00"
2019-11-10,2019111001004154,JFL,16,16,"1,390",193.00,"268,270.00"
2019-11-10,2019111001004135,KBL,40,44,200,179.00,"35,800.00"
2019-11-10,2019111001004052,KBL,21,17,237,179.00,"42,423.00"
2019-11-10,2019111001003927,KBL,21,17,100,179.00,"17,900.00"
2019-11-10,2019111001003926,KBL,43,17,363,179.00,"64,977.00"
2019-11-10,2019111001003815,KBL,43,5,137,179.00,"24,523.00"
2019-11-10,2019111001004132,KSBBL,56,45,400,143.00,"57,200.00"
2019-11-10,2019111001004131,KSBBL,39,45,71,143.00,"10,153.00"
2019-11-10,2019111001004130,KSBBL,17,45,288,143.00,"41,184.00"
2019-11-10,2019111001003823,KSBBL,17,5,212,143.00,"30,316.00"
2019-11-10,2019111001003985,LBBL,29,25,415,170.00,"70,550.00"
2019-11-10,2019111001003771,LBBL,45,28,880,171.00,"150,480.00"
2019-11-10,2019111001004086,LBL,45,44,30,219.00,"6,570.00"
2019-11-10,2019111001003936,LBL,36,28,40,218.00,"8,720.00"
2019-11-10,2019111001003908,LBL,11,44,200,219.00,"43,800.00"
2019-11-10,2019111001004136,LGIL,34,57,100,317.00,"31,700.00"
2019-11-10,2019111001003930,LGIL,34,38,200,317.00,"63,400.00"
2019-11-10,2019111001004109,LICN,14,22,19,982.00,"18,658.00"
2019-11-10,2019111001003989,LICN,14,8,50,982.00,"49,100.00"
2019-11-10,2019111001004114,MBL,34,48,500,225.00,"112,500.00"
2019-11-10,2019111001004106,MBL,34,34,150,225.00,"33,750.00"
2019-11-10,2019111001003855,MBL,33,35,"2,500",226.00,"565,000.00"
2019-11-10,2019111001003787,MBL,56,35,500,226.00,"113,000.00"
2019-11-10,2019111001004093,MEGA,47,42,229,186.00,"42,594.00"
2019-11-10,2019111001004092,MEGA,47,55,101,186.00,"18,786.00"
2019-11-10,2019111001004091,MEGA,47,5,670,186.00,"124,620.00"
2019-11-10,2019111001003990,MEGA,41,5,50,186.00,"9,300.00"
2019-11-10,2019111001004142,MERO,58,21,15,439.00,"6,585.00"
2019-11-10,2019111001004127,MERO,58,50,17,438.00,"7,446.00"
2019-11-10,2019111001003897,MERO,42,21,100,437.00,"43,700.00"
2019-11-10,2019111001004144,MLBBL,43,22,100,420.00,"42,000.00"
2019-11-10,2019111001003859,MLBBL,7,22,20,420.00,"8,400.00"
2019-11-10,2019111001004079,MLBL,1,42,10,182.00,"1,820.00"
2019-11-10,2019111001003671,MLBL,26,21,100,180.00,"18,000.00"
2019-11-10,2019111001003670,MLBL,33,21,200,180.00,"36,000.00"
2019-11-10,2019111001003669,MLBL,17,21,150,180.00,"27,000.00"
2019-11-10,2019111001003668,MLBL,54,21,30,180.00,"5,400.00"
2019-11-10,2019111001004004,MNBBL,22,45,81,320.00,"25,920.00"
2019-11-10,2019111001004003,MNBBL,22,53,69,319.00,"22,011.00"
2019-11-10,2019111001003983,MNBBL,1,53,280,319.00,"89,320.00"
2019-11-10,2019111001003982,MNBBL,1,14,20,319.00,"6,380.00"
2019-11-10,2019111001003842,MNBBL,16,41,10,318.00,"3,180.00"
2019-11-10,2019111001004076,NABIL,47,6,36,754.00,"27,144.00"
2019-11-10,2019111001004075,NABIL,45,6,20,754.00,"15,080.00"
2019-11-10,2019111001004051,NABIL,45,5,100,753.00,"75,300.00"
2019-11-10,2019111001004050,NABIL,45,5,100,753.00,"75,300.00"
2019-11-10,2019111001004049,NABIL,41,5,300,753.00,"225,900.00"
2019-11-10,2019111001004048,NABIL,3,5,500,753.00,"376,500.00"
2019-11-10,2019111001003992,NABIL,44,6,238,754.00,"179,452.00"
2019-11-10,2019111001003935,NABIL,44,39,49,754.00,"36,946.00"
2019-11-10,2019111001003831,NABIL,11,58,124,755.00,"93,620.00"
2019-11-10,2019111001003776,NABIL,22,58,50,755.00,"37,750.00"
2019-11-10,2019111001003767,NABIL,11,58,100,755.00,"75,500.00"
2019-11-10,2019111001003755,NABIL,59,58,100,755.00,"75,500.00"
2019-11-10,2019111001004047,NABIL,38,5,58,754.00,"43,732.00"
2019-11-10,2019111001004031,NABIL,38,6,42,754.00,"31,668.00"
2019-11-10,2019111001003996,NABIL,11,6,350,754.00,"263,900.00"
2019-11-10,2019111001003995,NABIL,51,6,50,754.00,"37,700.00"
2019-11-10,2019111001003994,NABIL,32,6,100,754.00,"75,400.00"
2019-11-10,2019111001003993,NABIL,35,6,20,754.00,"15,080.00"
2019-11-10,2019111001003812,NADEP,29,49,10,390.00,"3,900.00"
2019-11-10,2019111001004090,NBB,45,32,50,206.00,"10,300.00"
2019-11-10,2019111001003969,NBB,44,32,286,206.00,"58,916.00"
2019-11-10,2019111001003968,NBB,44,52,214,206.00,"44,084.00"
2019-11-10,2019111001003789,NBB,25,39,68,205.00,"13,940.00"
2019-11-10,2019111001003986,NBL,44,14,100,305.00,"30,500.00"
2019-11-10,2019111001004147,NCCB,54,10,47,204.00,"9,588.00"
2019-11-10,2019111001004146,NCCB,33,11,200,205.00,"41,000.00"
2019-11-10,2019111001004097,NCCB,54,5,89,204.00,"18,156.00"
2019-11-10,2019111001004073,NCCB,48,11,353,205.00,"72,365.00"
2019-11-10,2019111001004072,NCCB,48,36,647,205.00,"132,635.00"
2019-11-10,2019111001004022,NCCB,8,36,353,205.00,"72,365.00"
2019-11-10,2019111001003829,NCCB,34,5,171,204.00,"34,884.00"
2019-11-10,2019111001004021,NCCB,8,39,100,205.00,"20,500.00"
2019-11-10,2019111001004020,NCCB,8,20,300,205.00,"61,500.00"
2019-11-10,2019111001004019,NCCB,8,11,747,205.00,"153,135.00"
2019-11-10,2019111001004008,NCCB,54,25,138,204.00,"28,152.00"
2019-11-10,2019111001004007,NCCB,34,25,209,204.00,"42,636.00"
2019-11-10,2019111001003907,NCCB,34,5,89,204.00,"18,156.00"
2019-11-10,2019111001004128,NIB,58,53,580,442.00,"256,360.00"
2019-11-10,2019111001004118,NIB,42,53,20,442.00,"8,840.00"
2019-11-10,2019111001004057,NIB,38,53,100,442.00,"44,200.00"
2019-11-10,2019111001003803,NIB,28,34,44,442.00,"19,448.00"
2019-11-10,2019111001004129,NICA,21,42,41,400.00,"16,400.00"
2019-11-10,2019111001004080,NICA,21,14,366,400.00,"146,400.00"
2019-11-10,2019111001004062,NICA,21,13,20,400.00,"8,000.00"
2019-11-10,2019111001003922,NICA,21,5,13,400.00,"5,200.00"
2019-11-10,2019111001003837,NICA,21,5,99,400.00,"39,600.00"
2019-11-10,2019111001003810,NICA,21,51,100,400.00,"40,000.00"
2019-11-10,2019111001003788,NICA,57,45,100,401.00,"40,100.00"
2019-11-10,2019111001003782,NICA,56,45,500,401.00,"200,500.00"
2019-11-10,2019111001004025,NICL,58,6,139,258.00,"35,862.00"
2019-11-10,2019111001004152,NIL,11,4,360,379.00,"136,440.00"
2019-11-10,2019111001004068,NLIC,39,14,51,781.00,"39,831.00"
2019-11-10,2019111001003929,NLIC,39,48,22,781.00,"17,182.00"
2019-11-10,2019111001003836,NLIC,39,29,14,781.00,"10,934.00"
2019-11-10,2019111001004081,NLICL,45,48,30,424.00,"12,720.00"
2019-11-10,2019111001003913,NLICL,1,48,125,424.00,"53,000.00"
2019-11-10,2019111001003912,NLICL,1,52,85,424.00,"36,040.00"
2019-11-10,2019111001003904,NLICL,44,56,300,423.00,"126,900.00"
2019-11-10,2019111001003677,NLICL,44,44,274,423.00,"115,902.00"
2019-11-10,2019111001003676,NLICL,44,22,425,423.00,"179,775.00"
2019-11-10,2019111001004153,NMB,33,56,50,358.00,"17,900.00"
2019-11-10,2019111001004145,NMB,29,29,4,352.00,"1,408.00"
2019-11-10,2019111001004121,NMB,33,18,"2,028",359.00,"728,052.00"
2019-11-10,2019111001004120,NMB,33,44,100,359.00,"35,900.00"
2019-11-10,2019111001004119,NMB,33,59,12,359.00,"4,308.00"
2019-11-10,2019111001004065,NMB,33,59,988,359.00,"354,692.00"
2019-11-10,2019111001003748,NMB,57,28,212,359.00,"76,108.00"
2019-11-10,2019111001003747,NMB,40,28,200,359.00,"71,800.00"
2019-11-10,2019111001003746,NMB,33,28,217,359.00,"77,903.00"
2019-11-10,2019111001003728,NMB,33,28,783,359.00,"281,097.00"
2019-11-10,2019111001003727,NMB,57,28,217,359.00,"77,903.00"
2019-11-10,2019111001003712,NMB,49,49,200,360.00,"72,000.00"
2019-11-10,2019111001003807,NMB,33,44,100,359.00,"35,900.00"
2019-11-10,2019111001003805,NMB,33,44,200,359.00,"71,800.00"
2019-11-10,2019111001003804,NMB,33,44,700,359.00,"251,300.00"
2019-11-10,2019111001003802,NMB,40,44,300,359.00,"107,700.00"
2019-11-10,2019111001003796,NMB,43,49,650,360.00,"234,000.00"
2019-11-10,2019111001003781,NMB,40,28,371,359.00,"133,189.00"
2019-11-10,2019111001003924,NMB,19,14,20,359.00,"7,180.00"
2019-11-10,2019111001003868,NMB,19,1,80,359.00,"28,720.00"
2019-11-10,2019111001003867,NMB,33,22,404,358.00,"144,632.00"
2019-11-10,2019111001003828,NMB,33,14,265,358.00,"94,870.00"
2019-11-10,2019111001003819,NMB,33,44,500,359.00,"179,500.00"
2019-11-10,2019111001003818,NMB,33,44,400,359.00,"143,600.00"
2019-11-10,2019111001004064,NMB,33,50,12,359.00,"4,308.00"
2019-11-10,2019111001004060,NMB,33,17,251,359.00,"90,109.00"
2019-11-10,2019111001004054,NMB,4,17,"1,000",359.00,"359,000.00"
2019-11-10,2019111001004015,NMB,33,28,33,358.00,"11,814.00"
2019-11-10,2019111001003973,NMB,51,17,144,359.00,"51,696.00"
2019-11-10,2019111001003925,NMB,51,14,106,359.00,"38,054.00"
2019-11-10,2019111001004148,NUBL,19,4,40,882.00,"35,280.00"
2019-11-10,2019111001003724,NUBL,40,28,53,887.00,"47,011.00"
2019-11-10,2019111001003723,NUBL,40,37,63,887.00,"55,881.00"
2019-11-10,2019111001003722,NUBL,40,55,84,880.00,"73,920.00"
2019-11-10,2019111001003711,NUBL,47,49,11,880.00,"9,680.00"
2019-11-10,2019111001003840,PCBL,26,5,82,262.00,"21,484.00"
2019-11-10,2019111001003758,PCBL,32,44,92,263.00,"24,196.00"
2019-11-10,2019111001003757,PCBL,32,55,58,263.00,"15,254.00"
2019-11-10,2019111001003756,PCBL,32,44,350,263.00,"92,050.00"
2019-11-10,2019111001003813,PFL,42,36,30,134.00,"4,020.00"
2019-11-10,2019111001004063,PICL,41,22,10,427.00,"4,270.00"
2019-11-10,2019111001003715,PPCL,39,29,10,95.00,950.00
2019-11-10,2019111001003714,PPCL,39,21,100,95.00,"9,500.00"
2019-11-10,2019111001003713,PPCL,39,29,10,95.00,950.00
2019-11-10,2019111001004116,PRIN,11,45,103,315.00,"32,445.00"
2019-11-10,2019111001004108,PRIN,11,48,348,315.00,"109,620.00"
2019-11-10,2019111001004107,PRIN,11,33,100,314.00,"31,400.00"
2019-11-10,2019111001004138,PRVU,36,34,"1,000",264.00,"264,000.00"
2019-11-10,2019111001004133,PRVU,21,34,100,264.00,"26,400.00"
2019-11-10,2019111001004089,PRVU,42,34,20,264.00,"5,280.00"
2019-11-10,2019111001004027,PRVU,25,34,250,264.00,"66,000.00"
2019-11-10,2019111001003987,PRVU,22,34,100,264.00,"26,400.00"
2019-11-10,2019111001003970,PRVU,8,34,200,264.00,"52,800.00"
2019-11-10,2019111001003735,PRVU,32,34,400,263.00,"105,200.00"
2019-11-10,2019111001003734,PRVU,35,34,200,263.00,"52,600.00"
2019-11-10,2019111001003733,PRVU,26,34,40,263.00,"10,520.00"
2019-11-10,2019111001003732,PRVU,32,34,50,263.00,"13,150.00"
2019-11-10,2019111001003731,PRVU,52,34,786,263.00,"206,718.00"
2019-11-10,2019111001003662,PRVU,49,34,50,264.00,"13,200.00"
2019-11-10,2019111001003911,PRVU,21,46,453,264.00,"119,592.00"
2019-11-10,2019111001003910,PRVU,21,49,338,264.00,"89,232.00"
2019-11-10,2019111001003909,PRVU,21,34,412,264.00,"108,768.00"
2019-11-10,2019111001003761,PRVU,33,34,500,264.00,"132,000.00"
2019-11-10,2019111001003737,PRVU,22,34,524,263.00,"137,812.00"
2019-11-10,2019111001003736,PRVU,52,34,"1,000",263.00,"263,000.00"
2019-11-10,2019111001004124,RHPC,43,48,50,71.00,"3,550.00"
2019-11-10,2019111001004053,RHPC,11,48,178,70.00,"12,460.00"
2019-11-10,2019111001004042,RHPC,4,48,22,70.00,"1,540.00"
2019-11-10,2019111001003948,RHPC,11,48,34,70.00,"2,380.00"
2019-11-10,2019111001003918,RHPC,4,48,66,70.00,"4,620.00"
2019-11-10,2019111001004155,RHPL,53,49,40,169.00,"6,760.00"
2019-11-10,2019111001004104,RHPL,59,4,500,170.00,"85,000.00"
2019-11-10,2019111001004098,RHPL,53,38,40,169.00,"6,760.00"
2019-11-10,2019111001004077,RHPL,53,13,30,169.00,"5,070.00"
2019-11-10,2019111001004069,RHPL,53,38,30,169.00,"5,070.00"
2019-11-10,2019111001004067,RHPL,53,59,30,169.00,"5,070.00"
2019-11-10,2019111001003680,RHPL,59,14,50,170.00,"8,500.00"
2019-11-10,2019111001003679,RHPL,59,14,40,170.00,"6,800.00"
2019-11-10,2019111001003686,RHPL,59,14,40,170.00,"6,800.00"
2019-11-10,2019111001003685,RHPL,59,14,50,170.00,"8,500.00"
2019-11-10,2019111001003684,RHPL,59,14,40,170.00,"6,800.00"
2019-11-10,2019111001003683,RHPL,59,14,40,170.00,"6,800.00"
2019-11-10,2019111001003682,RHPL,59,14,40,170.00,"6,800.00"
2019-11-10,2019111001003681,RHPL,59,14,40,170.00,"6,800.00"
2019-11-10,2019111001003692,RHPL,59,40,30,170.00,"5,100.00"
2019-11-10,2019111001003691,RHPL,59,14,40,170.00,"6,800.00"
2019-11-10,2019111001003690,RHPL,59,14,40,170.00,"6,800.00"
2019-11-10,2019111001003689,RHPL,59,14,40,170.00,"6,800.00"
2019-11-10,2019111001003688,RHPL,59,14,50,170.00,"8,500.00"
2019-11-10,2019111001003687,RHPL,59,14,40,170.00,"6,800.00"
2019-11-10,2019111001003698,RHPL,59,40,30,170.00,"5,100.00"
2019-11-10,2019111001003697,RHPL,59,40,30,170.00,"5,100.00"
2019-11-10,2019111001003696,RHPL,59,40,30,170.00,"5,100.00"
2019-11-10,2019111001003695,RHPL,59,40,30,170.00,"5,100.00"
2019-11-10,2019111001003694,RHPL,59,40,30,170.00,"5,100.00"
2019-11-10,2019111001003693,RHPL,59,40,30,170.00,"5,100.00"
2019-11-10,2019111001003704,RHPL,59,46,40,170.00,"6,800.00"
2019-11-10,2019111001003703,RHPL,59,46,20,170.00,"3,400.00"
2019-11-10,2019111001003702,RHPL,59,40,30,170.00,"5,100.00"
2019-11-10,2019111001003701,RHPL,59,40,30,170.00,"5,100.00"
2019-11-10,2019111001003700,RHPL,59,40,30,170.00,"5,100.00"
2019-11-10,2019111001003699,RHPL,59,40,30,170.00,"5,100.00"
2019-11-10,2019111001003710,RHPL,59,58,30,170.00,"5,100.00"
2019-11-10,2019111001003709,RHPL,59,32,"2,560",170.00,"435,200.00"
2019-11-10,2019111001003708,RHPL,59,58,30,170.00,"5,100.00"
2019-11-10,2019111001003707,RHPL,59,58,30,170.00,"5,100.00"
2019-11-10,2019111001003706,RHPL,59,58,30,170.00,"5,100.00"
2019-11-10,2019111001003705,RHPL,59,17,30,170.00,"5,100.00"
2019-11-10,2019111001003821,RHPL,59,49,20,168.00,"3,360.00"
2019-11-10,2019111001003820,RHPL,43,49,20,168.00,"3,360.00"
2019-11-10,2019111001003806,RHPL,43,38,30,168.00,"5,040.00"
2019-11-10,2019111001003785,RHPL,43,21,40,168.00,"6,720.00"
2019-11-10,2019111001003772,RHPL,43,38,30,168.00,"5,040.00"
2019-11-10,2019111001003725,RHPL,43,38,30,168.00,"5,040.00"
2019-11-10,2019111001003876,RHPL,59,58,30,170.00,"5,100.00"
2019-11-10,2019111001003875,RHPL,59,58,30,170.00,"5,100.00"
2019-11-10,2019111001003853,RHPL,59,38,30,168.00,"5,040.00"
2019-11-10,2019111001003852,RHPL,59,29,30,168.00,"5,040.00"
2019-11-10,2019111001003847,RHPL,59,49,40,168.00,"6,720.00"
2019-11-10,2019111001003838,RHPL,59,38,30,168.00,"5,040.00"
2019-11-10,2019111001003882,RHPL,59,58,30,170.00,"5,100.00"
2019-11-10,2019111001003881,RHPL,59,58,30,170.00,"5,100.00"
2019-11-10,2019111001003880,RHPL,59,58,30,170.00,"5,100.00"
2019-11-10,2019111001003879,RHPL,59,58,30,170.00,"5,100.00"
2019-11-10,2019111001003878,RHPL,59,58,30,170.00,"5,100.00"
2019-11-10,2019111001003877,RHPL,59,17,30,170.00,"5,100.00"
2019-11-10,2019111001003888,RHPL,59,58,30,170.00,"5,100.00"
2019-11-10,2019111001003887,RHPL,59,58,30,170.00,"5,100.00"
2019-11-10,2019111001003886,RHPL,59,58,30,170.00,"5,100.00"
2019-11-10,2019111001003885,RHPL,59,58,30,170.00,"5,100.00"
2019-11-10,2019111001003884,RHPL,59,58,30,170.00,"5,100.00"
2019-11-10,2019111001003883,RHPL,59,58,30,170.00,"5,100.00"
2019-11-10,2019111001003894,RHPL,59,32,490,171.00,"83,790.00"
2019-11-10,2019111001003893,RHPL,59,44,500,171.00,"85,500.00"
2019-11-10,2019111001003892,RHPL,59,46,20,171.00,"3,420.00"
2019-11-10,2019111001003891,RHPL,59,46,20,171.00,"3,420.00"
2019-11-10,2019111001003890,RHPL,59,46,20,171.00,"3,420.00"
2019-11-10,2019111001003889,RHPL,59,58,30,171.00,"5,130.00"
2019-11-10,2019111001003984,RHPL,53,38,40,169.00,"6,760.00"
2019-11-10,2019111001003972,RHPL,53,59,30,169.00,"5,070.00"
2019-11-10,2019111001003971,RHPL,53,38,40,169.00,"6,760.00"
2019-11-10,2019111001003957,RHPL,53,38,40,169.00,"6,760.00"
2019-11-10,2019111001003944,RHPL,53,47,20,169.00,"3,380.00"
2019-11-10,2019111001003934,RHPL,59,51,50,168.00,"8,400.00"
2019-11-10,2019111001004034,RHPL,59,58,30,170.00,"5,100.00"
2019-11-10,2019111001004033,RHPL,59,58,30,170.00,"5,100.00"
2019-11-10,2019111001004032,RHPL,59,58,30,170.00,"5,100.00"
2019-11-10,2019111001004024,RHPL,53,38,30,169.00,"5,070.00"
2019-11-10,2019111001004010,RHPL,53,38,10,169.00,"1,690.00"
2019-11-10,2019111001004009,RHPL,53,38,30,169.00,"5,070.00"
2019-11-10,2019111001004059,RHPL,53,38,30,169.00,"5,070.00"
2019-11-10,2019111001004040,RHPL,53,38,30,169.00,"5,070.00"
2019-11-10,2019111001004038,RHPL,59,58,30,170.00,"5,100.00"
2019-11-10,2019111001004037,RHPL,59,58,30,170.00,"5,100.00"
2019-11-10,2019111001004036,RHPL,59,58,30,170.00,"5,100.00"
2019-11-10,2019111001004035,RHPL,59,58,30,170.00,"5,100.00"
2019-11-10,2019111001004123,SABSL,1,38,10,456.00,"4,560.00"
2019-11-10,2019111001004058,SABSL,1,59,10,456.00,"4,560.00"
2019-11-10,2019111001004041,SABSL,1,45,10,456.00,"4,560.00"
2019-11-10,2019111001003851,SABSL,1,49,10,456.00,"4,560.00"
2019-11-10,2019111001003824,SABSL,1,49,10,456.00,"4,560.00"
2019-11-10,2019111001003775,SABSL,1,17,10,456.00,"4,560.00"
2019-11-10,2019111001003754,SABSL,1,38,10,456.00,"4,560.00"
2019-11-10,2019111001003848,SADBL,44,14,24,138.00,"3,312.00"
2019-11-10,2019111001003808,SANIMA,14,26,100,306.00,"30,600.00"
2019-11-10,2019111001003660,SANIMA,14,44,854,306.00,"261,324.00"
2019-11-10,2019111001003659,SANIMA,34,44,146,306.00,"44,676.00"
2019-11-10,2019111001004006,SBL,14,46,"1,000",290.00,"290,000.00"
2019-11-10,2019111001004005,SBL,14,55,600,290.00,"174,000.00"
2019-11-10,2019111001003765,SBL,14,29,469,290.00,"136,010.00"
2019-11-10,2019111001003764,SBL,14,26,250,290.00,"72,500.00"
2019-11-10,2019111001003763,SBL,14,22,150,290.00,"43,500.00"
2019-11-10,2019111001003762,SBL,14,45,182,290.00,"52,780.00"
2019-11-10,2019111001003716,SBL,51,45,100,290.00,"29,000.00"
2019-11-10,2019111001004105,SCB,19,44,100,555.00,"55,500.00"
2019-11-10,2019111001004100,SCB,19,55,90,555.00,"49,950.00"
2019-11-10,2019111001004085,SCB,19,13,40,555.00,"22,200.00"
2019-11-10,2019111001004084,SCB,53,13,20,555.00,"11,100.00"
2019-11-10,2019111001004083,SCB,57,13,40,555.00,"22,200.00"
2019-11-10,2019111001004071,SCB,45,19,30,556.00,"16,680.00"
2019-11-10,2019111001004055,SCB,38,19,100,556.00,"55,600.00"
2019-11-10,2019111001003721,SCB,1,19,19,556.00,"10,564.00"
2019-11-10,2019111001004112,SDESI,6,42,100,640.00,"64,000.00"
2019-11-10,2019111001004111,SDESI,36,42,300,640.00,"192,000.00"
2019-11-10,2019111001004110,SDESI,3,42,20,640.00,"12,800.00"
2019-11-10,2019111001004096,SDESI,19,4,30,642.00,"19,260.00"
2019-11-10,2019111001004095,SDESI,19,39,17,642.00,"10,914.00"
2019-11-10,2019111001003953,SDESI,35,39,23,642.00,"14,766.00"
2019-11-10,2019111001003952,SDESI,35,19,27,642.00,"17,334.00"
2019-11-10,2019111001004044,SHIVM,57,25,50,480.00,"24,000.00"
2019-11-10,2019111001004026,SHIVM,57,19,100,480.00,"48,000.00"
2019-11-10,2019111001003822,SHIVM,40,35,50,480.00,"24,000.00"
2019-11-10,2019111001003780,SHIVM,57,43,30,480.00,"14,400.00"
2019-11-10,2019111001003779,SHIVM,22,43,300,480.00,"144,000.00"
2019-11-10,2019111001003778,SHIVM,46,43,120,480.00,"57,600.00"
2019-11-10,2019111001003777,SHIVM,43,43,50,481.00,"24,050.00"
2019-11-10,2019111001004099,SHL,42,34,150,204.00,"30,600.00"
2019-11-10,2019111001003975,SHL,14,28,400,204.00,"81,600.00"
2019-11-10,2019111001003751,SIL,5,44,41,378.00,"15,498.00"
2019-11-10,2019111001003865,SINDU,51,25,122,122.00,"14,884.00"
2019-11-10,2019111001003864,SINDU,29,25,20,122.00,"2,440.00"
2019-11-10,2019111001003863,SINDU,42,25,58,122.00,"7,076.00"
2019-11-10,2019111001003862,SINDU,11,25,100,123.00,"12,300.00"
2019-11-10,2019111001004126,SJCL,49,4,80,164.00,"13,120.00"
2019-11-10,2019111001004125,SJCL,49,59,20,163.00,"3,260.00"
2019-11-10,2019111001004101,SJCL,32,38,20,162.00,"3,240.00"
2019-11-10,2019111001003797,SJCL,22,21,20,161.00,"3,220.00"
2019-11-10,2019111001003790,SJCL,22,21,20,161.00,"3,220.00"
2019-11-10,2019111001003774,SJCL,22,38,20,161.00,"3,220.00"
2019-11-10,2019111001003745,SJCL,22,38,20,161.00,"3,220.00"
2019-11-10,2019111001003663,SJCL,22,38,20,161.00,"3,220.00"
2019-11-10,2019111001003658,SJCL,40,51,70,162.00,"11,340.00"
2019-11-10,2019111001003856,SJCL,22,38,20,161.00,"3,220.00"
2019-11-10,2019111001003850,SJCL,35,16,10,163.00,"1,630.00"
2019-11-10,2019111001003849,SJCL,35,59,20,162.00,"3,240.00"
2019-11-10,2019111001003841,SJCL,22,38,20,161.00,"3,220.00"
2019-11-10,2019111001003827,SJCL,22,49,20,161.00,"3,220.00"
2019-11-10,2019111001003811,SJCL,22,38,20,161.00,"3,220.00"
2019-11-10,2019111001003906,SJCL,32,40,10,162.00,"1,620.00"
2019-11-10,2019111001003896,SJCL,32,40,10,162.00,"1,620.00"
2019-11-10,2019111001003874,SJCL,32,38,20,162.00,"3,240.00"
2019-11-10,2019111001003873,SJCL,32,40,10,162.00,"1,620.00"
2019-11-10,2019111001003860,SJCL,22,49,20,161.00,"3,220.00"
2019-11-10,2019111001003858,SJCL,22,29,20,161.00,"3,220.00"
2019-11-10,2019111001003954,SJCL,32,40,10,162.00,"1,620.00"
2019-11-10,2019111001003950,SJCL,32,51,20,162.00,"3,240.00"
2019-11-10,2019111001003949,SJCL,32,38,20,162.00,"3,240.00"
2019-11-10,2019111001003946,SJCL,32,40,10,162.00,"1,620.00"
2019-11-10,2019111001003931,SJCL,45,16,20,163.00,"3,260.00"
2019-11-10,2019111001003916,SJCL,32,40,10,162.00,"1,620.00"
2019-11-10,2019111001003963,SJCL,35,17,20,163.00,"3,260.00"
2019-11-10,2019111001003962,SJCL,35,17,20,163.00,"3,260.00"
2019-11-10,2019111001003961,SJCL,35,16,20,163.00,"3,260.00"
2019-11-10,2019111001003960,SJCL,35,16,20,163.00,"3,260.00"
2019-11-10,2019111001003959,SJCL,32,40,10,162.00,"1,620.00"
2019-11-10,2019111001003958,SJCL,32,38,20,162.00,"3,240.00"
2019-11-10,2019111001003981,SJCL,32,40,10,162.00,"1,620.00"
2019-11-10,2019111001003974,SJCL,32,38,20,162.00,"3,240.00"
2019-11-10,2019111001003967,SJCL,35,4,10,164.00,"1,640.00"
2019-11-10,2019111001003966,SJCL,35,17,20,163.00,"3,260.00"
2019-11-10,2019111001003965,SJCL,35,39,20,163.00,"3,260.00"
2019-11-10,2019111001003964,SJCL,35,51,10,163.00,"1,630.00"
2019-11-10,2019111001004014,SJCL,32,38,20,162.00,"3,240.00"
2019-11-10,2019111001004013,SJCL,45,4,10,164.00,"1,640.00"
2019-11-10,2019111001004012,SJCL,45,59,10,163.00,"1,630.00"
2019-11-10,2019111001004011,SJCL,32,40,10,162.00,"1,620.00"
2019-11-10,2019111001003988,SJCL,32,38,20,162.00,"3,240.00"
2019-11-10,2019111001004087,SJCL,32,13,20,162.00,"3,240.00"
2019-11-10,2019111001004078,SJCL,32,38,20,162.00,"3,240.00"
2019-11-10,2019111001004061,SJCL,32,38,20,162.00,"3,240.00"
2019-11-10,2019111001004056,SJCL,45,4,20,164.00,"3,280.00"
2019-11-10,2019111001004043,SJCL,32,38,20,162.00,"3,240.00"
2019-11-10,2019111001004028,SJCL,32,38,20,162.00,"3,240.00"
2019-11-10,2019111001004082,SLBSL,58,37,50,720.00,"36,000.00"
2019-11-10,2019111001004018,SLICL,39,28,37,255.00,"9,435.00"
2019-11-10,2019111001003933,SLICL,39,28,37,255.00,"9,435.00"
2019-11-10,2019111001003661,SLICL,18,29,200,256.00,"51,200.00"
2019-11-10,2019111001003830,SMB,40,51,10,416.00,"4,160.00"
2019-11-10,2019111001004113,SMFBS,40,38,10,774.00,"7,740.00"
2019-11-10,2019111001003719,SPARS,39,19,40,519.00,"20,760.00"
2019-11-10,2019111001003718,SPARS,26,19,30,520.00,"15,600.00"
2019-11-10,2019111001003717,SPARS,39,19,30,521.00,"15,630.00"
2019-11-10,2019111001003760,SPDL,7,44,65,73.00,"4,745.00"
2019-11-10,2019111001004141,SRBL,40,58,27,209.00,"5,643.00"
2019-11-10,2019111001003914,SRBL,17,58,30,209.00,"6,270.00"
2019-11-10,2019111001003857,SWBBL,33,56,500,926.00,"463,000.00"
2019-11-10,2019111001004137,TMDBL,29,29,3,144.00,432.00
2019-11-10,2019111001003769,UPCL,19,39,50,72.00,"3,600.00"
2019-11-10,2019111001003869,UPPER,52,29,40,233.00,"9,320.00"
2019-11-10,2019111001003866,UPPER,52,49,40,233.00,"9,320.00"
2019-11-10,2019111001003844,UPPER,52,17,40,233.00,"9,320.00"
2019-11-10,2019111001003835,UPPER,6,49,40,232.00,"9,280.00"
2019-11-10,2019111001003770,UPPER,16,34,55,233.00,"12,815.00"
2019-11-10,2019111001004122,VLBS,14,41,10,571.00,"5,710.00"
2019-11-10,2019111001003634,ADBL,42,38,100,416.00,"41,600.00"
2019-11-10,2019111001003527,ADBL,25,38,22,416.00,"9,152.00"
2019-11-10,2019111001003525,ADBL,39,34,122,415.00,"50,630.00"
2019-11-10,2019111001003169,ADBL,39,25,56,415.00,"23,240.00"
2019-11-10,2019111001003449,AKBSL,13,49,10,405.00,"4,050.00"
2019-11-10,2019111001003334,AKBSL,18,38,10,406.00,"4,060.00"
2019-11-10,2019111001003183,AKBSL,40,22,10,407.00,"4,070.00"
2019-11-10,2019111001003181,AKBSL,18,40,10,406.00,"4,060.00"
2019-11-10,2019111001003176,AKBSL,18,38,10,406.00,"4,060.00"
2019-11-10,2019111001003652,AKJCL,7,22,10,53.00,530.00
2019-11-10,2019111001003377,AKJCL,7,17,10,53.00,530.00
2019-11-10,2019111001003167,ALBSL,29,52,200,387.00,"77,400.00"
2019-11-10,2019111001003166,ALBSL,29,47,100,386.00,"38,600.00"
2019-11-10,2019111001003165,ALBSL,29,53,10,385.00,"3,850.00"
2019-11-10,2019111001003162,ALBSL,52,49,10,383.00,"3,830.00"
2019-11-10,2019111001003610,API,13,45,150,106.00,"15,900.00"
2019-11-10,2019111001003609,API,41,45,100,106.00,"10,600.00"
2019-11-10,2019111001003608,API,10,45,939,106.00,"99,534.00"
2019-11-10,2019111001003596,API,10,44,14,106.00,"1,484.00"
2019-11-10,2019111001003298,API,10,36,18,106.00,"1,908.00"
2019-11-10,2019111001003220,API,4,36,18,106.00,"1,908.00"
2019-11-10,2019111001003356,BOKL,42,5,50,225.00,"11,250.00"
2019-11-10,2019111001003335,BOKL,37,56,50,224.00,"11,200.00"
2019-11-10,2019111001003655,BPCL,42,6,100,363.00,"36,300.00"
2019-11-10,2019111001003654,BPCL,42,6,17,363.00,"6,171.00"
2019-11-10,2019111001003578,CBBL,17,44,100,970.00,"97,000.00"
2019-11-10,2019111001003364,CBBL,17,44,89,970.00,"86,330.00"
2019-11-10,2019111001003363,CBBL,41,44,11,972.00,"10,692.00"
2019-11-10,2019111001003625,CBL,44,44,497,139.00,"69,083.00"
2019-11-10,2019111001003624,CBL,17,44,503,139.00,"69,917.00"
2019-11-10,2019111001003429,CBL,17,52,"1,497",139.00,"208,083.00"
2019-11-10,2019111001003428,CBL,29,52,"1,000",139.00,"139,000.00"
2019-11-10,2019111001003427,CBL,33,52,503,139.00,"69,917.00"
2019-11-10,2019111001003425,CBL,33,36,497,139.00,"69,083.00"
2019-11-10,2019111001003424,CBL,49,36,891,139.00,"123,849.00"
2019-11-10,2019111001003423,CBL,25,36,500,139.00,"69,500.00"
2019-11-10,2019111001003639,CCBL,45,44,112,154.00,"17,248.00"
2019-11-10,2019111001003593,CCBL,57,33,529,155.00,"81,995.00"
2019-11-10,2019111001003592,CCBL,57,29,121,155.00,"18,755.00"
2019-11-10,2019111001003371,CCBL,25,29,15,155.00,"2,325.00"
2019-11-10,2019111001003303,CCBL,45,44,100,154.00,"15,400.00"
2019-11-10,2019111001003226,CCBL,45,40,86,154.00,"13,244.00"
2019-11-10,2019111001003417,CEFL,35,45,50,100.00,"5,000.00"
2019-11-10,2019111001003606,CHCL,34,49,69,441.00,"30,429.00"
2019-11-10,2019111001003605,CHCL,32,49,75,441.00,"33,075.00"
2019-11-10,2019111001003604,CHCL,51,49,50,441.00,"22,050.00"
2019-11-10,2019111001003603,CHCL,43,49,100,442.00,"44,200.00"
2019-11-10,2019111001003602,CHCL,6,49,12,442.00,"5,304.00"
2019-11-10,2019111001003297,CHCL,17,10,90,444.00,"39,960.00"
2019-11-10,2019111001003620,CLBSL,17,17,1,444.00,444.00
2019-11-10,2019111001003570,CLBSL,7,44,15,452.00,"6,780.00"
2019-11-10,2019111001003472,CZBIL,34,17,10,190.00,"1,900.00"
2019-11-10,2019111001003448,CZBIL,17,45,100,191.00,"19,100.00"
2019-11-10,2019111001003361,CZBIL,42,45,50,191.00,"9,550.00"
2019-11-10,2019111001003571,DBBL,42,47,150,123.00,"18,450.00"
2019-11-10,2019111001003540,DBBL,42,45,350,123.00,"43,050.00"
2019-11-10,2019111001003509,DBBL,32,7,410,122.00,"50,020.00"
2019-11-10,2019111001003508,DBBL,51,7,70,122.00,"8,540.00"
2019-11-10,2019111001003507,DBBL,17,7,"2,000",122.00,"244,000.00"
2019-11-10,2019111001003488,DBBL,51,7,430,122.00,"52,460.00"
2019-11-10,2019111001003285,DBBL,35,32,"1,000",123.00,"123,000.00"
2019-11-10,2019111001003487,DBBL,45,7,100,122.00,"12,200.00"
2019-11-10,2019111001003486,DBBL,47,7,100,122.00,"12,200.00"
2019-11-10,2019111001003485,DBBL,1,7,290,122.00,"35,380.00"
2019-11-10,2019111001003484,DBBL,25,7,540,122.00,"65,880.00"
2019-11-10,2019111001003340,DBBL,44,45,150,123.00,"18,450.00"
2019-11-10,2019111001003336,DBBL,44,44,250,123.00,"30,750.00"
2019-11-10,2019111001003384,DDBL,48,8,100,738.00,"73,800.00"
2019-11-10,2019111001003441,EBL,6,36,16,556.00,"8,896.00"
2019-11-10,2019111001003394,EBL,11,44,50,556.00,"27,800.00"
2019-11-10,2019111001003321,EBL,6,44,24,556.00,"13,344.00"
2019-11-10,2019111001003206,EBL,6,25,16,556.00,"8,896.00"
2019-11-10,2019111001003260,EIC,6,28,100,219.00,"21,900.00"
2019-11-10,2019111001003244,EIC,6,21,100,219.00,"21,900.00"
2019-11-10,2019111001003240,EIC,32,28,300,218.00,"65,400.00"
2019-11-10,2019111001003583,FMDBL,58,45,100,308.00,"30,800.00"
2019-11-10,2019111001003411,FMDBL,59,45,100,307.00,"30,700.00"
2019-11-10,2019111001003564,GBBL,5,4,950,221.00,"209,950.00"
2019-11-10,2019111001003517,GBBL,16,4,50,221.00,"11,050.00"
2019-11-10,2019111001003333,GBBL,14,4,"1,000",221.00,"221,000.00"
2019-11-10,2019111001003459,GGBSL,47,47,10,341.00,"3,410.00"
2019-11-10,2019111001003422,GILB,25,7,12,880.00,"10,560.00"
2019-11-10,2019111001003308,GILB,29,28,13,880.00,"11,440.00"
2019-11-10,2019111001003200,GILB,39,28,20,880.00,"17,600.00"
2019-11-10,2019111001003186,GILB,51,34,16,878.00,"14,048.00"
2019-11-10,2019111001003185,GILB,32,34,34,878.00,"29,852.00"
2019-11-10,2019111001003159,GILB,6,28,100,880.00,"88,000.00"
2019-11-10,2019111001003157,GILB,6,28,68,880.00,"59,840.00"
2019-11-10,2019111001003156,GILB,6,28,32,880.00,"28,160.00"
2019-11-10,2019111001003597,GLBSL,37,57,10,417.00,"4,170.00"
2019-11-10,2019111001003498,GLBSL,13,38,10,417.00,"4,170.00"
2019-11-10,2019111001003457,GMFBS,16,47,10,449.00,"4,490.00"
2019-11-10,2019111001003426,GMFBS,6,38,10,450.00,"4,500.00"
2019-11-10,2019111001003402,GMFBS,6,47,10,450.00,"4,500.00"
2019-11-10,2019111001003161,GMFBS,6,56,10,450.00,"4,500.00"
2019-11-10,2019111001003284,HBL,58,19,15,480.00,"7,200.00"
2019-11-10,2019111001003283,HBL,35,19,40,480.00,"19,200.00"
2019-11-10,2019111001003282,HBL,6,19,44,480.00,"21,120.00"
2019-11-10,2019111001003243,HBL,26,19,100,481.00,"48,100.00"
2019-11-10,2019111001003242,HBL,53,19,10,481.00,"4,810.00"
2019-11-10,2019111001003163,HGI,48,43,50,265.00,"13,250.00"
2019-11-10,2019111001003520,HIDCL,47,17,16,131.00,"2,096.00"
2019-11-10,2019111001003406,HIDCL,58,17,20,132.00,"2,640.00"
2019-11-10,2019111001003290,HIDCL,38,5,277,132.00,"36,564.00"
2019-11-10,2019111001003289,HIDCL,25,5,300,132.00,"39,600.00"
2019-11-10,2019111001003288,HIDCL,1,5,"1,723",132.00,"227,436.00"
2019-11-10,2019111001003255,HPPL,40,40,10,137.00,"1,370.00"
2019-11-10,2019111001003546,HURJA,43,17,20,102.00,"2,040.00"
2019-11-10,2019111001003607,ILBS,47,49,10,445.00,"4,450.00"
2019-11-10,2019111001003338,ILBS,47,38,10,445.00,"4,450.00"
2019-11-10,2019111001003223,ILBS,47,36,10,445.00,"4,450.00"
2019-11-10,2019111001003447,JBBL,57,47,22,155.00,"3,410.00"
2019-11-10,2019111001003280,JBBL,40,40,88,156.00,"13,728.00"
2019-11-10,2019111001003369,KBL,42,22,50,180.00,"9,000.00"
2019-11-10,2019111001003215,KBL,43,44,185,178.00,"32,930.00"
2019-11-10,2019111001003214,KBL,8,44,115,178.00,"20,470.00"
2019-11-10,2019111001003213,KBL,49,44,221,179.00,"39,559.00"
2019-11-10,2019111001003178,KBL,49,28,279,179.00,"49,941.00"
2019-11-10,2019111001003202,KKHC,1,1,16,55.00,880.00
2019-11-10,2019111001003305,KRBL,40,40,59,100.00,"5,900.00"
2019-11-10,2019111001003548,LBBL,42,28,400,171.00,"68,400.00"
2019-11-10,2019111001003506,LBL,36,57,372,218.00,"81,096.00"
2019-11-10,2019111001003505,LBL,48,57,500,218.00,"109,000.00"
2019-11-10,2019111001003497,LBL,25,37,870,219.00,"190,530.00"
2019-11-10,2019111001003496,LBL,25,37,458,219.00,"100,302.00"
2019-11-10,2019111001003495,LBL,25,44,294,219.00,"64,386.00"
2019-11-10,2019111001003445,LBL,42,37,50,219.00,"10,950.00"
2019-11-10,2019111001003444,LBL,45,37,80,219.00,"17,520.00"
2019-11-10,2019111001003312,LGIL,34,44,100,317.00,"31,700.00"
2019-11-10,2019111001003628,MBL,14,35,"2,000",226.00,"452,000.00"
2019-11-10,2019111001003615,MBL,33,35,"2,000",226.00,"452,000.00"
2019-11-10,2019111001003614,MBL,33,19,"1,000",226.00,"226,000.00"
