Date,Transact. No.,Symbol,Buyer,Seller,Quantity,Rate,Amount
2019-01-21,2019012101011967,ADBL,53,28,30,342.00,"10,260.00"
2019-01-21,2019012101011550,ADBL,17,6,213,341.00,"72,633.00"
2019-01-21,2019012101011549,ADBL,34,6,154,341.00,"52,514.00"
2019-01-21,2019012101011548,ADBL,51,6,27,341.00,"9,207.00"
2019-01-21,2019012101011547,ADBL,50,6,106,342.00,"36,252.00"
2019-01-21,2019012101011517,ADBL,50,53,30,342.00,"10,260.00"
2019-01-21,2019012101011782,AHPC,46,25,130,103.00,"13,390.00"
2019-01-21,2019012101011541,AKJCL,1,54,20,81.00,"1,620.00"
2019-01-21,2019012101011809,AKPL,28,47,13,186.00,"2,418.00"
2019-01-21,2019012101011808,AKPL,28,52,45,186.00,"8,370.00"
2019-01-21,2019012101011759,AKPL,34,59,70,189.00,"13,230.00"
2019-01-21,2019012101011758,AKPL,34,37,10,187.00,"1,870.00"
2019-01-21,2019012101011594,AKPL,28,59,106,189.00,"20,034.00"
2019-01-21,2019012101011593,AKPL,28,52,250,189.00,"47,250.00"
2019-01-21,2019012101011581,AKPL,28,22,13,188.00,"2,444.00"
2019-01-21,2019012101011580,AKPL,28,37,10,187.00,"1,870.00"
2019-01-21,2019012101011966,ALICL,42,54,10,618.00,"6,180.00"
2019-01-21,2019012101011801,ALICL,17,10,100,615.00,"61,500.00"
2019-01-21,2019012101011633,ALICL,54,10,200,616.00,"123,200.00"
2019-01-21,2019012101011632,ALICL,25,10,100,616.00,"61,600.00"
2019-01-21,2019012101011631,ALICL,50,10,10,616.00,"6,160.00"
2019-01-21,2019012101011630,ALICL,49,10,50,616.00,"30,800.00"
2019-01-21,2019012101011596,AMFI,40,40,10,726.00,"7,260.00"
2019-01-21,2019012101011573,AMFI,40,40,10,726.00,"7,260.00"
2019-01-21,2019012101011537,AMFI,40,40,10,726.00,"7,260.00"
2019-01-21,2019012101011514,AMFI,40,40,10,726.00,"7,260.00"
2019-01-21,2019012101011497,AMFI,40,6,10,726.00,"7,260.00"
2019-01-21,2019012101011493,AMFI,40,40,10,726.00,"7,260.00"
2019-01-21,2019012101011975,API,25,54,350,147.00,"51,450.00"
2019-01-21,2019012101011955,API,47,54,100,147.00,"14,700.00"
2019-01-21,2019012101011910,API,25,54,50,147.00,"7,350.00"
2019-01-21,2019012101011891,API,22,26,50,145.00,"7,250.00"
2019-01-21,2019012101011887,API,22,26,295,145.00,"42,775.00"
2019-01-21,2019012101011886,API,39,26,205,145.00,"29,725.00"
2019-01-21,2019012101011540,API,58,57,"1,000",145.00,"145,000.00"
2019-01-21,2019012101011539,API,41,57,200,145.00,"29,000.00"
2019-01-21,2019012101011507,API,34,25,300,146.00,"43,800.00"
2019-01-21,2019012101011506,API,7,25,"1,000",146.00,"146,000.00"
2019-01-21,2019012101011505,API,39,25,500,146.00,"73,000.00"
2019-01-21,2019012101011883,API,39,26,350,145.00,"50,750.00"
2019-01-21,2019012101011882,API,25,26,100,145.00,"14,500.00"
2019-01-21,2019012101011881,API,34,26,50,146.00,"7,300.00"
2019-01-21,2019012101011800,API,25,54,55,147.00,"8,085.00"
2019-01-21,2019012101011778,API,34,25,50,146.00,"7,300.00"
2019-01-21,2019012101011557,API,34,57,930,144.00,"133,920.00"
2019-01-21,2019012101011928,BARUN,22,39,100,110.00,"11,000.00"
2019-01-21,2019012101011762,BARUN,6,39,18,108.00,"1,944.00"
2019-01-21,2019012101011494,BOKL,49,48,30,259.00,"7,770.00"
2019-01-21,2019012101011562,BPCL,1,37,10,368.00,"3,680.00"
2019-01-21,2019012101011957,CBBL,22,34,118,876.00,"103,368.00"
2019-01-21,2019012101011956,CBBL,33,34,282,876.00,"247,032.00"
2019-01-21,2019012101011926,CBBL,33,51,48,876.00,"42,048.00"
2019-01-21,2019012101011914,CBBL,33,50,170,876.00,"148,920.00"
2019-01-21,2019012101011913,CBBL,50,50,30,877.00,"26,310.00"
2019-01-21,2019012101011716,CBBL,42,32,25,880.00,"22,000.00"
2019-01-21,2019012101011916,CBL,19,16,100,161.00,"16,100.00"
2019-01-21,2019012101011927,CCBL,50,48,100,171.00,"17,100.00"
2019-01-21,2019012101011865,CCBL,50,36,26,171.00,"4,446.00"
2019-01-21,2019012101011783,CCBL,49,34,500,172.00,"86,000.00"
2019-01-21,2019012101011692,CCBL,50,25,100,171.00,"17,100.00"
2019-01-21,2019012101011603,CCBL,50,37,74,171.00,"12,654.00"
2019-01-21,2019012101011582,CCBL,50,33,500,171.00,"85,500.00"
2019-01-21,2019012101011948,CHCL,22,26,10,532.00,"5,320.00"
2019-01-21,2019012101011932,CHCL,10,53,156,530.00,"82,680.00"
2019-01-21,2019012101011931,CHCL,52,53,100,531.00,"53,100.00"
2019-01-21,2019012101011930,CHCL,45,53,100,531.00,"53,100.00"
2019-01-21,2019012101011929,CHCL,42,53,65,531.00,"34,515.00"
2019-01-21,2019012101011720,CHCL,42,22,35,531.00,"18,585.00"
2019-01-21,2019012101011719,CHCL,42,22,60,531.00,"31,860.00"
2019-01-21,2019012101011718,CHCL,22,22,300,531.00,"159,300.00"
2019-01-21,2019012101011717,CHCL,28,22,405,531.00,"215,055.00"
2019-01-21,2019012101011656,CHCL,28,34,125,531.00,"66,375.00"
2019-01-21,2019012101011965,CIT,16,17,10,"2,535.00","25,350.00"
2019-01-21,2019012101011787,CIT,22,33,10,"2,510.00","25,100.00"
2019-01-21,2019012101011786,CIT,34,33,20,"2,511.00","50,220.00"
2019-01-21,2019012101011713,CIT,25,28,70,"2,520.00","176,400.00"
2019-01-21,2019012101011703,CIT,36,1,75,"2,515.00","188,625.00"
2019-01-21,2019012101011702,CIT,36,55,100,"2,515.00","251,500.00"
2019-01-21,2019012101011701,CIT,36,45,10,"2,515.00","25,150.00"
2019-01-21,2019012101011700,CIT,36,39,10,"2,515.00","25,150.00"
2019-01-21,2019012101011668,CIT,39,39,10,"2,515.00","25,150.00"
2019-01-21,2019012101011604,CIT,25,49,30,"2,514.00","75,420.00"
2019-01-21,2019012101011954,CZBIL,56,6,40,213.00,"8,520.00"
2019-01-21,2019012101011953,CZBIL,51,6,"2,000",213.00,"426,000.00"
2019-01-21,2019012101011952,CZBIL,29,6,360,213.00,"76,680.00"
2019-01-21,2019012101011951,CZBIL,29,6,110,214.00,"23,540.00"
2019-01-21,2019012101011688,CZBIL,29,32,10,213.00,"2,130.00"
2019-01-21,2019012101011676,CZBIL,6,6,"2,000",214.00,"428,000.00"
2019-01-21,2019012101011655,CZBIL,29,46,44,213.00,"9,372.00"
2019-01-21,2019012101011654,CZBIL,22,46,100,214.00,"21,400.00"
2019-01-21,2019012101011970,DDBL,44,11,10,575.00,"5,750.00"
2019-01-21,2019012101011779,EBL,34,6,500,530.00,"265,000.00"
2019-01-21,2019012101011761,EBL,6,17,399,529.00,"211,071.00"
2019-01-21,2019012101011760,EBL,6,41,250,529.00,"132,250.00"
2019-01-21,2019012101011799,EIC,19,51,106,847.00,"89,782.00"
2019-01-21,2019012101011646,FMDBL,51,46,15,380.00,"5,700.00"
2019-01-21,2019012101011645,FMDBL,6,46,50,381.00,"19,050.00"
2019-01-21,2019012101011502,FMDBL,6,6,50,381.00,"19,050.00"
2019-01-21,2019012101011924,FOWAD,17,43,20,"1,511.00","30,220.00"
2019-01-21,2019012101011898,FOWAD,29,43,100,"1,511.00","151,100.00"
2019-01-21,2019012101011897,FOWAD,55,43,40,"1,511.00","60,440.00"
2019-01-21,2019012101011896,FOWAD,33,43,100,"1,515.00","151,500.00"
2019-01-21,2019012101011895,FOWAD,8,43,78,"1,516.00","118,248.00"
2019-01-21,2019012101011894,FOWAD,28,43,40,"1,517.00","60,680.00"
2019-01-21,2019012101011893,FOWAD,45,43,100,"1,517.00","151,700.00"
2019-01-21,2019012101011827,GBBL,13,22,287,184.00,"52,808.00"
2019-01-21,2019012101011789,GBBL,45,22,471,184.00,"86,664.00"
2019-01-21,2019012101011649,GBBL,45,32,529,184.00,"97,336.00"
2019-01-21,2019012101011648,GBBL,48,32,100,184.00,"18,400.00"
2019-01-21,2019012101011647,GBBL,32,32,371,184.00,"68,264.00"
2019-01-21,2019012101011571,GBBL,45,22,242,185.00,"44,770.00"
2019-01-21,2019012101011872,GBIME,25,36,60,261.00,"15,660.00"
2019-01-21,2019012101011776,GBIME,22,25,50,262.00,"13,100.00"
2019-01-21,2019012101011775,GBIME,51,25,50,262.00,"13,100.00"
2019-01-21,2019012101011485,GBIME,51,37,23,260.00,"5,980.00"
2019-01-21,2019012101011867,GILB,50,17,19,"1,200.00","22,800.00"
2019-01-21,2019012101011495,GILB,19,13,44,"1,190.00","52,360.00"
2019-01-21,2019012101011890,GLICL,53,6,43,709.00,"30,487.00"
2019-01-21,2019012101011889,GLICL,43,6,100,710.00,"71,000.00"
2019-01-21,2019012101011888,GLICL,53,6,157,710.00,"111,470.00"
2019-01-21,2019012101011853,GLICL,53,34,108,710.00,"76,680.00"
2019-01-21,2019012101011524,GLICL,53,35,135,710.00,"95,850.00"
2019-01-21,2019012101011523,GLICL,11,35,30,710.00,"21,300.00"
2019-01-21,2019012101011522,GLICL,25,35,50,710.00,"35,500.00"
2019-01-21,2019012101011521,GLICL,16,35,85,710.00,"60,350.00"
2019-01-21,2019012101011520,GLICL,25,35,100,711.00,"71,100.00"
2019-01-21,2019012101011519,GLICL,50,35,50,712.00,"35,600.00"
2019-01-21,2019012101011518,GLICL,59,35,50,715.00,"35,750.00"
2019-01-21,2019012101011650,GUFL,47,19,30,109.00,"3,270.00"
2019-01-21,2019012101011531,GUFL,47,55,100,107.00,"10,700.00"
2019-01-21,2019012101011530,GUFL,47,25,200,107.00,"21,400.00"
2019-01-21,2019012101011513,GUFL,47,45,166,106.00,"17,596.00"
2019-01-21,2019012101011512,GUFL,47,50,41,106.00,"4,346.00"
2019-01-21,2019012101011880,HBL,25,17,669,449.00,"300,381.00"
2019-01-21,2019012101011884,HGI,6,50,50,398.00,"19,900.00"
2019-01-21,2019012101011542,HGI,39,50,160,394.00,"63,040.00"
2019-01-21,2019012101011817,HIDCL,10,47,12,147.00,"1,764.00"
2019-01-21,2019012101011743,HIDCL,29,52,58,148.00,"8,584.00"
2019-01-21,2019012101011781,IGI,38,6,120,445.00,"53,400.00"
2019-01-21,2019012101011780,IGI,35,6,100,446.00,"44,600.00"
2019-01-21,2019012101011962,JBNL,57,46,"1,020",168.00,"171,360.00"
2019-01-21,2019012101011570,JBNL,38,52,"1,000",167.00,"167,000.00"
2019-01-21,2019012101011906,JEFL,32,28,700,128.00,"89,600.00"
2019-01-21,2019012101011840,JEFL,32,45,500,128.00,"64,000.00"
2019-01-21,2019012101011794,JEFL,32,45,500,128.00,"64,000.00"
2019-01-21,2019012101011699,KBBL,22,29,500,214.00,"107,000.00"
2019-01-21,2019012101011690,KBL,13,33,500,247.00,"123,500.00"
2019-01-21,2019012101011689,KBL,58,33,100,247.00,"24,700.00"
2019-01-21,2019012101011854,KNBL,43,8,200,119.00,"23,800.00"
2019-01-21,2019012101011836,KNBL,43,42,200,118.00,"23,600.00"
2019-01-21,2019012101011835,KNBL,43,34,590,117.00,"69,030.00"
2019-01-21,2019012101011834,KNBL,43,7,812,116.00,"94,192.00"
2019-01-21,2019012101011866,KPCL,6,47,10,96.00,960.00
2019-01-21,2019012101011527,KPCL,6,54,10,96.00,960.00
2019-01-21,2019012101011529,KRBL,57,37,17,99.00,"1,683.00"
2019-01-21,2019012101011885,KSBBL,45,36,583,135.00,"78,705.00"
2019-01-21,2019012101011511,KSBBL,45,37,80,135.00,"10,800.00"
2019-01-21,2019012101011510,KSBBL,5,37,20,136.00,"2,720.00"
2019-01-21,2019012101011602,LBBL,38,42,300,170.00,"51,000.00"
2019-01-21,2019012101011601,LBBL,17,42,"2,000",170.00,"340,000.00"
2019-01-21,2019012101011600,LBBL,34,42,700,170.00,"119,000.00"
2019-01-21,2019012101011599,LBBL,32,42,500,170.00,"85,000.00"
2019-01-21,2019012101011568,LBL,7,11,16,220.00,"3,520.00"
2019-01-21,2019012101011567,LBL,53,11,484,220.00,"106,480.00"
2019-01-21,2019012101011503,LBL,53,28,10,220.00,"2,200.00"
2019-01-21,2019012101011851,LGIL,46,54,50,536.00,"26,800.00"
2019-01-21,2019012101011961,LICN,25,51,40,"1,743.00","69,720.00"
2019-01-21,2019012101011960,LICN,14,51,10,"1,744.00","17,440.00"
2019-01-21,2019012101011902,LICN,33,34,990,"1,750.00","1,732,500.00"
2019-01-21,2019012101011901,LICN,33,19,52,"1,750.00","91,000.00"
2019-01-21,2019012101011687,LLBS,42,45,30,795.00,"23,850.00"
2019-01-21,2019012101011925,MBL,36,44,500,210.00,"105,000.00"
2019-01-21,2019012101011484,MBL,48,44,38,208.00,"7,904.00"
2019-01-21,2019012101011483,MBL,28,44,500,208.00,"104,000.00"
2019-01-21,2019012101011482,MBL,17,44,100,208.00,"20,800.00"
2019-01-21,2019012101011481,MBL,38,44,24,208.00,"4,992.00"
2019-01-21,2019012101011480,MBL,57,44,200,209.00,"41,800.00"
2019-01-21,2019012101011479,MBL,6,44,138,209.00,"28,842.00"
2019-01-21,2019012101011941,MEGA,48,29,300,170.00,"51,000.00"
2019-01-21,2019012101011900,MEGA,48,10,856,168.00,"143,808.00"
2019-01-21,2019012101011892,MEGA,25,36,341,167.00,"56,947.00"
2019-01-21,2019012101011728,MEGA,17,10,200,168.00,"33,600.00"
2019-01-21,2019012101011727,MEGA,26,10,188,168.00,"31,584.00"
2019-01-21,2019012101011949,MERO,25,20,10,"1,110.00","11,100.00"
2019-01-21,2019012101011543,MLBL,29,37,30,168.00,"5,040.00"
2019-01-21,2019012101011946,MMFDB,50,7,93,955.00,"88,815.00"
2019-01-21,2019012101011945,MMFDB,38,7,50,960.00,"48,000.00"
2019-01-21,2019012101011490,MMFDB,58,10,20,961.00,"19,220.00"
2019-01-21,2019012101011489,MMFDB,38,10,100,962.00,"96,200.00"
2019-01-21,2019012101011488,MMFDB,45,10,20,980.00,"19,600.00"
2019-01-21,2019012101011487,MMFDB,56,10,70,980.00,"68,600.00"
2019-01-21,2019012101011486,MMFDB,45,10,30,985.00,"29,550.00"
2019-01-21,2019012101011933,MNBBL,57,19,36,348.00,"12,528.00"
2019-01-21,2019012101011691,MNBBL,16,46,20,347.00,"6,940.00"
2019-01-21,2019012101011566,MSMBS,45,29,200,550.00,"110,000.00"
2019-01-21,2019012101011565,MSMBS,45,29,200,550.00,"110,000.00"
2019-01-21,2019012101011564,MSMBS,46,29,29,550.00,"15,950.00"
2019-01-21,2019012101011563,MSMBS,29,29,19,551.00,"10,469.00"
2019-01-21,2019012101011546,MSMBS,51,49,11,555.00,"6,105.00"
2019-01-21,2019012101011545,MSMBS,51,49,11,555.00,"6,105.00"
2019-01-21,2019012101011714,NABIL,41,33,20,843.00,"16,860.00"
2019-01-21,2019012101011544,NABIL,41,58,20,843.00,"16,860.00"
2019-01-21,2019012101011595,NABILP,11,52,64,719.00,"46,016.00"
2019-01-21,2019012101011947,NADEP,40,32,40,784.00,"31,360.00"
2019-01-21,2019012101011830,NADEP,40,40,10,784.00,"7,840.00"
2019-01-21,2019012101011796,NADEP,40,40,10,784.00,"7,840.00"
2019-01-21,2019012101011777,NADEP,40,40,10,784.00,"7,840.00"
2019-01-21,2019012101011572,NADEP,58,22,10,783.00,"7,830.00"
2019-01-21,2019012101011790,NBB,5,6,"1,000",185.00,"185,000.00"
2019-01-21,2019012101011879,NBBL,58,22,155,730.00,"113,150.00"
2019-01-21,2019012101011878,NBBL,10,22,100,731.00,"73,100.00"
2019-01-21,2019012101011877,NBBL,56,22,200,732.00,"146,400.00"
2019-01-21,2019012101011869,NBL,38,38,"2,500",291.00,"727,500.00"
2019-01-21,2019012101011868,NBL,38,38,964,291.00,"280,524.00"
2019-01-21,2019012101011816,NBL,38,38,"1,036",291.00,"301,476.00"
2019-01-21,2019012101011815,NBL,38,33,700,291.00,"203,700.00"
2019-01-21,2019012101011798,NBL,38,33,264,291.00,"76,824.00"
2019-01-21,2019012101011797,NBL,5,33,276,291.00,"80,316.00"
2019-01-21,2019012101011765,NBL,5,6,224,291.00,"65,184.00"
2019-01-21,2019012101011764,NBL,5,6,100,291.00,"29,100.00"
2019-01-21,2019012101011763,NBL,57,6,176,291.00,"51,216.00"
2019-01-21,2019012101011644,NBL,57,25,224,291.00,"65,184.00"
2019-01-21,2019012101011614,NBL,57,22,100,291.00,"29,100.00"
2019-01-21,2019012101011908,NCCB,58,36,14,214.00,"2,996.00"
2019-01-21,2019012101011802,NCCB,45,34,300,215.00,"64,500.00"
2019-01-21,2019012101011784,NCCB,45,34,300,215.00,"64,500.00"
2019-01-21,2019012101011755,NCCB,38,5,"1,800",213.00,"383,400.00"
2019-01-21,2019012101011754,NCCB,10,5,500,213.00,"106,500.00"
2019-01-21,2019012101011753,NCCB,54,5,500,213.00,"106,500.00"
2019-01-21,2019012101011496,NCCB,38,34,50,214.00,"10,700.00"
2019-01-21,2019012101011730,NCCB,45,34,300,215.00,"64,500.00"
2019-01-21,2019012101011694,NCCB,45,34,300,215.00,"64,500.00"
2019-01-21,2019012101011670,NCCB,45,34,300,215.00,"64,500.00"
2019-01-21,2019012101011538,NCCB,45,34,51,214.00,"10,914.00"
2019-01-21,2019012101011525,NCCB,38,34,50,214.00,"10,700.00"
2019-01-21,2019012101011509,NCCB,38,34,50,214.00,"10,700.00"
2019-01-21,2019012101011752,NCCB,22,5,60,213.00,"12,780.00"
2019-01-21,2019012101011751,NCCB,38,5,"1,000",213.00,"213,000.00"
2019-01-21,2019012101011750,NCCB,54,5,"1,000",213.00,"213,000.00"
2019-01-21,2019012101011749,NCCB,37,5,20,213.00,"4,260.00"
2019-01-21,2019012101011748,NCCB,39,5,400,214.00,"85,600.00"
2019-01-21,2019012101011747,NCCB,45,5,249,214.00,"53,286.00"
2019-01-21,2019012101011653,NGPL,58,47,11,131.00,"1,441.00"
2019-01-21,2019012101011715,NIB,57,42,20,536.00,"10,720.00"
2019-01-21,2019012101011643,NIB,25,20,45,534.00,"24,030.00"
2019-01-21,2019012101011642,NIB,17,20,50,535.00,"26,750.00"
2019-01-21,2019012101011641,NIB,11,20,50,535.00,"26,750.00"
2019-01-21,2019012101011640,NIB,37,20,25,535.00,"13,375.00"
2019-01-21,2019012101011639,NIB,22,20,100,535.00,"53,500.00"
2019-01-21,2019012101011638,NIB,26,20,50,535.00,"26,750.00"
2019-01-21,2019012101011637,NIB,59,20,100,535.00,"53,500.00"
2019-01-21,2019012101011636,NIB,41,20,100,535.00,"53,500.00"
2019-01-21,2019012101011606,NIB,45,54,707,535.00,"378,245.00"
2019-01-21,2019012101011478,NIB,40,42,100,536.00,"53,600.00"
2019-01-21,2019012101011923,NICA,38,51,"1,000",389.00,"389,000.00"
2019-01-21,2019012101011907,NICA,28,51,200,389.00,"77,800.00"
2019-01-21,2019012101011706,NICA,53,51,500,389.00,"194,500.00"
2019-01-21,2019012101011675,NICA,22,51,300,389.00,"116,700.00"
2019-01-21,2019012101011674,NICA,25,51,100,389.00,"38,900.00"
2019-01-21,2019012101011673,NICA,38,51,200,389.00,"77,800.00"
2019-01-21,2019012101011672,NICA,47,51,208,389.00,"80,912.00"
2019-01-21,2019012101011551,NICA,33,58,500,390.00,"195,000.00"
2019-01-21,2019012101011959,NICL,41,1,200,567.00,"113,400.00"
2019-01-21,2019012101011828,NICL,44,34,100,562.00,"56,200.00"
2019-01-21,2019012101011724,NICL,44,36,291,562.00,"163,542.00"
2019-01-21,2019012101011723,NICL,8,36,100,563.00,"56,300.00"
2019-01-21,2019012101011722,NICL,46,36,110,563.00,"61,930.00"
2019-01-21,2019012101011974,NIL,48,50,10,536.00,"5,360.00"
2019-01-21,2019012101011767,NIL,33,22,500,532.00,"266,000.00"
2019-01-21,2019012101011705,NIL,29,50,181,531.00,"96,111.00"
2019-01-21,2019012101011704,NIL,53,50,319,531.00,"169,389.00"
2019-01-21,2019012101011635,NIL,53,50,181,531.00,"96,111.00"
2019-01-21,2019012101011634,NIL,35,50,50,532.00,"26,600.00"
2019-01-21,2019012101011746,NLBBL,53,6,100,470.00,"47,000.00"
2019-01-21,2019012101011745,NLBBL,14,6,28,471.00,"13,188.00"
2019-01-21,2019012101011915,NLIC,57,26,26,"1,096.00","28,496.00"
2019-01-21,2019012101011905,NLIC,57,26,12,"1,096.00","13,152.00"
2019-01-21,2019012101011904,NLIC,33,26,12,"1,096.00","13,152.00"
2019-01-21,2019012101011833,NLIC,6,16,20,"1,100.00","22,000.00"
2019-01-21,2019012101011811,NLIC,57,22,191,"1,097.00","209,527.00"
2019-01-21,2019012101011795,NLIC,58,43,18,"1,096.00","19,728.00"
2019-01-21,2019012101011477,NLIC,34,35,290,"1,096.00","317,840.00"
2019-01-21,2019012101011476,NLIC,33,35,200,"1,097.00","219,400.00"
2019-01-21,2019012101011698,NLIC,33,43,38,"1,096.00","41,648.00"
2019-01-21,2019012101011697,NLIC,45,43,50,"1,096.00","54,800.00"
2019-01-21,2019012101011696,NLIC,40,43,20,"1,096.00","21,920.00"
2019-01-21,2019012101011695,NLIC,34,43,192,"1,096.00","210,432.00"
2019-01-21,2019012101011598,NLIC,56,22,100,"1,097.00","109,700.00"
2019-01-21,2019012101011501,NLIC,34,7,121,"1,096.00","132,616.00"
2019-01-21,2019012101011939,NLICL,35,54,100,685.00,"68,500.00"
2019-01-21,2019012101011876,NLICL,8,34,227,683.00,"155,041.00"
2019-01-21,2019012101011875,NLICL,14,34,50,683.00,"34,150.00"
2019-01-21,2019012101011874,NLICL,33,34,135,683.00,"92,205.00"
2019-01-21,2019012101011873,NLICL,45,34,88,684.00,"60,192.00"
2019-01-21,2019012101011829,NLICL,45,49,12,684.00,"8,208.00"
2019-01-21,2019012101011807,NLICL,8,49,100,684.00,"68,400.00"
2019-01-21,2019012101011508,NLICL,8,16,98,688.00,"67,424.00"
2019-01-21,2019012101011498,NLICL,8,6,88,687.00,"60,456.00"
2019-01-21,2019012101011958,NMB,6,49,105,319.00,"33,495.00"
2019-01-21,2019012101011950,NMB,11,49,200,320.00,"64,000.00"
2019-01-21,2019012101011671,NMB,6,25,11,319.00,"3,509.00"
2019-01-21,2019012101011613,NMB,47,37,57,320.00,"18,240.00"
2019-01-21,2019012101011612,NMB,47,37,57,320.00,"18,240.00"
2019-01-21,2019012101011611,NMB,47,37,57,320.00,"18,240.00"
2019-01-21,2019012101011610,NMB,47,37,57,320.00,"18,240.00"
2019-01-21,2019012101011609,NMB,47,37,28,320.00,"8,960.00"
2019-01-21,2019012101011528,NMB,6,25,789,319.00,"251,691.00"
2019-01-21,2019012101011899,NMBHF1,45,40,"1,942",9.17,"17,808.14"
2019-01-21,2019012101011592,NMBMF,26,10,50,"1,069.00","53,450.00"
2019-01-21,2019012101011591,NMBMF,33,10,50,"1,071.00","53,550.00"
2019-01-21,2019012101011590,NMBMF,6,10,100,"1,080.00","108,000.00"
2019-01-21,2019012101011576,NMBMF,41,10,40,"1,090.00","43,600.00"
2019-01-21,2019012101011575,NMBMF,38,10,100,"1,091.00","109,100.00"
2019-01-21,2019012101011574,NMBMF,41,10,60,"1,100.00","66,000.00"
2019-01-21,2019012101011766,NMBSF1,28,32,"2,800",10.30,"28,840.00"
2019-01-21,2019012101011825,NTC,6,54,100,726.00,"72,600.00"
2019-01-21,2019012101011860,NUBL,26,28,30,753.00,"22,590.00"
2019-01-21,2019012101011859,NUBL,37,28,500,765.00,"382,500.00"
2019-01-21,2019012101011858,NUBL,17,28,100,765.00,"76,500.00"
2019-01-21,2019012101011857,NUBL,39,28,50,766.00,"38,300.00"
2019-01-21,2019012101011856,NUBL,42,28,20,766.00,"15,320.00"
2019-01-21,2019012101011855,NUBL,39,28,100,768.00,"76,800.00"
2019-01-21,2019012101011757,OHL,25,49,50,442.00,"22,100.00"
2019-01-21,2019012101011756,OHL,55,49,61,442.00,"26,962.00"
2019-01-21,2019012101011903,PCBL,43,54,500,325.00,"162,500.00"
2019-01-21,2019012101011556,PCBL,43,28,500,326.00,"163,000.00"
2019-01-21,2019012101011555,PCBL,43,42,13,326.00,"4,238.00"
2019-01-21,2019012101011554,PCBL,43,40,"1,000",326.00,"326,000.00"
2019-01-21,2019012101011553,PCBL,43,8,585,325.00,"190,125.00"
2019-01-21,2019012101011552,PCBL,43,42,250,324.00,"81,000.00"
2019-01-21,2019012101011499,PCBL,17,37,11,324.00,"3,564.00"
2019-01-21,2019012101011741,PIC,35,57,21,"1,040.00","21,840.00"
2019-01-21,2019012101011740,PIC,46,57,25,"1,040.00","26,000.00"
2019-01-21,2019012101011739,PIC,50,57,50,"1,040.00","52,000.00"
2019-01-21,2019012101011738,PIC,36,57,50,"1,040.00","52,000.00"
2019-01-21,2019012101011737,PIC,45,57,500,"1,040.00","520,000.00"
2019-01-21,2019012101011736,PIC,33,57,150,"1,040.00","156,000.00"
2019-01-21,2019012101011735,PIC,33,57,100,"1,041.00","104,100.00"
2019-01-21,2019012101011734,PIC,45,57,413,"1,041.00","429,933.00"
2019-01-21,2019012101011709,PIC,45,39,11,"1,041.00","11,451.00"
2019-01-21,2019012101011629,PIC,45,49,76,"1,041.00","79,116.00"
2019-01-21,2019012101011628,PIC,28,49,90,"1,042.00","93,780.00"
2019-01-21,2019012101011627,PIC,33,49,334,"1,042.00","348,028.00"
2019-01-21,2019012101011938,PICL,43,36,15,696.00,"10,440.00"
2019-01-21,2019012101011937,PICL,6,36,100,697.00,"69,700.00"
2019-01-21,2019012101011936,PICL,56,36,100,698.00,"69,800.00"
2019-01-21,2019012101011515,PICL,22,10,130,697.00,"90,610.00"
2019-01-21,2019012101011922,PMHPL,43,54,10,108.00,"1,080.00"
2019-01-21,2019012101011921,PMHPL,43,34,10,108.00,"1,080.00"
2019-01-21,2019012101011839,PMHPL,43,39,10,107.00,"1,070.00"
2019-01-21,2019012101011669,PMHPL,43,47,10,107.00,"1,070.00"
2019-01-21,2019012101011831,PRIN,25,50,89,448.00,"39,872.00"
2019-01-21,2019012101011785,PRIN,28,50,366,448.00,"163,968.00"
2019-01-21,2019012101011651,PRIN,8,50,200,448.00,"89,600.00"
2019-01-21,2019012101011586,PRIN,28,46,134,445.00,"59,630.00"
2019-01-21,2019012101011585,PRIN,35,46,10,446.00,"4,460.00"
2019-01-21,2019012101011584,PRIN,51,46,50,446.00,"22,300.00"
2019-01-21,2019012101011583,PRIN,28,46,156,446.00,"69,576.00"
2019-01-21,2019012101011535,PRIN,28,22,344,446.00,"153,424.00"
2019-01-21,2019012101011534,PRIN,25,22,300,446.00,"133,800.00"
2019-01-21,2019012101011533,PRIN,28,22,56,446.00,"24,976.00"
2019-01-21,2019012101011940,PRVU,44,58,83,240.00,"19,920.00"
2019-01-21,2019012101011912,PRVU,44,32,240,240.00,"57,600.00"
2019-01-21,2019012101011911,PRVU,35,32,110,241.00,"26,510.00"
2019-01-21,2019012101011726,PRVU,35,1,900,241.00,"216,900.00"
2019-01-21,2019012101011725,PRVU,35,58,"1,490",241.00,"359,090.00"
2019-01-21,2019012101011712,PRVU,35,58,510,241.00,"122,910.00"
2019-01-21,2019012101011711,PRVU,35,13,490,241.00,"118,090.00"
2019-01-21,2019012101011710,PRVU,35,55,"1,000",240.00,"240,000.00"
2019-01-21,2019012101011626,RADHI,13,37,11,164.00,"1,804.00"
2019-01-21,2019012101011973,RBCL,42,58,10,"9,385.00","93,850.00"
2019-01-21,2019012101011972,RBCL,18,58,10,"9,390.00","93,900.00"
2019-01-21,2019012101011971,RBCL,25,58,10,"9,391.00","93,910.00"
2019-01-21,2019012101011707,RBCL,6,35,30,"9,385.00","281,550.00"
2019-01-21,2019012101011871,RSDC,28,6,163,392.00,"63,896.00"
2019-01-21,2019012101011870,RSDC,28,6,35,392.00,"13,720.00"
2019-01-21,2019012101011708,RSDC,28,47,57,391.00,"22,287.00"
2019-01-21,2019012101011935,SANIMA,22,14,235,301.00,"70,735.00"
2019-01-21,2019012101011850,SANIMA,22,14,590,301.00,"177,590.00"
2019-01-21,2019012101011849,SANIMA,14,14,190,301.00,"57,190.00"
2019-01-21,2019012101011848,SANIMA,58,14,50,301.00,"15,050.00"
2019-01-21,2019012101011847,SANIMA,38,14,25,301.00,"7,525.00"
2019-01-21,2019012101011846,SANIMA,44,14,500,301.00,"150,500.00"
2019-01-21,2019012101011652,SANIMA,6,6,"5,000",302.00,"1,510,000.00"
2019-01-21,2019012101011618,SANIMA,28,6,500,302.00,"151,000.00"
2019-01-21,2019012101011617,SANIMA,28,6,500,302.00,"151,000.00"
2019-01-21,2019012101011616,SANIMA,32,6,500,302.00,"151,000.00"
2019-01-21,2019012101011845,SANIMA,39,14,25,301.00,"7,525.00"
2019-01-21,2019012101011844,SANIMA,45,14,50,301.00,"15,050.00"
2019-01-21,2019012101011843,SANIMA,7,14,20,301.00,"6,020.00"
2019-01-21,2019012101011842,SANIMA,42,14,100,301.00,"30,100.00"
2019-01-21,2019012101011841,SANIMA,57,14,150,301.00,"45,150.00"
2019-01-21,2019012101011838,SANIMA,6,6,"1,000",302.00,"302,000.00"
2019-01-21,2019012101011920,SBI,56,37,200,399.00,"79,800.00"
2019-01-21,2019012101011919,SBI,56,57,500,398.00,"199,000.00"
2019-01-21,2019012101011918,SBI,56,45,20,396.00,"7,920.00"
2019-01-21,2019012101011917,SBI,56,17,"1,000",395.00,"395,000.00"
2019-01-21,2019012101011969,SBL,34,1,300,288.00,"86,400.00"
2019-01-21,2019012101011968,SBL,34,33,465,288.00,"133,920.00"
2019-01-21,2019012101011615,SBL,53,33,500,288.00,"144,000.00"
2019-01-21,2019012101011608,SBL,8,46,161,287.00,"46,207.00"
2019-01-21,2019012101011569,SBL,4,33,35,288.00,"10,080.00"
2019-01-21,2019012101011526,SBL,8,49,200,287.00,"57,400.00"
2019-01-21,2019012101011812,SCB,41,38,132,571.00,"75,372.00"
2019-01-21,2019012101011774,SCB,41,43,22,571.00,"12,562.00"
2019-01-21,2019012101011826,SDESI,33,54,100,610.00,"61,000.00"
2019-01-21,2019012101011536,SHINE,28,16,25,249.00,"6,225.00"
2019-01-21,2019012101011864,SHL,55,21,130,202.00,"26,260.00"
2019-01-21,2019012101011863,SHL,17,21,100,202.00,"20,200.00"
2019-01-21,2019012101011862,SHL,58,21,100,203.00,"20,300.00"
2019-01-21,2019012101011861,SHL,45,21,270,203.00,"54,810.00"
2019-01-21,2019012101011729,SHPC,38,37,100,232.00,"23,200.00"
2019-01-21,2019012101011589,SHPC,29,11,52,230.00,"11,960.00"
2019-01-21,2019012101011588,SHPC,7,11,300,230.00,"69,000.00"
2019-01-21,2019012101011587,SHPC,37,11,28,231.00,"6,468.00"
2019-01-21,2019012101011805,SICL,42,16,135,924.00,"124,740.00"
2019-01-21,2019012101011804,SICL,43,16,50,924.00,"46,200.00"
2019-01-21,2019012101011803,SICL,5,16,25,924.00,"23,100.00"
2019-01-21,2019012101011806,SINDU,52,41,100,123.00,"12,300.00"
2019-01-21,2019012101011791,SINDU,52,21,100,125.00,"12,500.00"
2019-01-21,2019012101011788,SINDU,29,51,111,123.00,"13,653.00"
2019-01-21,2019012101011721,SINDU,29,32,100,123.00,"12,300.00"
2019-01-21,2019012101011944,SKBBL,13,38,100,873.00,"87,300.00"
2019-01-21,2019012101011491,SKBBL,17,22,50,875.00,"43,750.00"
2019-01-21,2019012101011504,SLBBL,49,10,320,535.00,"171,200.00"
2019-01-21,2019012101011837,SLICL,45,29,10,557.00,"5,570.00"
2019-01-21,2019012101011934,SRBL,56,32,500,214.00,"107,000.00"
2019-01-21,2019012101011814,SWBBL,11,33,20,837.00,"16,740.00"
2019-01-21,2019012101011813,SWBBL,51,33,68,837.00,"56,916.00"
2019-01-21,2019012101011810,SWBBL,54,38,250,838.00,"209,500.00"
2019-01-21,2019012101011742,SWBBL,51,22,50,837.00,"41,850.00"
2019-01-21,2019012101011693,SWBBL,51,33,60,837.00,"50,220.00"
2019-01-21,2019012101011607,SWBBL,55,38,50,838.00,"41,900.00"
2019-01-21,2019012101011558,SWBBL,45,35,10,841.00,"8,410.00"
2019-01-21,2019012101011579,SWBBL,51,35,90,837.00,"75,330.00"
2019-01-21,2019012101011578,SWBBL,59,35,20,838.00,"16,760.00"
2019-01-21,2019012101011577,SWBBL,35,35,10,839.00,"8,390.00"
2019-01-21,2019012101011561,SWBBL,33,35,100,840.00,"84,000.00"
2019-01-21,2019012101011560,SWBBL,17,35,50,840.00,"42,000.00"
2019-01-21,2019012101011559,SWBBL,42,35,20,840.00,"16,800.00"
2019-01-21,2019012101011793,TRH,56,13,50,248.00,"12,400.00"
2019-01-21,2019012101011792,TRH,42,13,290,248.00,"71,920.00"
2019-01-21,2019012101011744,TRH,54,48,50,250.00,"12,500.00"
2019-01-21,2019012101011733,UFL,39,51,450,154.00,"69,300.00"
2019-01-21,2019012101011732,UFL,17,51,50,155.00,"7,750.00"
2019-01-21,2019012101011731,UFL,17,51,500,156.00,"78,000.00"
2019-01-21,2019012101011964,UPPER,32,18,30,263.00,"7,890.00"
2019-01-21,2019012101011963,UPPER,32,47,20,263.00,"5,260.00"
2019-01-21,2019012101011824,UPPER,51,47,30,263.00,"7,890.00"
2019-01-21,2019012101011823,UPPER,51,17,40,263.00,"10,520.00"
2019-01-21,2019012101011822,UPPER,51,45,40,263.00,"10,520.00"
2019-01-21,2019012101011516,UPPER,51,44,45,263.00,"11,835.00"
2019-01-21,2019012101011500,UPPER,44,44,30,263.00,"7,890.00"
2019-01-21,2019012101011492,UPPER,10,44,100,263.00,"26,300.00"
2019-01-21,2019012101011622,UPPER,32,32,40,263.00,"10,520.00"
2019-01-21,2019012101011621,UPPER,32,52,50,263.00,"13,150.00"
2019-01-21,2019012101011620,UPPER,32,51,50,263.00,"13,150.00"
2019-01-21,2019012101011619,UPPER,32,33,40,263.00,"10,520.00"
2019-01-21,2019012101011605,UPPER,48,8,97,263.00,"25,511.00"
2019-01-21,2019012101011597,UPPER,32,42,50,263.00,"13,150.00"
2019-01-21,2019012101011659,UPPER,22,7,30,263.00,"7,890.00"
2019-01-21,2019012101011658,UPPER,45,7,20,263.00,"5,260.00"
2019-01-21,2019012101011657,UPPER,45,40,30,263.00,"7,890.00"
2019-01-21,2019012101011625,UPPER,32,40,20,263.00,"5,260.00"
2019-01-21,2019012101011624,UPPER,32,1,50,263.00,"13,150.00"
2019-01-21,2019012101011623,UPPER,32,6,50,263.00,"13,150.00"
2019-01-21,2019012101011665,UPPER,22,40,50,263.00,"13,150.00"
2019-01-21,2019012101011664,UPPER,22,58,50,263.00,"13,150.00"
2019-01-21,2019012101011663,UPPER,22,49,40,263.00,"10,520.00"
2019-01-21,2019012101011662,UPPER,22,45,40,263.00,"10,520.00"
2019-01-21,2019012101011661,UPPER,22,32,500,263.00,"131,500.00"
2019-01-21,2019012101011660,UPPER,22,52,40,263.00,"10,520.00"
2019-01-21,2019012101011680,UPPER,11,18,50,263.00,"13,150.00"
2019-01-21,2019012101011679,UPPER,11,39,40,263.00,"10,520.00"
2019-01-21,2019012101011678,UPPER,11,26,50,263.00,"13,150.00"
2019-01-21,2019012101011677,UPPER,11,25,93,263.00,"24,459.00"
2019-01-21,2019012101011667,UPPER,22,25,200,263.00,"52,600.00"
2019-01-21,2019012101011666,UPPER,22,58,50,263.00,"13,150.00"
2019-01-21,2019012101011686,UPPER,11,39,27,263.00,"7,101.00"
2019-01-21,2019012101011685,UPPER,11,58,50,263.00,"13,150.00"
2019-01-21,2019012101011684,UPPER,11,45,50,263.00,"13,150.00"
2019-01-21,2019012101011683,UPPER,11,28,50,263.00,"13,150.00"
2019-01-21,2019012101011682,UPPER,11,38,50,263.00,"13,150.00"
2019-01-21,2019012101011681,UPPER,11,40,40,263.00,"10,520.00"
2019-01-21,2019012101011773,UPPER,48,13,3,263.00,789.00
2019-01-21,2019012101011772,UPPER,26,13,37,263.00,"9,731.00"
2019-01-21,2019012101011771,UPPER,26,7,40,263.00,"10,520.00"
2019-01-21,2019012101011770,UPPER,26,17,50,263.00,"13,150.00"
2019-01-21,2019012101011769,UPPER,26,10,50,263.00,"13,150.00"
2019-01-21,2019012101011768,UPPER,26,39,23,263.00,"6,049.00"
2019-01-21,2019012101011821,UPPER,51,40,50,263.00,"13,150.00"
2019-01-21,2019012101011820,UPPER,51,57,40,263.00,"10,520.00"
2019-01-21,2019012101011819,UPPER,51,18,50,263.00,"13,150.00"
2019-01-21,2019012101011818,UPPER,51,56,50,263.00,"13,150.00"
2019-01-21,2019012101011532,WOMI,34,19,50,"1,130.00","56,500.00"
2019-01-21,2019012101011336,ADBL,50,19,19,342.00,"6,498.00"
2019-01-21,2019012101011136,ADBL,50,19,105,342.00,"35,910.00"
2019-01-21,2019012101011062,ADBL,59,40,72,343.00,"24,696.00"
2019-01-21,2019012101011453,AHPC,42,25,20,103.00,"2,060.00"
2019-01-21,2019012101011242,AHPC,19,59,29,104.00,"3,016.00"
2019-01-21,2019012101011469,AKJCL,26,46,10,82.00,820.00
2019-01-21,2019012101011302,AKJCL,26,34,20,82.00,"1,640.00"
2019-01-21,2019012101011293,AKJCL,26,34,20,82.00,"1,640.00"
2019-01-21,2019012101011451,AMFI,40,40,10,726.00,"7,260.00"
2019-01-21,2019012101011301,AMFI,21,6,10,725.00,"7,250.00"
2019-01-21,2019012101011089,AMFI,57,29,10,720.00,"7,200.00"
2019-01-21,2019012101011474,API,58,54,200,147.00,"29,400.00"
2019-01-21,2019012101011473,API,42,54,48,147.00,"7,056.00"
2019-01-21,2019012101011410,API,42,54,52,147.00,"7,644.00"
2019-01-21,2019012101011409,API,38,54,60,147.00,"8,820.00"
2019-01-21,2019012101011408,API,35,54,18,148.00,"2,664.00"
2019-01-21,2019012101011405,API,6,6,1,147.00,147.00
2019-01-21,2019012101011184,API,25,57,18,149.00,"2,682.00"
2019-01-21,2019012101011388,BOKL,34,53,500,258.00,"129,000.00"
2019-01-21,2019012101011145,BOKL,4,48,14,259.00,"3,626.00"
2019-01-21,2019012101011144,BOKL,4,29,36,259.00,"9,324.00"
2019-01-21,2019012101011433,BPCL,1,37,10,368.00,"3,680.00"
2019-01-21,2019012101011299,BPCL,40,58,50,368.00,"18,400.00"
2019-01-21,2019012101011298,BPCL,1,58,150,368.00,"55,200.00"
2019-01-21,2019012101011297,BPCL,43,58,80,368.00,"29,440.00"
2019-01-21,2019012101011247,BPCL,7,17,60,369.00,"22,140.00"
2019-01-21,2019012101011200,BPCL,7,37,10,369.00,"3,690.00"
2019-01-21,2019012101011006,BPCL,7,37,10,369.00,"3,690.00"
2019-01-21,2019012101011219,CCBL,50,55,33,171.00,"5,643.00"
2019-01-21,2019012101011467,CHCL,28,47,13,531.00,"6,903.00"
2019-01-21,2019012101011324,CHCL,28,51,80,531.00,"42,480.00"
2019-01-21,2019012101011325,CIT,5,39,30,"2,515.00","75,450.00"
2019-01-21,2019012101011161,CIT,25,33,20,"2,514.00","50,280.00"
2019-01-21,2019012101011143,CIT,42,33,30,"2,514.00","75,420.00"
2019-01-21,2019012101011004,CIT,36,19,50,"2,508.00","125,400.00"
2019-01-21,2019012101011003,CIT,52,19,50,"2,508.00","125,400.00"
2019-01-21,2019012101011331,CMF1,42,40,100,9.23,923.00
2019-01-21,2019012101011113,CZBIL,1,38,139,214.00,"29,746.00"
2019-01-21,2019012101010984,DBBL,48,37,660,125.00,"82,500.00"
2019-01-21,2019012101010983,DBBL,25,37,340,125.00,"42,500.00"
2019-01-21,2019012101011450,DDBL,16,32,303,570.00,"172,710.00"
2019-01-21,2019012101011304,DDBL,16,7,197,570.00,"112,290.00"
2019-01-21,2019012101011016,FOWAD,41,59,20,"1,533.00","30,660.00"
2019-01-21,2019012101010985,FOWAD,41,37,15,"1,530.00","22,950.00"
2019-01-21,2019012101011389,GBBL,45,37,17,185.00,"3,145.00"
2019-01-21,2019012101011139,GBBL,45,37,17,185.00,"3,145.00"
2019-01-21,2019012101011364,GBIME,41,37,21,259.00,"5,439.00"
2019-01-21,2019012101011361,GBIME,43,36,143,260.00,"37,180.00"
2019-01-21,2019012101011351,GBIME,45,36,"2,000",260.00,"520,000.00"
2019-01-21,2019012101011350,GBIME,25,36,"1,000",260.00,"260,000.00"
2019-01-21,2019012101011349,GBIME,16,36,"1,000",260.00,"260,000.00"
2019-01-21,2019012101011348,GBIME,34,36,500,260.00,"130,000.00"
2019-01-21,2019012101011110,GBIME,55,37,23,262.00,"6,026.00"
2019-01-21,2019012101011341,GBIME,14,36,200,262.00,"52,400.00"
2019-01-21,2019012101011340,GBIME,38,36,100,262.00,"26,200.00"
2019-01-21,2019012101011339,GBIME,26,36,200,262.00,"52,400.00"
2019-01-21,2019012101011338,GBIME,55,36,"2,057",262.00,"538,934.00"
2019-01-21,2019012101011172,GBIME,55,10,68,262.00,"17,816.00"
2019-01-21,2019012101011128,GBIME,55,10,68,262.00,"17,816.00"
2019-01-21,2019012101011347,GBIME,32,36,300,261.00,"78,300.00"
2019-01-21,2019012101011346,GBIME,32,36,200,261.00,"52,200.00"
2019-01-21,2019012101011345,GBIME,34,36,200,261.00,"52,200.00"
2019-01-21,2019012101011344,GBIME,10,36,500,261.00,"130,500.00"
2019-01-21,2019012101011343,GBIME,51,36,500,261.00,"130,500.00"
2019-01-21,2019012101011342,GBIME,47,36,100,261.00,"26,100.00"
2019-01-21,2019012101011093,GBLBS,13,25,200,439.00,"87,800.00"
2019-01-21,2019012101011010,GBLBS,45,34,10,435.00,"4,350.00"
2019-01-21,2019012101011371,GDBL,45,49,956,187.00,"178,772.00"
2019-01-21,2019012101011370,GDBL,48,49,100,187.00,"18,700.00"
2019-01-21,2019012101011369,GDBL,49,49,140,187.00,"26,180.00"
2019-01-21,2019012101011404,GILB,11,46,11,"1,185.00","13,035.00"
2019-01-21,2019012101010979,HBL,11,17,10,449.00,"4,490.00"
2019-01-21,2019012101011459,HGI,55,50,100,395.00,"39,500.00"
2019-01-21,2019012101011458,HGI,33,50,100,395.00,"39,500.00"
2019-01-21,2019012101011457,HGI,25,50,50,396.00,"19,800.00"
2019-01-21,2019012101011456,HGI,43,50,30,396.00,"11,880.00"
2019-01-21,2019012101011455,HGI,41,50,60,396.00,"23,760.00"
2019-01-21,2019012101011308,HGI,41,28,280,396.00,"110,880.00"
2019-01-21,2019012101011307,HGI,42,28,100,397.00,"39,700.00"
2019-01-21,2019012101011306,HGI,35,28,20,397.00,"7,940.00"
2019-01-21,2019012101011014,HIDCL,42,6,26,147.00,"3,822.00"
2019-01-21,2019012101011077,HPPL,22,55,10,180.00,"1,800.00"
2019-01-21,2019012101011007,JBNL,38,57,168,167.00,"28,056.00"
2019-01-21,2019012101011151,KBL,33,49,206,248.00,"51,088.00"
2019-01-21,2019012101011150,KBL,33,26,15,248.00,"3,720.00"
2019-01-21,2019012101011046,KBL,58,19,100,247.00,"24,700.00"
2019-01-21,2019012101011123,KMFL,35,29,16,941.00,"15,056.00"
2019-01-21,2019012101011122,KMFL,35,48,20,940.00,"18,800.00"
2019-01-21,2019012101011437,KNBL,17,7,100,116.00,"11,600.00"
2019-01-21,2019012101011436,KNBL,44,7,100,116.00,"11,600.00"
2019-01-21,2019012101011435,KNBL,17,7,300,116.00,"34,800.00"
2019-01-21,2019012101010987,KPCL,6,34,10,96.00,960.00
2019-01-21,2019012101011015,KPCL,6,16,10,96.00,960.00
2019-01-21,2019012101011042,KPCL,6,16,10,96.00,960.00
2019-01-21,2019012101011076,KPCL,6,57,10,96.00,960.00
2019-01-21,2019012101011092,KPCL,6,16,10,96.00,960.00
2019-01-21,2019012101011260,KPCL,6,10,10,96.00,960.00
2019-01-21,2019012101011290,KPCL,6,34,10,96.00,960.00
2019-01-21,2019012101011399,KSBBL,5,37,100,136.00,"13,600.00"
2019-01-21,2019012101011378,KSBBL,45,49,"1,000",136.00,"136,000.00"
2019-01-21,2019012101011377,KSBBL,20,49,500,136.00,"68,000.00"
2019-01-21,2019012101011376,KSBBL,1,49,215,136.00,"29,240.00"
2019-01-21,2019012101011175,KSBBL,1,37,85,136.00,"11,560.00"
2019-01-21,2019012101011174,KSBBL,17,37,15,136.00,"2,040.00"
2019-01-21,2019012101011009,KSBBL,17,43,85,136.00,"11,560.00"
2019-01-21,2019012101011008,KSBBL,1,43,715,136.00,"97,240.00"
2019-01-21,2019012101010990,KSBBL,18,49,50,137.00,"6,850.00"
2019-01-21,2019012101011337,LBL,53,37,26,220.00,"5,720.00"
2019-01-21,2019012101011471,MEGA,26,57,100,168.00,"16,800.00"
2019-01-21,2019012101011322,MEGA,26,6,712,168.00,"119,616.00"
2019-01-21,2019012101011246,MEGA,51,6,200,168.00,"33,600.00"
2019-01-21,2019012101011245,MEGA,16,6,100,168.00,"16,800.00"
2019-01-21,2019012101011244,MEGA,16,6,88,168.00,"14,784.00"
2019-01-21,2019012101011075,MEGA,4,10,56,169.00,"9,464.00"
2019-01-21,2019012101011074,MEGA,4,29,44,169.00,"7,436.00"
2019-01-21,2019012101010995,MEGA,16,29,700,168.00,"117,600.00"
2019-01-21,2019012101011449,MNBBL,16,6,480,347.00,"166,560.00"
2019-01-21,2019012101011394,MNBBL,16,49,50,347.00,"17,350.00"
2019-01-21,2019012101011393,MNBBL,16,49,450,347.00,"156,150.00"
2019-01-21,2019012101010977,MNBBL,16,6,200,348.00,"69,600.00"
2019-01-21,2019012101010976,MNBBL,16,25,50,348.00,"17,400.00"
2019-01-21,2019012101011333,MSLB,25,16,50,"1,402.00","70,100.00"
2019-01-21,2019012101011054,NABIL,56,45,120,842.00,"101,040.00"
2019-01-21,2019012101011470,NABILP,59,44,15,720.00,"10,800.00"
2019-01-21,2019012101011468,NBB,44,6,100,185.00,"18,500.00"
2019-01-21,2019012101011406,NBB,33,6,200,186.00,"37,200.00"
2019-01-21,2019012101011465,NCCB,37,19,12,213.00,"2,556.00"
2019-01-21,2019012101011452,NCCB,46,34,"1,000",214.00,"214,000.00"
2019-01-21,2019012101011434,NCCB,42,34,500,214.00,"107,000.00"
2019-01-21,2019012101011403,NCCB,42,34,200,214.00,"42,800.00"
2019-01-21,2019012101011367,NCCB,33,34,50,214.00,"10,700.00"
2019-01-21,2019012101011362,NCCB,42,34,500,214.00,"107,000.00"
2019-01-21,2019012101011352,NCCB,42,34,200,214.00,"42,800.00"
2019-01-21,2019012101011323,NCCB,42,34,500,214.00,"107,000.00"
2019-01-21,2019012101011312,NCCB,37,10,68,213.00,"14,484.00"
2019-01-21,2019012101011311,NCCB,14,10,500,213.00,"106,500.00"
2019-01-21,2019012101011305,NCCB,42,34,500,214.00,"107,000.00"
2019-01-21,2019012101011027,NCCB,47,34,"1,349",214.00,"288,686.00"
2019-01-21,2019012101011036,NGPL,58,37,11,131.00,"1,441.00"
2019-01-21,2019012101011448,NIB,45,42,14,536.00,"7,504.00"
2019-01-21,2019012101011330,NIB,4,42,30,536.00,"16,080.00"
2019-01-21,2019012101011229,NIB,45,34,50,535.00,"26,750.00"
2019-01-21,2019012101011391,NICA,47,45,200,389.00,"77,800.00"
2019-01-21,2019012101011303,NICA,47,21,500,389.00,"194,500.00"
2019-01-21,2019012101011191,NICL,46,1,250,563.00,"140,750.00"
2019-01-21,2019012101011372,NIL,50,50,10,536.00,"5,360.00"
2019-01-21,2019012101011169,NIL,16,34,100,532.00,"53,200.00"
2019-01-21,2019012101011168,NIL,11,34,50,532.00,"26,600.00"
2019-01-21,2019012101011167,NIL,58,34,20,532.00,"10,640.00"
2019-01-21,2019012101011038,NIL,42,16,191,533.00,"101,803.00"
2019-01-21,2019012101011366,NLBBL,14,21,50,471.00,"23,550.00"
2019-01-21,2019012101011358,NLG,33,8,20,845.00,"16,900.00"
2019-01-21,2019012101011475,NLIC,14,35,10,"1,097.00","10,970.00"
2019-01-21,2019012101011380,NLICL,33,19,20,683.00,"13,660.00"
2019-01-21,2019012101011387,NMB,6,52,315,319.00,"100,485.00"
2019-01-21,2019012101011357,NMB,22,37,29,320.00,"9,280.00"
2019-01-21,2019012101011356,NMB,22,37,71,320.00,"22,720.00"
2019-01-21,2019012101011329,NMB,6,58,57,319.00,"18,183.00"
2019-01-21,2019012101011320,NMB,49,37,86,320.00,"27,520.00"
2019-01-21,2019012101011319,NMB,49,37,171,320.00,"54,720.00"
2019-01-21,2019012101011318,NMB,49,43,43,320.00,"13,760.00"
2019-01-21,2019012101011125,NMBHF1,40,45,832,9.17,"7,629.44"
2019-01-21,2019012101011282,NSEWA,1,34,10,582.00,"5,820.00"
2019-01-21,2019012101011464,PIC,33,35,166,"1,042.00","172,972.00"
2019-01-21,2019012101011463,PIC,49,35,67,"1,042.00","69,814.00"
2019-01-21,2019012101011462,PIC,45,35,100,"1,043.00","104,300.00"
2019-01-21,2019012101011461,PIC,35,35,50,"1,044.00","52,200.00"
2019-01-21,2019012101011460,PIC,37,35,89,"1,044.00","92,916.00"
2019-01-21,2019012101011438,PIC,55,55,1,"1,024.00","1,024.00"
2019-01-21,2019012101011066,PIC,45,34,50,"1,045.00","52,250.00"
2019-01-21,2019012101011065,PIC,33,34,50,"1,046.00","52,300.00"
2019-01-21,2019012101011392,PIC,55,55,1,"1,039.00","1,039.00"
2019-01-21,2019012101011291,PIC,37,37,11,"1,044.00","11,484.00"
2019-01-21,2019012101011286,PIC,33,37,20,"1,044.00","20,880.00"
2019-01-21,2019012101011285,PIC,34,37,10,"1,044.00","10,440.00"
2019-01-21,2019012101011284,PIC,45,37,13,"1,044.00","13,572.00"
2019-01-21,2019012101011283,PIC,45,10,11,"1,044.00","11,484.00"
2019-01-21,2019012101011360,PICL,35,10,20,697.00,"13,940.00"
2019-01-21,2019012101011401,PLIC,28,10,49,492.00,"24,108.00"
2019-01-21,2019012101011288,PLIC,28,6,105,492.00,"51,660.00"
2019-01-21,2019012101011400,PMHPL,43,16,10,107.00,"1,070.00"
2019-01-21,2019012101011396,PMHPL,43,16,10,107.00,"1,070.00"
2019-01-21,2019012101011395,PMHPL,43,17,10,107.00,"1,070.00"
2019-01-21,2019012101011390,PMHPL,43,16,10,107.00,"1,070.00"
2019-01-21,2019012101011379,PMHPL,43,16,10,107.00,"1,070.00"
2019-01-21,2019012101011374,PMHPL,43,16,10,107.00,"1,070.00"
2019-01-21,2019012101011335,PMHPL,43,16,10,107.00,"1,070.00"
2019-01-21,2019012101011328,PMHPL,43,16,10,107.00,"1,070.00"
2019-01-21,2019012101011315,PMHPL,43,16,10,107.00,"1,070.00"
2019-01-21,2019012101011255,PMHPL,13,55,10,108.00,"1,080.00"
2019-01-21,2019012101011254,PMHPL,13,55,10,108.00,"1,080.00"
2019-01-21,2019012101011419,PRIN,49,43,200,447.00,"89,400.00"
2019-01-21,2019012101011365,PRIN,16,50,15,448.00,"6,720.00"
2019-01-21,2019012101011314,PRIN,28,37,200,446.00,"89,200.00"
2019-01-21,2019012101011313,PRIN,32,37,200,447.00,"89,400.00"
2019-01-21,2019012101011263,PRIN,28,25,244,446.00,"108,824.00"
2019-01-21,2019012101011262,PRIN,39,25,13,446.00,"5,798.00"
2019-01-21,2019012101011261,PRIN,47,25,500,447.00,"223,500.00"
2019-01-21,2019012101011216,PRIN,35,50,100,448.00,"44,800.00"
2019-01-21,2019012101011418,PRVU,13,13,"1,000",240.00,"240,000.00"
2019-01-21,2019012101011417,PRVU,51,13,300,240.00,"72,000.00"
2019-01-21,2019012101011416,PRVU,59,13,"1,000",240.00,"240,000.00"
2019-01-21,2019012101011415,PRVU,14,13,500,240.00,"120,000.00"
2019-01-21,2019012101011414,PRVU,51,13,225,240.00,"54,000.00"
2019-01-21,2019012101011413,PRVU,34,13,50,240.00,"12,000.00"
2019-01-21,2019012101011355,PRVU,46,4,50,240.00,"12,000.00"
2019-01-21,2019012101011281,PRVU,46,33,50,240.00,"12,000.00"
2019-01-21,2019012101011412,PRVU,38,13,"1,000",240.00,"240,000.00"
2019-01-21,2019012101011411,PRVU,46,13,143,240.00,"34,320.00"
2019-01-21,2019012101011375,PRVU,46,37,11,240.00,"2,640.00"
2019-01-21,2019012101011294,RADHI,13,37,11,164.00,"1,804.00"
2019-01-21,2019012101011171,RADHI,13,34,11,164.00,"1,804.00"
2019-01-21,2019012101011080,RADHI,13,37,11,164.00,"1,804.00"
2019-01-21,2019012101011094,RBCL,6,50,15,"9,399.00","140,985.00"
2019-01-21,2019012101011289,RBCLPO,59,33,10,"8,800.00","88,000.00"
2019-01-21,2019012101011292,RRHP,19,33,10,99.00,990.00
2019-01-21,2019012101011287,RRHP,17,10,10,100.00,"1,000.00"
2019-01-21,2019012101011173,RRHP,17,55,10,100.00,"1,000.00"
2019-01-21,2019012101011130,RRHP,40,34,10,100.00,"1,000.00"
2019-01-21,2019012101011332,SAEF,45,45,400,9.10,"3,640.00"
2019-01-21,2019012101011159,SBI,56,17,100,395.00,"39,500.00"
2019-01-21,2019012101011158,SBI,56,52,500,395.00,"197,500.00"
2019-01-21,2019012101011157,SBI,56,41,100,394.00,"39,400.00"
2019-01-21,2019012101011156,SBI,56,39,14,393.00,"5,502.00"
2019-01-21,2019012101011155,SBI,56,32,422,392.00,"165,424.00"
2019-01-21,2019012101011154,SBI,56,6,161,392.00,"63,112.00"
2019-01-21,2019012101011153,SBI,56,57,175,390.00,"68,250.00"
2019-01-21,2019012101011398,SBL,8,52,404,287.00,"115,948.00"
2019-01-21,2019012101011386,SBL,8,22,72,287.00,"20,664.00"
2019-01-21,2019012101011385,SBL,43,22,200,287.00,"57,400.00"
2019-01-21,2019012101011384,SBL,21,22,50,287.00,"14,350.00"
2019-01-21,2019012101011383,SBL,45,22,100,287.00,"28,700.00"
2019-01-21,2019012101011382,SBL,21,22,50,287.00,"14,350.00"
2019-01-21,2019012101011381,SBL,41,22,328,287.00,"94,136.00"
2019-01-21,2019012101011368,SCB,41,19,29,571.00,"16,559.00"
2019-01-21,2019012101011334,SCB,38,19,20,572.00,"11,440.00"
2019-01-21,2019012101011439,SDESI,43,46,11,610.00,"6,710.00"
2019-01-21,2019012101011402,SDESI,43,10,27,610.00,"16,470.00"
2019-01-21,2019012101011133,SDESI,33,21,29,611.00,"17,719.00"
2019-01-21,2019012101011079,SDESI,46,21,18,611.00,"10,998.00"
2019-01-21,2019012101011032,SDESI,57,21,23,611.00,"14,053.00"
2019-01-21,2019012101011466,SIL,6,10,370,650.00,"240,500.00"
2019-01-21,2019012101011310,SIL,6,50,30,650.00,"19,500.00"
2019-01-21,2019012101011309,SIL,6,10,100,650.00,"65,000.00"
2019-01-21,2019012101011430,SLBSL,56,40,130,505.00,"65,650.00"
2019-01-21,2019012101011429,SLBSL,56,40,20,505.00,"10,100.00"
2019-01-21,2019012101011428,SLBSL,43,40,50,505.00,"25,250.00"
2019-01-21,2019012101011427,SLBSL,39,40,100,505.00,"50,500.00"
2019-01-21,2019012101011420,SLBSL,47,40,50,505.00,"25,250.00"
2019-01-21,2019012101011426,SLBSL,49,40,20,505.00,"10,100.00"
2019-01-21,2019012101011425,SLBSL,34,40,500,505.00,"252,500.00"
2019-01-21,2019012101011424,SLBSL,38,40,10,505.00,"5,050.00"
2019-01-21,2019012101011423,SLBSL,6,40,10,505.00,"5,050.00"
2019-01-21,2019012101011422,SLBSL,25,40,100,505.00,"50,500.00"
2019-01-21,2019012101011421,SLBSL,38,40,10,505.00,"5,050.00"
2019-01-21,2019012101011296,SLICL,58,25,300,551.00,"165,300.00"
2019-01-21,2019012101011022,SLICL,18,29,10,557.00,"5,570.00"
2019-01-21,2019012101011454,SMB,59,34,10,640.00,"6,400.00"
2019-01-21,2019012101011447,SMFDB,17,10,500,700.00,"350,000.00"
2019-01-21,2019012101011446,SMFDB,45,10,100,700.00,"70,000.00"
2019-01-21,2019012101011445,SMFDB,28,10,10,700.00,"7,000.00"
2019-01-21,2019012101011444,SMFDB,58,10,50,700.00,"35,000.00"
2019-01-21,2019012101011443,SMFDB,50,10,10,700.00,"7,000.00"
2019-01-21,2019012101011442,SMFDB,53,10,300,701.00,"210,300.00"
2019-01-21,2019012101011441,SMFDB,1,10,50,701.00,"35,050.00"
2019-01-21,2019012101011440,SMFDB,40,10,70,702.00,"49,140.00"
2019-01-21,2019012101011359,SWBBL,46,7,40,842.00,"33,680.00"
2019-01-21,2019012101011354,SWBBL,16,7,100,842.00,"84,200.00"
2019-01-21,2019012101011353,SWBBL,35,7,10,842.00,"8,420.00"
2019-01-21,2019012101010978,SWBBL,45,33,50,845.00,"42,250.00"
2019-01-21,2019012101011407,TRH,42,37,10,248.00,"2,480.00"
2019-01-21,2019012101011363,UMHL,59,22,640,120.00,"76,800.00"
2019-01-21,2019012101011327,UMHL,56,22,21,120.00,"2,520.00"
2019-01-21,2019012101011326,UMHL,42,22,339,120.00,"40,680.00"
2019-01-21,2019012101011472,UPPER,51,44,100,263.00,"26,300.00"
2019-01-21,2019012101011432,UPPER,8,44,150,263.00,"39,450.00"
2019-01-21,2019012101011431,UPPER,32,44,20,263.00,"5,260.00"
2019-01-21,2019012101011373,UPPER,32,44,20,263.00,"5,260.00"
2019-01-21,2019012101011321,UPPER,49,44,40,263.00,"10,520.00"
2019-01-21,2019012101011317,UPPER,29,44,500,263.00,"131,500.00"
2019-01-21,2019012101010981,UPPER,10,10,40,263.00,"10,520.00"
2019-01-21,2019012101010980,UPPER,10,35,50,263.00,"13,150.00"
2019-01-21,2019012101010991,UPPER,10,52,50,263.00,"13,150.00"
2019-01-21,2019012101010989,UPPER,10,41,40,263.00,"10,520.00"
2019-01-21,2019012101010988,UPPER,10,21,40,263.00,"10,520.00"
2019-01-21,2019012101010986,UPPER,10,57,50,263.00,"13,150.00"
2019-01-21,2019012101010982,UPPER,10,28,50,263.00,"13,150.00"
2019-01-21,2019012101010998,UPPER,10,1,50,263.00,"13,150.00"
2019-01-21,2019012101010997,UPPER,10,40,40,263.00,"10,520.00"
2019-01-21,2019012101010996,UPPER,10,45,50,263.00,"13,150.00"
2019-01-21,2019012101010994,UPPER,10,38,50,263.00,"13,150.00"
2019-01-21,2019012101010993,UPPER,10,40,40,263.00,"10,520.00"
2019-01-21,2019012101010992,UPPER,10,1,50,263.00,"13,150.00"
2019-01-21,2019012101011011,UPPER,10,17,50,263.00,"13,150.00"
2019-01-21,2019012101011005,UPPER,10,28,50,263.00,"13,150.00"
2019-01-21,2019012101011002,UPPER,10,11,40,263.00,"10,520.00"
2019-01-21,2019012101011001,UPPER,10,57,50,263.00,"13,150.00"
2019-01-21,2019012101011000,UPPER,10,8,50,263.00,"13,150.00"
2019-01-21,2019012101010999,UPPER,10,39,50,263.00,"13,150.00"
2019-01-21,2019012101011019,UPPER,10,59,97,263.00,"25,511.00"
2019-01-21,2019012101011018,UPPER,10,40,50,263.00,"13,150.00"
2019-01-21,2019012101011017,UPPER,10,41,40,263.00,"10,520.00"
2019-01-21,2019012101011013,UPPER,10,40,40,263.00,"10,520.00"
2019-01-21,2019012101011012,UPPER,10,38,50,263.00,"13,150.00"
2019-01-21,2019012101011026,UPPER,11,40,40,263.00,"10,520.00"
2019-01-21,2019012101011025,UPPER,11,39,20,263.00,"5,260.00"
2019-01-21,2019012101011024,UPPER,47,39,20,263.00,"5,260.00"
2019-01-21,2019012101011023,UPPER,47,51,40,263.00,"10,520.00"
2019-01-21,2019012101011021,UPPER,47,57,40,263.00,"10,520.00"
2019-01-21,2019012101011020,UPPER,10,49,3,263.00,789.00
2019-01-21,2019012101011034,UPPER,11,57,40,263.00,"10,520.00"
2019-01-21,2019012101011033,UPPER,11,1,40,263.00,"10,520.00"
2019-01-21,2019012101011031,UPPER,11,1,40,263.00,"10,520.00"
2019-01-21,2019012101011030,UPPER,11,38,40,263.00,"10,520.00"
2019-01-21,2019012101011029,UPPER,11,16,40,263.00,"10,520.00"
2019-01-21,2019012101011028,UPPER,11,34,40,263.00,"10,520.00"
2019-01-21,2019012101011041,UPPER,11,57,50,263.00,"13,150.00"
2019-01-21,2019012101011040,UPPER,11,34,40,263.00,"10,520.00"
2019-01-21,2019012101011039,UPPER,11,39,40,263.00,"10,520.00"
2019-01-21,2019012101011037,UPPER,11,13,50,263.00,"13,150.00"
2019-01-21,2019012101011035,UPPER,11,52,50,263.00,"13,150.00"
2019-01-21,2019012101011049,UPPER,11,6,40,263.00,"10,520.00"
2019-01-21,2019012101011048,UPPER,11,52,40,263.00,"10,520.00"
2019-01-21,2019012101011047,UPPER,11,40,40,263.00,"10,520.00"
2019-01-21,2019012101011045,UPPER,11,28,40,263.00,"10,520.00"
2019-01-21,2019012101011044,UPPER,11,40,50,263.00,"13,150.00"
2019-01-21,2019012101011043,UPPER,11,38,40,263.00,"10,520.00"
2019-01-21,2019012101011056,UPPER,42,18,50,263.00,"13,150.00"
2019-01-21,2019012101011055,UPPER,11,13,50,263.00,"13,150.00"
2019-01-21,2019012101011053,UPPER,11,39,40,263.00,"10,520.00"
2019-01-21,2019012101011052,UPPER,11,34,40,263.00,"10,520.00"
2019-01-21,2019012101011051,UPPER,11,16,40,263.00,"10,520.00"
2019-01-21,2019012101011050,UPPER,11,22,50,263.00,"13,150.00"
2019-01-21,2019012101011067,UPPER,43,40,20,263.00,"5,260.00"
2019-01-21,2019012101011064,UPPER,43,40,20,263.00,"5,260.00"
2019-01-21,2019012101011063,UPPER,42,40,30,263.00,"7,890.00"
2019-01-21,2019012101011061,UPPER,42,58,40,263.00,"10,520.00"
2019-01-21,2019012101011060,UPPER,42,57,40,263.00,"10,520.00"
2019-01-21,2019012101011059,UPPER,42,26,40,263.00,"10,520.00"
2019-01-21,2019012101011073,UPPER,26,52,50,263.00,"13,150.00"
2019-01-21,2019012101011072,UPPER,26,26,50,263.00,"13,150.00"
2019-01-21,2019012101011071,UPPER,26,13,20,263.00,"5,260.00"
2019-01-21,2019012101011070,UPPER,43,13,30,263.00,"7,890.00"
2019-01-21,2019012101011069,UPPER,43,28,50,263.00,"13,150.00"
2019-01-21,2019012101011068,UPPER,43,40,20,263.00,"5,260.00"
2019-01-21,2019012101011084,UPPER,26,57,50,263.00,"13,150.00"
2019-01-21,2019012101011083,UPPER,26,52,40,263.00,"10,520.00"
2019-01-21,2019012101011082,UPPER,26,22,40,263.00,"10,520.00"
2019-01-21,2019012101011081,UPPER,26,39,50,263.00,"13,150.00"
2019-01-21,2019012101011078,UPPER,26,40,50,263.00,"13,150.00"
2019-01-21,2019012101011091,UPPER,26,40,40,263.00,"10,520.00"
2019-01-21,2019012101011090,UPPER,26,28,50,263.00,"13,150.00"
2019-01-21,2019012101011088,UPPER,26,40,40,263.00,"10,520.00"
2019-01-21,2019012101011087,UPPER,26,11,40,263.00,"10,520.00"
2019-01-21,2019012101011086,UPPER,26,13,40,263.00,"10,520.00"
2019-01-21,2019012101011085,UPPER,26,52,40,263.00,"10,520.00"
2019-01-21,2019012101011099,UPPER,26,22,40,263.00,"10,520.00"
2019-01-21,2019012101011098,UPPER,26,52,50,263.00,"13,150.00"
2019-01-21,2019012101011097,UPPER,26,18,50,263.00,"13,150.00"
2019-01-21,2019012101011096,UPPER,26,44,40,263.00,"10,520.00"
2019-01-21,2019012101011095,UPPER,26,52,50,263.00,"13,150.00"
2019-01-21,2019012101011105,UPPER,43,13,40,263.00,"10,520.00"
2019-01-21,2019012101011104,UPPER,43,39,10,263.00,"2,630.00"
2019-01-21,2019012101011103,UPPER,26,39,30,263.00,"7,890.00"
2019-01-21,2019012101011102,UPPER,26,57,50,263.00,"13,150.00"
2019-01-21,2019012101011101,UPPER,26,21,50,263.00,"13,150.00"
2019-01-21,2019012101011100,UPPER,26,8,40,263.00,"10,520.00"
2019-01-21,2019012101011112,UPPER,34,40,10,263.00,"2,630.00"
2019-01-21,2019012101011111,UPPER,19,40,30,263.00,"7,890.00"
2019-01-21,2019012101011109,UPPER,19,28,40,263.00,"10,520.00"
2019-01-21,2019012101011108,UPPER,19,52,50,263.00,"13,150.00"
2019-01-21,2019012101011107,UPPER,19,45,40,263.00,"10,520.00"
2019-01-21,2019012101011106,UPPER,43,45,50,263.00,"13,150.00"
2019-01-21,2019012101011119,UPPER,34,57,40,263.00,"10,520.00"
2019-01-21,2019012101011118,UPPER,34,1,50,263.00,"13,150.00"
2019-01-21,2019012101011117,UPPER,34,25,50,263.00,"13,150.00"
2019-01-21,2019012101011116,UPPER,34,58,40,263.00,"10,520.00"
2019-01-21,2019012101011115,UPPER,34,18,50,263.00,"13,150.00"
2019-01-21,2019012101011114,UPPER,34,52,50,263.00,"13,150.00"
2019-01-21,2019012101011129,UPPER,37,45,40,263.00,"10,520.00"
2019-01-21,2019012101011127,UPPER,37,40,30,263.00,"7,890.00"
2019-01-21,2019012101011126,UPPER,34,40,20,263.00,"5,260.00"
2019-01-21,2019012101011124,UPPER,34,40,50,263.00,"13,150.00"
2019-01-21,2019012101011121,UPPER,34,52,40,263.00,"10,520.00"
2019-01-21,2019012101011120,UPPER,34,11,50,263.00,"13,150.00"
2019-01-21,2019012101011138,UPPER,49,7,50,263.00,"13,150.00"
2019-01-21,2019012101011137,UPPER,49,58,50,263.00,"13,150.00"
2019-01-21,2019012101011135,UPPER,49,13,40,263.00,"10,520.00"
2019-01-21,2019012101011134,UPPER,49,1,40,263.00,"10,520.00"
2019-01-21,2019012101011132,UPPER,49,50,10,263.00,"2,630.00"
2019-01-21,2019012101011131,UPPER,37,50,30,263.00,"7,890.00"
2019-01-21,2019012101011148,UPPER,49,52,50,263.00,"13,150.00"
2019-01-21,2019012101011147,UPPER,49,52,40,263.00,"10,520.00"
2019-01-21,2019012101011146,UPPER,49,18,50,263.00,"13,150.00"
2019-01-21,2019012101011142,UPPER,49,58,40,263.00,"10,520.00"
2019-01-21,2019012101011141,UPPER,49,39,40,263.00,"10,520.00"
2019-01-21,2019012101011140,UPPER,49,13,40,263.00,"10,520.00"
2019-01-21,2019012101011164,UPPER,49,17,40,263.00,"10,520.00"
2019-01-21,2019012101011163,UPPER,49,40,50,263.00,"13,150.00"
2019-01-21,2019012101011162,UPPER,49,11,50,263.00,"13,150.00"
2019-01-21,2019012101011160,UPPER,49,40,40,263.00,"10,520.00"
2019-01-21,2019012101011152,UPPER,49,57,50,263.00,"13,150.00"
2019-01-21,2019012101011149,UPPER,49,28,50,263.00,"13,150.00"
2019-01-21,2019012101011178,UPPER,49,13,40,263.00,"10,520.00"
2019-01-21,2019012101011177,UPPER,49,7,40,263.00,"10,520.00"
2019-01-21,2019012101011176,UPPER,49,22,40,263.00,"10,520.00"
2019-01-21,2019012101011170,UPPER,49,58,50,263.00,"13,150.00"
2019-01-21,2019012101011166,UPPER,49,58,40,263.00,"10,520.00"
2019-01-21,2019012101011165,UPPER,49,39,40,263.00,"10,520.00"
2019-01-21,2019012101011185,UPPER,48,36,60,263.00,"15,780.00"
2019-01-21,2019012101011183,UPPER,48,40,50,263.00,"13,150.00"
2019-01-21,2019012101011182,UPPER,48,1,20,263.00,"5,260.00"
2019-01-21,2019012101011181,UPPER,47,1,20,263.00,"5,260.00"
2019-01-21,2019012101011180,UPPER,47,49,30,263.00,"7,890.00"
2019-01-21,2019012101011179,UPPER,49,49,20,263.00,"5,260.00"
2019-01-21,2019012101011192,UPPER,48,47,50,263.00,"13,150.00"
2019-01-21,2019012101011190,UPPER,48,58,50,263.00,"13,150.00"
2019-01-21,2019012101011189,UPPER,48,6,50,263.00,"13,150.00"
2019-01-21,2019012101011188,UPPER,48,57,50,263.00,"13,150.00"
2019-01-21,2019012101011187,UPPER,48,18,50,263.00,"13,150.00"
2019-01-21,2019012101011186,UPPER,48,13,40,263.00,"10,520.00"
2019-01-21,2019012101011198,UPPER,45,43,50,263.00,"13,150.00"
2019-01-21,2019012101011197,UPPER,45,48,40,263.00,"10,520.00"
2019-01-21,2019012101011196,UPPER,45,59,40,263.00,"10,520.00"
2019-01-21,2019012101011195,UPPER,45,38,10,263.00,"2,630.00"
2019-01-21,2019012101011194,UPPER,48,38,40,263.00,"10,520.00"
2019-01-21,2019012101011193,UPPER,48,42,40,263.00,"10,520.00"
2019-01-21,2019012101011205,UPPER,8,33,30,263.00,"7,890.00"
2019-01-21,2019012101011204,UPPER,42,33,20,263.00,"5,260.00"
2019-01-21,2019012101011203,UPPER,42,45,50,263.00,"13,150.00"
2019-01-21,2019012101011202,UPPER,42,40,40,263.00,"10,520.00"
2019-01-21,2019012101011201,UPPER,45,40,10,263.00,"2,630.00"
2019-01-21,2019012101011199,UPPER,45,52,50,263.00,"13,150.00"
2019-01-21,2019012101011211,UPPER,44,45,50,263.00,"13,150.00"
2019-01-21,2019012101011210,UPPER,44,40,40,263.00,"10,520.00"
2019-01-21,2019012101011209,UPPER,44,58,40,263.00,"10,520.00"
2019-01-21,2019012101011208,UPPER,44,11,40,263.00,"10,520.00"
2019-01-21,2019012101011207,UPPER,44,58,30,263.00,"7,890.00"
2019-01-21,2019012101011206,UPPER,8,58,970,263.00,"255,110.00"
2019-01-21,2019012101011218,UPPER,6,46,20,263.00,"5,260.00"
2019-01-21,2019012101011217,UPPER,44,46,20,263.00,"5,260.00"
2019-01-21,2019012101011215,UPPER,44,51,50,263.00,"13,150.00"
2019-01-21,2019012101011214,UPPER,44,7,40,263.00,"10,520.00"
2019-01-21,2019012101011213,UPPER,44,56,40,263.00,"10,520.00"
2019-01-21,2019012101011212,UPPER,44,49,50,263.00,"13,150.00"
2019-01-21,2019012101011225,UPPER,57,49,50,263.00,"13,150.00"
2019-01-21,2019012101011224,UPPER,57,57,30,263.00,"7,890.00"
2019-01-21,2019012101011223,UPPER,6,57,10,263.00,"2,630.00"
2019-01-21,2019012101011222,UPPER,6,13,30,263.00,"7,890.00"
2019-01-21,2019012101011221,UPPER,54,13,10,263.00,"2,630.00"
2019-01-21,2019012101011220,UPPER,54,33,40,263.00,"10,520.00"
2019-01-21,2019012101011232,UPPER,6,40,60,263.00,"15,780.00"
2019-01-21,2019012101011231,UPPER,57,45,40,263.00,"10,520.00"
2019-01-21,2019012101011230,UPPER,57,19,50,263.00,"13,150.00"
2019-01-21,2019012101011228,UPPER,57,45,40,263.00,"10,520.00"
2019-01-21,2019012101011227,UPPER,57,52,40,263.00,"10,520.00"
2019-01-21,2019012101011226,UPPER,57,6,40,263.00,"10,520.00"
2019-01-21,2019012101011238,UPPER,39,40,100,263.00,"26,300.00"
2019-01-21,2019012101011237,UPPER,50,40,100,263.00,"26,300.00"
2019-01-21,2019012101011236,UPPER,39,40,50,263.00,"13,150.00"
2019-01-21,2019012101011235,UPPER,39,40,100,263.00,"26,300.00"
2019-01-21,2019012101011234,UPPER,50,40,500,263.00,"131,500.00"
2019-01-21,2019012101011233,UPPER,57,40,710,263.00,"186,730.00"
2019-01-21,2019012101011249,UPPER,6,11,50,263.00,"13,150.00"
2019-01-21,2019012101011248,UPPER,6,17,40,263.00,"10,520.00"
2019-01-21,2019012101011243,UPPER,6,32,40,263.00,"10,520.00"
2019-01-21,2019012101011241,UPPER,6,40,260,263.00,"68,380.00"
2019-01-21,2019012101011240,UPPER,21,40,20,263.00,"5,260.00"
2019-01-21,2019012101011239,UPPER,38,40,100,263.00,"26,300.00"
2019-01-21,2019012101011257,UPPER,6,18,50,263.00,"13,150.00"
2019-01-21,2019012101011256,UPPER,6,48,40,263.00,"10,520.00"
2019-01-21,2019012101011253,UPPER,6,40,50,263.00,"13,150.00"
2019-01-21,2019012101011252,UPPER,6,13,40,263.00,"10,520.00"
2019-01-21,2019012101011251,UPPER,6,58,40,263.00,"10,520.00"
2019-01-21,2019012101011250,UPPER,6,7,40,263.00,"10,520.00"
2019-01-21,2019012101011266,UPPER,6,49,40,263.00,"10,520.00"
2019-01-21,2019012101011265,UPPER,6,58,50,263.00,"13,150.00"
2019-01-21,2019012101011264,UPPER,6,34,50,263.00,"13,150.00"
2019-01-21,2019012101011259,UPPER,6,34,50,263.00,"13,150.00"
2019-01-21,2019012101011258,UPPER,6,1,50,263.00,"13,150.00"
2019-01-21,2019012101011272,UPPER,34,44,100,263.00,"26,300.00"
2019-01-21,2019012101011271,UPPER,44,44,270,263.00,"71,010.00"
2019-01-21,2019012101011270,UPPER,44,43,30,263.00,"7,890.00"
2019-01-21,2019012101011269,UPPER,6,43,20,263.00,"5,260.00"
2019-01-21,2019012101011268,UPPER,6,58,50,263.00,"13,150.00"
2019-01-21,2019012101011267,UPPER,6,39,40,263.00,"10,520.00"
2019-01-21,2019012101011278,UPPER,14,44,80,263.00,"21,040.00"
2019-01-21,2019012101011277,UPPER,10,44,500,263.00,"131,500.00"
2019-01-21,2019012101011276,UPPER,55,44,500,263.00,"131,500.00"
2019-01-21,2019012101011275,UPPER,28,44,60,263.00,"15,780.00"
2019-01-21,2019012101011274,UPPER,11,44,"1,000",263.00,"263,000.00"
2019-01-21,2019012101011273,UPPER,35,44,100,263.00,"26,300.00"
2019-01-21,2019012101011316,UPPER,55,44,40,263.00,"10,520.00"
2019-01-21,2019012101011300,UPPER,52,44,100,263.00,"26,300.00"
2019-01-21,2019012101011295,UPPER,22,44,20,263.00,"5,260.00"
2019-01-21,2019012101011280,UPPER,19,44,25,263.00,"6,575.00"
2019-01-21,2019012101011279,UPPER,59,44,200,263.00,"52,600.00"
2019-01-21,2019012101010938,ADBL,51,55,100,341.00,"34,100.00"
2019-01-21,2019012101010879,ADBL,17,28,400,342.00,"136,800.00"
2019-01-21,2019012101010640,ADBL,45,28,50,342.00,"17,100.00"
2019-01-21,2019012101010719,AHPC,19,48,400,104.00,"41,600.00"
2019-01-21,2019012101010718,AHPC,19,7,71,103.00,"7,313.00"
2019-01-21,2019012101010685,AHPC,45,7,500,103.00,"51,500.00"
2019-01-21,2019012101010684,AHPC,34,7,945,103.00,"97,335.00"
2019-01-21,2019012101010958,AKJCL,1,34,10,81.00,810.00
2019-01-21,2019012101010957,AKJCL,35,34,10,81.00,810.00
2019-01-21,2019012101010919,AKJCL,35,34,20,81.00,"1,620.00"
2019-01-21,2019012101010881,AKJCL,35,34,10,81.00,810.00
2019-01-21,2019012101010835,AKJCL,35,34,20,81.00,"1,620.00"
2019-01-21,2019012101010743,AKJCL,35,34,20,81.00,"1,620.00"
2019-01-21,2019012101010711,AKJCL,35,34,20,81.00,"1,620.00"
2019-01-21,2019012101010534,AKJCL,59,54,10,81.00,810.00
2019-01-21,2019012101010915,ALICL,18,29,10,619.00,"6,190.00"
2019-01-21,2019012101010946,API,18,54,50,150.00,"7,500.00"
2019-01-21,2019012101010630,API,25,29,11,150.00,"1,650.00"
2019-01-21,2019012101010727,BARUN,6,17,52,108.00,"5,616.00"
2019-01-21,2019012101010644,BOKL,22,56,250,255.00,"63,750.00"
2019-01-21,2019012101010643,BOKL,37,56,500,255.00,"127,500.00"
2019-01-21,2019012101010642,BOKL,21,56,50,256.00,"12,800.00"
2019-01-21,2019012101010641,BOKL,39,56,200,256.00,"51,200.00"
2019-01-21,2019012101010634,CBBL,22,32,80,880.00,"70,400.00"
2019-01-21,2019012101010950,CBL,18,43,187,160.00,"29,920.00"
2019-01-21,2019012101010949,CBL,22,43,100,160.00,"16,000.00"
2019-01-21,2019012101010948,CBL,36,43,189,160.00,"30,240.00"
2019-01-21,2019012101010563,CBL,41,58,92,160.00,"14,720.00"
2019-01-21,2019012101010562,CBL,17,58,408,160.00,"65,280.00"
2019-01-21,2019012101010516,CBL,17,19,"1,000",160.00,"160,000.00"
2019-01-21,2019012101010751,CCBL,50,34,38,171.00,"6,498.00"
2019-01-21,2019012101010660,CCBL,50,41,10,171.00,"1,710.00"
2019-01-21,2019012101010557,CCBL,32,52,347,172.00,"59,684.00"
2019-01-21,2019012101010556,CCBL,32,35,300,172.00,"51,600.00"
2019-01-21,2019012101010555,CCBL,32,37,458,172.00,"78,776.00"
2019-01-21,2019012101010517,CIT,25,39,50,"2,515.00","125,750.00"
2019-01-21,2019012101010499,CIT,5,58,12,"2,512.00","30,144.00"
2019-01-21,2019012101010487,CIT,5,58,16,"2,512.00","40,192.00"
2019-01-21,2019012101010486,CIT,5,43,14,"2,512.00","35,168.00"
2019-01-21,2019012101010798,CZBIL,1,49,137,214.00,"29,318.00"
2019-01-21,2019012101010636,CZBIL,29,6,726,214.00,"155,364.00"
2019-01-21,2019012101010722,DBBL,25,10,660,125.00,"82,500.00"
2019-01-21,2019012101010721,DBBL,59,10,228,125.00,"28,500.00"
2019-01-21,2019012101010700,DDBL,42,7,50,570.00,"28,500.00"
2019-01-21,2019012101010678,EBL,6,52,300,529.00,"158,700.00"
2019-01-21,2019012101010677,EBL,6,29,106,529.00,"56,074.00"
2019-01-21,2019012101010650,EBL,6,1,201,528.00,"106,128.00"
2019-01-21,2019012101010649,EBL,6,22,39,527.00,"20,553.00"
2019-01-21,2019012101010794,FMDBL,51,49,14,380.00,"5,320.00"
2019-01-21,2019012101010793,FMDBL,28,49,500,381.00,"190,500.00"
2019-01-21,2019012101010792,FMDBL,48,49,100,381.00,"38,100.00"
2019-01-21,2019012101010791,FMDBL,33,49,30,381.00,"11,430.00"
2019-01-21,2019012101010790,FMDBL,33,49,200,382.00,"76,400.00"
2019-01-21,2019012101010789,FMDBL,57,49,121,382.00,"46,222.00"
2019-01-21,2019012101010788,FMDBL,6,49,36,383.00,"13,788.00"
2019-01-21,2019012101010877,FOWAD,8,21,272,"1,516.00","412,352.00"
2019-01-21,2019012101010876,FOWAD,28,21,100,"1,517.00","151,700.00"
2019-01-21,2019012101010875,FOWAD,32,21,10,"1,520.00","15,200.00"
2019-01-21,2019012101010874,FOWAD,42,21,10,"1,520.00","15,200.00"
2019-01-21,2019012101010829,GBBL,45,37,17,185.00,"3,145.00"
2019-01-21,2019012101010776,GBBL,45,26,188,185.00,"34,780.00"
2019-01-21,2019012101010505,GBBL,45,37,19,185.00,"3,515.00"
2019-01-21,2019012101010756,GBIME,55,19,90,262.00,"23,580.00"
2019-01-21,2019012101010729,GBIME,55,37,17,262.00,"4,454.00"
2019-01-21,2019012101010709,GBIME,55,56,677,262.00,"177,374.00"
2019-01-21,2019012101010708,GBIME,6,56,"2,000",263.00,"526,000.00"
2019-01-21,2019012101010707,GBIME,53,56,40,263.00,"10,520.00"
2019-01-21,2019012101010706,GBIME,56,56,100,263.00,"26,300.00"
2019-01-21,2019012101010705,GBIME,32,56,55,263.00,"14,465.00"
2019-01-21,2019012101010704,GBIME,55,56,500,263.00,"131,500.00"
2019-01-21,2019012101010703,GBIME,29,56,300,263.00,"78,900.00"
2019-01-21,2019012101010702,GBIME,34,56,200,263.00,"52,600.00"
2019-01-21,2019012101010701,GBIME,56,56,177,264.00,"46,728.00"
2019-01-21,2019012101010488,GBIME,56,37,23,264.00,"6,072.00"
2019-01-21,2019012101010855,GDBL,42,49,404,188.00,"75,952.00"
2019-01-21,2019012101010797,GDBL,42,37,96,188.00,"18,048.00"
2019-01-21,2019012101010905,GLICL,59,55,50,715.00,"35,750.00"
2019-01-21,2019012101010731,HPPL,22,55,20,180.00,"3,600.00"
2019-01-21,2019012101010609,JBBL,41,49,165,136.00,"22,440.00"
2019-01-21,2019012101010924,JBNL,38,43,"2,874",167.00,"479,958.00"
2019-01-21,2019012101010923,JBNL,58,43,"1,500",167.00,"250,500.00"
2019-01-21,2019012101010922,JBNL,21,43,600,167.00,"100,200.00"
2019-01-21,2019012101010921,JBNL,38,43,207,167.00,"34,569.00"
2019-01-21,2019012101010826,JBNL,38,22,318,167.00,"53,106.00"
2019-01-21,2019012101010714,JBNL,38,19,100,167.00,"16,700.00"
2019-01-21,2019012101010884,JEFL,51,28,550,127.00,"69,850.00"
2019-01-21,2019012101010667,KBBL,53,25,50,215.00,"10,750.00"
2019-01-21,2019012101010671,KBL,17,6,"2,000",246.00,"492,000.00"
2019-01-21,2019012101010670,KBL,16,6,150,246.00,"36,900.00"
2019-01-21,2019012101010801,KMCDB,33,37,10,900.00,"9,000.00"
2019-01-21,2019012101010800,KMCDB,33,48,10,884.00,"8,840.00"
2019-01-21,2019012101010565,KNBL,17,49,106,116.00,"12,296.00"
2019-01-21,2019012101010477,KPCL,6,28,10,97.00,970.00
2019-01-21,2019012101010489,KPCL,6,57,10,97.00,970.00
2019-01-21,2019012101010501,KPCL,6,28,10,97.00,970.00
2019-01-21,2019012101010515,KPCL,6,28,10,97.00,970.00
2019-01-21,2019012101010512,KPCL,6,57,10,97.00,970.00
2019-01-21,2019012101010518,KPCL,6,54,10,97.00,970.00
2019-01-21,2019012101010598,KPCL,6,16,10,97.00,970.00
2019-01-21,2019012101010652,KPCL,6,16,10,97.00,970.00
2019-01-21,2019012101010681,KPCL,6,57,10,97.00,970.00
2019-01-21,2019012101010712,KPCL,6,34,10,97.00,970.00
2019-01-21,2019012101010717,KPCL,6,16,10,97.00,970.00
2019-01-21,2019012101010782,KPCL,6,57,10,97.00,970.00
2019-01-21,2019012101010784,KPCL,6,16,10,97.00,970.00
2019-01-21,2019012101010813,KPCL,6,34,10,97.00,970.00
2019-01-21,2019012101010863,KPCL,6,57,10,97.00,970.00
2019-01-21,2019012101010931,KPCL,6,16,10,97.00,970.00
2019-01-21,2019012101010939,KPCL,6,58,10,96.00,960.00
2019-01-21,2019012101010954,KPCL,6,16,10,96.00,960.00
2019-01-21,2019012101010868,KSBBL,1,37,100,136.00,"13,600.00"
2019-01-21,2019012101010825,KSBBL,29,49,130,137.00,"17,810.00"
2019-01-21,2019012101010522,KSBBL,29,37,100,137.00,"13,700.00"
2019-01-21,2019012101010742,LBL,53,59,480,220.00,"105,600.00"
2019-01-21,2019012101010741,LBL,17,59,100,220.00,"22,000.00"
2019-01-21,2019012101010740,LBL,5,59,500,220.00,"110,000.00"
2019-01-21,2019012101010739,LBL,13,59,86,221.00,"19,006.00"
2019-01-21,2019012101010738,LBL,47,59,135,222.00,"29,970.00"
2019-01-21,2019012101010668,LBL,47,37,15,222.00,"3,330.00"
2019-01-21,2019012101010485,LBL,47,25,23,222.00,"5,106.00"
2019-01-21,2019012101010481,LICN,33,6,124,"1,749.00","216,876.00"
2019-01-21,2019012101010858,MEGA,6,6,2,166.00,332.00
2019-01-21,2019012101010737,MEGA,16,19,112,168.00,"18,816.00"
2019-01-21,2019012101010666,MEGA,56,29,466,169.00,"78,754.00"
2019-01-21,2019012101010665,MEGA,56,25,434,169.00,"73,346.00"
2019-01-21,2019012101010664,MEGA,56,11,400,169.00,"67,600.00"
2019-01-21,2019012101010478,MEGA,16,58,100,168.00,"16,800.00"
2019-01-21,2019012101010669,MEGAPO,34,37,"8,088",108.00,"873,504.00"
2019-01-21,2019012101010575,MERO,50,20,100,"1,095.00","109,500.00"
2019-01-21,2019012101010574,MERO,38,20,30,"1,095.00","32,850.00"
2019-01-21,2019012101010573,MERO,57,20,50,"1,100.00","55,000.00"
2019-01-21,2019012101010572,MERO,40,20,50,"1,100.00","55,000.00"
2019-01-21,2019012101010585,MLBBL,58,48,11,652.00,"7,172.00"
2019-01-21,2019012101010567,MLBBL,58,48,11,652.00,"7,172.00"
2019-01-21,2019012101010937,MLBL,29,37,50,168.00,"8,400.00"
2019-01-21,2019012101010750,MLBL,13,17,100,168.00,"16,800.00"
2019-01-21,2019012101010775,MMFDB,56,20,30,980.00,"29,400.00"
2019-01-21,2019012101010774,MMFDB,58,20,10,980.00,"9,800.00"
2019-01-21,2019012101010773,MMFDB,56,20,30,981.00,"29,430.00"
2019-01-21,2019012101010772,MMFDB,56,20,20,982.00,"19,640.00"
2019-01-21,2019012101010828,NADEP,58,34,10,783.00,"7,830.00"
2019-01-21,2019012101010674,NADEP,19,34,10,784.00,"7,840.00"
2019-01-21,2019012101010765,NBB,33,56,98,183.00,"17,934.00"
2019-01-21,2019012101010764,NBB,56,56,120,184.00,"22,080.00"
2019-01-21,2019012101010763,NBB,10,56,500,184.00,"92,000.00"
2019-01-21,2019012101010762,NBB,45,56,100,184.00,"18,400.00"
2019-01-21,2019012101010761,NBB,48,56,300,184.00,"55,200.00"
2019-01-21,2019012101010760,NBB,48,56,100,184.00,"18,400.00"
2019-01-21,2019012101010759,NBB,53,56,174,184.00,"32,016.00"
2019-01-21,2019012101010758,NBB,17,56,500,185.00,"92,500.00"
2019-01-21,2019012101010757,NBB,7,56,41,185.00,"7,585.00"
2019-01-21,2019012101010917,NBL,34,46,924,291.00,"268,884.00"
2019-01-21,2019012101010543,NBL,33,46,76,291.00,"22,116.00"
2019-01-21,2019012101010622,NEF,45,58,145,8.06,"1,168.70"
2019-01-21,2019012101010859,NGPL,58,55,13,131.00,"1,703.00"
2019-01-21,2019012101010812,NIB,45,56,243,535.00,"130,005.00"
2019-01-21,2019012101010811,NIB,49,56,200,535.00,"107,000.00"
2019-01-21,2019012101010810,NIB,13,56,150,535.00,"80,250.00"
2019-01-21,2019012101010809,NIB,59,56,30,535.00,"16,050.00"
2019-01-21,2019012101010808,NIB,41,56,100,535.00,"53,500.00"
2019-01-21,2019012101010807,NIB,49,56,100,535.00,"53,500.00"
2019-01-21,2019012101010806,NIB,1,56,50,536.00,"26,800.00"
2019-01-21,2019012101010805,NIB,26,56,127,536.00,"68,072.00"
2019-01-21,2019012101010633,NIB,26,32,73,536.00,"39,128.00"
2019-01-21,2019012101010632,NIB,54,32,20,536.00,"10,720.00"
2019-01-21,2019012101010631,NIB,26,32,87,536.00,"46,632.00"
2019-01-21,2019012101010766,NIBPO,34,13,524,480.00,"251,520.00"
2019-01-21,2019012101010728,NIBPO,34,13,"1,000",480.00,"480,000.00"
2019-01-21,2019012101010918,NICA,6,58,78,390.00,"30,420.00"
2019-01-21,2019012101010848,NICA,6,56,22,390.00,"8,580.00"
2019-01-21,2019012101010847,NICA,38,56,500,390.00,"195,000.00"
2019-01-21,2019012101010846,NICA,16,56,478,390.00,"186,420.00"
2019-01-21,2019012101010755,NICA,16,37,22,390.00,"8,580.00"
2019-01-21,2019012101010530,NICL,46,20,40,563.00,"22,520.00"
2019-01-21,2019012101010529,NICL,36,20,150,563.00,"84,450.00"
2019-01-21,2019012101010528,NICL,43,20,200,564.00,"112,800.00"
2019-01-21,2019012101010527,NICL,55,20,10,565.00,"5,650.00"
2019-01-21,2019012101010526,NICL,45,20,10,565.00,"5,650.00"
2019-01-21,2019012101010964,NIL,59,16,100,533.00,"53,300.00"
2019-01-21,2019012101010963,NIL,10,16,500,533.00,"266,500.00"
2019-01-21,2019012101010962,NIL,43,16,300,534.00,"160,200.00"
2019-01-21,2019012101010961,NIL,49,16,50,535.00,"26,750.00"
2019-01-21,2019012101010960,NIL,48,16,300,535.00,"160,500.00"
2019-01-21,2019012101010959,NIL,39,16,500,535.00,"267,500.00"
2019-01-21,2019012101010566,NIL,50,50,259,536.00,"138,824.00"
2019-01-21,2019012101010873,NLG,45,8,20,845.00,"16,900.00"
2019-01-21,2019012101010872,NLG,35,8,216,845.00,"182,520.00"
2019-01-21,2019012101010871,NLG,7,8,30,846.00,"25,380.00"
2019-01-21,2019012101010870,NLG,45,8,20,846.00,"16,920.00"
2019-01-21,2019012101010745,NLG,35,41,52,846.00,"43,992.00"
2019-01-21,2019012101010578,NLIC,34,56,180,"1,096.00","197,280.00"
2019-01-21,2019012101010577,NLIC,56,56,120,"1,097.00","131,640.00"
2019-01-21,2019012101010690,NLICL,58,6,10,687.00,"6,870.00"
2019-01-21,2019012101010580,NLICL,33,28,100,683.00,"68,300.00"
2019-01-21,2019012101010520,NLICL,33,28,245,683.00,"167,335.00"
2019-01-21,2019012101010492,NMB,21,21,1,314.00,314.00
2019-01-21,2019012101010934,NSEWA,1,29,10,582.00,"5,820.00"
2019-01-21,2019012101010550,NUBL,14,38,50,767.00,"38,350.00"
2019-01-21,2019012101010786,PCBL,17,49,948,324.00,"307,152.00"
2019-01-21,2019012101010785,PCBL,56,49,52,324.00,"16,848.00"
2019-01-21,2019012101010554,PMHPL,43,54,10,110.00,"1,100.00"
2019-01-21,2019012101010553,PMHPL,43,29,10,110.00,"1,100.00"
2019-01-21,2019012101010552,PMHPL,43,38,10,110.00,"1,100.00"
2019-01-21,2019012101010539,PMHPL,43,54,10,108.00,"1,080.00"
2019-01-21,2019012101010538,PMHPL,43,54,10,108.00,"1,080.00"
2019-01-21,2019012101010942,PRIN,28,22,270,448.00,"120,960.00"
2019-01-21,2019012101010484,PRIN,28,49,200,448.00,"89,600.00"
2019-01-21,2019012101010833,PRVU,46,49,746,240.00,"179,040.00"
2019-01-21,2019012101010832,PRVU,53,49,760,240.00,"182,400.00"
2019-01-21,2019012101010687,PRVU,28,13,10,241.00,"2,410.00"
2019-01-21,2019012101010569,PRVU,53,49,60,240.00,"14,400.00"
2019-01-21,2019012101010943,RADHI,13,34,11,164.00,"1,804.00"
2019-01-21,2019012101010930,RADHI,13,55,11,164.00,"1,804.00"
2019-01-21,2019012101010734,RADHI,13,57,11,164.00,"1,804.00"
2019-01-21,2019012101010693,RADHI,13,34,11,164.00,"1,804.00"
2019-01-21,2019012101010654,RADHI,13,57,11,164.00,"1,804.00"
2019-01-21,2019012101010933,RBCL,28,49,10,"9,400.00","94,000.00"
2019-01-21,2019012101010771,RBCL,28,53,10,"9,400.00","94,000.00"
2019-01-21,2019012101010770,RBCL,45,53,30,"9,400.00","282,000.00"
2019-01-21,2019012101010769,RBCL,38,53,50,"9,405.00","470,250.00"
2019-01-21,2019012101010498,RBCLPO,37,41,10,"8,791.00","87,910.00"
2019-01-21,2019012101010497,RBCLPO,47,41,10,"8,792.00","87,920.00"
2019-01-21,2019012101010496,RBCLPO,34,41,13,"8,795.00","114,335.00"
2019-01-21,2019012101010927,RRHP,40,34,10,100.00,"1,000.00"
2019-01-21,2019012101010787,RRHP,40,34,10,100.00,"1,000.00"
2019-01-21,2019012101010672,RRHP,40,34,10,100.00,"1,000.00"
2019-01-21,2019012101010607,RRHP,40,17,10,100.00,"1,000.00"
2019-01-21,2019012101010536,SANIMA,6,45,200,304.00,"60,800.00"
2019-01-21,2019012101010908,SBI,21,45,12,388.00,"4,656.00"
2019-01-21,2019012101010597,SBI,21,49,70,388.00,"27,160.00"
2019-01-21,2019012101010897,SCB,41,56,110,571.00,"62,810.00"
2019-01-21,2019012101010896,SCB,17,56,200,571.00,"114,200.00"
2019-01-21,2019012101010895,SCB,11,56,50,571.00,"28,550.00"
2019-01-21,2019012101010894,SCB,11,56,10,572.00,"5,720.00"
2019-01-21,2019012101010893,SCB,1,56,10,574.00,"5,740.00"
2019-01-21,2019012101010892,SCB,1,56,50,574.00,"28,700.00"
2019-01-21,2019012101010891,SCB,11,56,20,575.00,"11,500.00"
2019-01-21,2019012101010890,SCB,26,56,50,576.00,"28,800.00"
2019-01-21,2019012101010699,SHINE,57,13,100,245.00,"24,500.00"
2019-01-21,2019012101010869,SHPC,7,41,200,230.00,"46,000.00"
2019-01-21,2019012101010853,SLICL,25,16,117,549.00,"64,233.00"
2019-01-21,2019012101010852,SLICL,16,16,100,549.00,"54,900.00"
2019-01-21,2019012101010834,SLICL,49,16,80,550.00,"44,000.00"
2019-01-21,2019012101010824,SLICL,47,16,50,550.00,"27,500.00"
2019-01-21,2019012101010823,SLICL,34,16,300,550.00,"165,000.00"
2019-01-21,2019012101010822,SLICL,4,16,100,550.00,"55,000.00"
2019-01-21,2019012101010628,SLICL,17,41,14,554.00,"7,756.00"
2019-01-21,2019012101010558,SLICL,17,16,96,554.00,"53,184.00"
2019-01-21,2019012101010815,SLICL,6,16,500,552.00,"276,000.00"
2019-01-21,2019012101010814,SLICL,25,16,75,553.00,"41,475.00"
2019-01-21,2019012101010736,SLICL,58,44,745,554.00,"412,730.00"
2019-01-21,2019012101010676,SLICL,17,44,125,554.00,"69,250.00"
2019-01-21,2019012101010821,SLICL,6,16,30,551.00,"16,530.00"
2019-01-21,2019012101010820,SLICL,49,16,40,551.00,"22,040.00"
2019-01-21,2019012101010819,SLICL,35,16,100,551.00,"55,100.00"
2019-01-21,2019012101010818,SLICL,51,16,30,551.00,"16,530.00"
2019-01-21,2019012101010817,SLICL,6,16,50,551.00,"27,550.00"
2019-01-21,2019012101010816,SLICL,37,16,100,552.00,"55,200.00"
2019-01-21,2019012101010916,SMB,11,13,40,653.00,"26,120.00"
2019-01-21,2019012101010686,SRBL,7,37,11,213.00,"2,343.00"
2019-01-21,2019012101010953,UMHL,42,55,14,120.00,"1,680.00"
2019-01-21,2019012101010975,UPPER,10,40,40,263.00,"10,520.00"
2019-01-21,2019012101010974,UPPER,10,39,50,263.00,"13,150.00"
2019-01-21,2019012101010973,UPPER,10,16,40,263.00,"10,520.00"
2019-01-21,2019012101010972,UPPER,10,38,40,263.00,"10,520.00"
2019-01-21,2019012101010971,UPPER,10,52,40,263.00,"10,520.00"
2019-01-21,2019012101010970,UPPER,10,41,40,263.00,"10,520.00"
2019-01-21,2019012101010479,UPPER,19,26,40,263.00,"10,520.00"
2019-01-21,2019012101010476,UPPER,19,47,10,263.00,"2,630.00"
2019-01-21,2019012101010491,UPPER,19,17,40,263.00,"10,520.00"
2019-01-21,2019012101010490,UPPER,19,32,40,263.00,"10,520.00"
2019-01-21,2019012101010483,UPPER,19,56,40,263.00,"10,520.00"
2019-01-21,2019012101010482,UPPER,19,16,50,263.00,"13,150.00"
2019-01-21,2019012101010480,UPPER,19,54,50,263.00,"13,150.00"
2019-01-21,2019012101010502,UPPER,47,19,50,263.00,"13,150.00"
2019-01-21,2019012101010500,UPPER,47,42,50,263.00,"13,150.00"
2019-01-21,2019012101010495,UPPER,47,7,70,263.00,"18,410.00"
2019-01-21,2019012101010494,UPPER,48,7,100,263.00,"26,300.00"
2019-01-21,2019012101010493,UPPER,19,7,730,263.00,"191,990.00"
2019-01-21,2019012101010509,UPPER,47,42,50,263.00,"13,150.00"
2019-01-21,2019012101010508,UPPER,47,57,50,263.00,"13,150.00"
2019-01-21,2019012101010507,UPPER,47,26,50,263.00,"13,150.00"
2019-01-21,2019012101010506,UPPER,47,16,40,263.00,"10,520.00"
2019-01-21,2019012101010504,UPPER,47,26,50,263.00,"13,150.00"
2019-01-21,2019012101010503,UPPER,47,45,50,263.00,"13,150.00"
2019-01-21,2019012101010514,UPPER,34,51,40,263.00,"10,520.00"
2019-01-21,2019012101010513,UPPER,34,45,50,263.00,"13,150.00"
2019-01-21,2019012101010511,UPPER,34,45,10,263.00,"2,630.00"
2019-01-21,2019012101010510,UPPER,47,45,40,263.00,"10,520.00"
2019-01-21,2019012101010525,UPPER,59,42,40,263.00,"10,520.00"
2019-01-21,2019012101010524,UPPER,59,42,30,263.00,"7,890.00"
2019-01-21,2019012101010523,UPPER,34,42,10,263.00,"2,630.00"
2019-01-21,2019012101010521,UPPER,34,47,50,263.00,"13,150.00"
2019-01-21,2019012101010519,UPPER,34,47,40,263.00,"10,520.00"
2019-01-21,2019012101010541,UPPER,59,45,50,263.00,"13,150.00"
2019-01-21,2019012101010540,UPPER,59,47,40,263.00,"10,520.00"
2019-01-21,2019012101010537,UPPER,59,45,40,263.00,"10,520.00"
2019-01-21,2019012101010535,UPPER,59,46,50,263.00,"13,150.00"
2019-01-21,2019012101010532,UPPER,59,34,40,263.00,"10,520.00"
2019-01-21,2019012101010531,UPPER,59,14,40,263.00,"10,520.00"
2019-01-21,2019012101010548,UPPER,22,45,40,263.00,"10,520.00"
2019-01-21,2019012101010547,UPPER,22,51,50,263.00,"13,150.00"
2019-01-21,2019012101010546,UPPER,59,42,50,263.00,"13,150.00"
2019-01-21,2019012101010545,UPPER,59,14,40,263.00,"10,520.00"
2019-01-21,2019012101010544,UPPER,59,17,40,263.00,"10,520.00"
2019-01-21,2019012101010542,UPPER,59,16,40,263.00,"10,520.00"
2019-01-21,2019012101010564,UPPER,44,40,40,263.00,"10,520.00"
2019-01-21,2019012101010561,UPPER,22,47,40,263.00,"10,520.00"
2019-01-21,2019012101010560,UPPER,57,35,50,264.00,"13,200.00"
2019-01-21,2019012101010559,UPPER,22,14,50,263.00,"13,150.00"
2019-01-21,2019012101010551,UPPER,22,34,70,263.00,"18,410.00"
2019-01-21,2019012101010549,UPPER,22,34,50,263.00,"13,150.00"
2019-01-21,2019012101010581,UPPER,32,34,50,263.00,"13,150.00"
2019-01-21,2019012101010579,UPPER,32,58,40,263.00,"10,520.00"
2019-01-21,2019012101010576,UPPER,32,46,50,263.00,"13,150.00"
2019-01-21,2019012101010571,UPPER,32,17,30,263.00,"7,890.00"
2019-01-21,2019012101010570,UPPER,44,17,10,263.00,"2,630.00"
2019-01-21,2019012101010568,UPPER,44,57,50,263.00,"13,150.00"
2019-01-21,2019012101010588,UPPER,29,40,50,263.00,"13,150.00"
2019-01-21,2019012101010587,UPPER,29,58,10,263.00,"2,630.00"
2019-01-21,2019012101010586,UPPER,11,58,40,263.00,"10,520.00"
2019-01-21,2019012101010584,UPPER,11,38,50,263.00,"13,150.00"
2019-01-21,2019012101010583,UPPER,11,26,10,263.00,"2,630.00"
2019-01-21,2019012101010582,UPPER,32,26,30,263.00,"7,890.00"
2019-01-21,2019012101010594,UPPER,29,26,40,263.00,"10,520.00"
2019-01-21,2019012101010593,UPPER,29,47,40,263.00,"10,520.00"
2019-01-21,2019012101010592,UPPER,29,45,50,263.00,"13,150.00"
2019-01-21,2019012101010591,UPPER,29,34,50,263.00,"13,150.00"
2019-01-21,2019012101010590,UPPER,29,51,40,263.00,"10,520.00"
2019-01-21,2019012101010589,UPPER,29,14,40,263.00,"10,520.00"
2019-01-21,2019012101010601,UPPER,40,45,40,263.00,"10,520.00"
2019-01-21,2019012101010600,UPPER,29,46,50,263.00,"13,150.00"
2019-01-21,2019012101010599,UPPER,29,34,40,263.00,"10,520.00"
2019-01-21,2019012101010596,UPPER,29,58,50,263.00,"13,150.00"
2019-01-21,2019012101010595,UPPER,29,13,40,263.00,"10,520.00"
2019-01-21,2019012101010608,UPPER,40,52,50,263.00,"13,150.00"
2019-01-21,2019012101010606,UPPER,40,34,50,263.00,"13,150.00"
2019-01-21,2019012101010605,UPPER,40,8,50,263.00,"13,150.00"
2019-01-21,2019012101010604,UPPER,40,34,40,263.00,"10,520.00"
2019-01-21,2019012101010603,UPPER,40,6,50,263.00,"13,150.00"
2019-01-21,2019012101010602,UPPER,40,40,40,263.00,"10,520.00"
2019-01-21,2019012101010616,UPPER,32,46,50,263.00,"13,150.00"
2019-01-21,2019012101010614,UPPER,32,45,40,263.00,"10,520.00"
2019-01-21,2019012101010613,UPPER,32,42,40,263.00,"10,520.00"
2019-01-21,2019012101010612,UPPER,32,58,10,263.00,"2,630.00"
2019-01-21,2019012101010611,UPPER,40,58,40,263.00,"10,520.00"
2019-01-21,2019012101010610,UPPER,40,41,40,263.00,"10,520.00"
2019-01-21,2019012101010623,UPPER,32,58,50,263.00,"13,150.00"
2019-01-21,2019012101010621,UPPER,32,47,50,263.00,"13,150.00"
2019-01-21,2019012101010620,UPPER,32,52,40,263.00,"10,520.00"
2019-01-21,2019012101010619,UPPER,32,46,40,263.00,"10,520.00"
2019-01-21,2019012101010618,UPPER,32,1,40,263.00,"10,520.00"
2019-01-21,2019012101010617,UPPER,32,34,40,263.00,"10,520.00"
2019-01-21,2019012101010635,UPPER,42,34,40,263.00,"10,520.00"
2019-01-21,2019012101010629,UPPER,42,34,50,263.00,"13,150.00"
2019-01-21,2019012101010627,UPPER,42,4,30,263.00,"7,890.00"
2019-01-21,2019012101010626,UPPER,32,4,10,263.00,"2,630.00"
2019-01-21,2019012101010625,UPPER,32,6,40,263.00,"10,520.00"
2019-01-21,2019012101010624,UPPER,32,38,50,263.00,"13,150.00"
2019-01-21,2019012101010647,UPPER,58,34,50,263.00,"13,150.00"
2019-01-21,2019012101010646,UPPER,58,1,10,263.00,"2,630.00"
2019-01-21,2019012101010645,UPPER,42,1,30,263.00,"7,890.00"
2019-01-21,2019012101010639,UPPER,42,42,50,263.00,"13,150.00"
2019-01-21,2019012101010638,UPPER,42,46,50,263.00,"13,150.00"
2019-01-21,2019012101010637,UPPER,42,57,50,263.00,"13,150.00"
2019-01-21,2019012101010656,UPPER,58,47,40,263.00,"10,520.00"
2019-01-21,2019012101010655,UPPER,58,41,50,263.00,"13,150.00"
2019-01-21,2019012101010653,UPPER,58,52,40,263.00,"10,520.00"
2019-01-21,2019012101010651,UPPER,58,34,50,263.00,"13,150.00"
2019-01-21,2019012101010648,UPPER,58,51,40,263.00,"10,520.00"
2019-01-21,2019012101010663,UPPER,6,34,40,263.00,"10,520.00"
2019-01-21,2019012101010662,UPPER,6,34,40,263.00,"10,520.00"
2019-01-21,2019012101010661,UPPER,6,1,40,263.00,"10,520.00"
2019-01-21,2019012101010659,UPPER,6,42,50,263.00,"13,150.00"
2019-01-21,2019012101010658,UPPER,6,46,20,263.00,"5,260.00"
2019-01-21,2019012101010657,UPPER,58,46,20,263.00,"5,260.00"
2019-01-21,2019012101010682,UPPER,6,42,50,263.00,"13,150.00"
2019-01-21,2019012101010680,UPPER,6,34,50,263.00,"13,150.00"
2019-01-21,2019012101010679,UPPER,6,16,40,263.00,"10,520.00"
2019-01-21,2019012101010675,UPPER,6,46,50,263.00,"13,150.00"
2019-01-21,2019012101010673,UPPER,6,42,50,263.00,"13,150.00"
2019-01-21,2019012101010694,UPPER,6,41,40,263.00,"10,520.00"
2019-01-21,2019012101010692,UPPER,6,34,40,263.00,"10,520.00"
2019-01-21,2019012101010691,UPPER,6,16,40,263.00,"10,520.00"
2019-01-21,2019012101010689,UPPER,6,26,50,263.00,"13,150.00"
2019-01-21,2019012101010688,UPPER,6,34,50,263.00,"13,150.00"
2019-01-21,2019012101010683,UPPER,6,1,40,263.00,"10,520.00"
2019-01-21,2019012101010710,UPPER,6,40,50,263.00,"13,150.00"
2019-01-21,2019012101010698,UPPER,6,52,40,263.00,"10,520.00"
2019-01-21,2019012101010697,UPPER,6,16,40,263.00,"10,520.00"
2019-01-21,2019012101010696,UPPER,6,47,50,263.00,"13,150.00"
2019-01-21,2019012101010695,UPPER,6,10,50,263.00,"13,150.00"
2019-01-21,2019012101010723,UPPER,6,57,40,263.00,"10,520.00"
2019-01-21,2019012101010720,UPPER,6,26,50,263.00,"13,150.00"
2019-01-21,2019012101010716,UPPER,6,1,20,263.00,"5,260.00"
2019-01-21,2019012101010715,UPPER,6,1,30,263.00,"7,890.00"
2019-01-21,2019012101010713,UPPER,6,42,50,263.00,"13,150.00"
2019-01-21,2019012101010733,UPPER,10,16,40,263.00,"10,520.00"
2019-01-21,2019012101010732,UPPER,10,59,50,263.00,"13,150.00"
2019-01-21,2019012101010730,UPPER,10,47,50,263.00,"13,150.00"
2019-01-21,2019012101010726,UPPER,10,6,10,263.00,"2,630.00"
2019-01-21,2019012101010725,UPPER,6,6,40,263.00,"10,520.00"
2019-01-21,2019012101010724,UPPER,6,58,50,263.00,"13,150.00"
2019-01-21,2019012101010749,UPPER,10,34,50,263.00,"13,150.00"
2019-01-21,2019012101010748,UPPER,10,16,40,263.00,"10,520.00"
2019-01-21,2019012101010747,UPPER,10,44,50,263.00,"13,150.00"
2019-01-21,2019012101010746,UPPER,10,17,50,263.00,"13,150.00"
2019-01-21,2019012101010744,UPPER,10,32,50,263.00,"13,150.00"
2019-01-21,2019012101010735,UPPER,10,40,50,263.00,"13,150.00"
2019-01-21,2019012101010777,UPPER,10,18,50,263.00,"13,150.00"
2019-01-21,2019012101010768,UPPER,10,16,50,263.00,"13,150.00"
2019-01-21,2019012101010767,UPPER,10,49,20,263.00,"5,260.00"
2019-01-21,2019012101010754,UPPER,10,1,50,263.00,"13,150.00"
2019-01-21,2019012101010753,UPPER,10,26,40,263.00,"10,520.00"
2019-01-21,2019012101010752,UPPER,10,42,50,263.00,"13,150.00"
2019-01-21,2019012101010783,UPPER,10,17,40,263.00,"10,520.00"
2019-01-21,2019012101010781,UPPER,10,34,50,263.00,"13,150.00"
2019-01-21,2019012101010780,UPPER,10,44,40,263.00,"10,520.00"
2019-01-21,2019012101010779,UPPER,10,16,40,263.00,"10,520.00"
2019-01-21,2019012101010778,UPPER,10,34,40,263.00,"10,520.00"
2019-01-21,2019012101010803,UPPER,10,16,40,263.00,"10,520.00"
2019-01-21,2019012101010802,UPPER,10,39,50,263.00,"13,150.00"
2019-01-21,2019012101010799,UPPER,10,18,40,263.00,"10,520.00"
2019-01-21,2019012101010796,UPPER,10,40,50,263.00,"13,150.00"
2019-01-21,2019012101010795,UPPER,10,6,40,263.00,"10,520.00"
2019-01-21,2019012101010836,UPPER,10,16,40,263.00,"10,520.00"
2019-01-21,2019012101010831,UPPER,10,6,40,263.00,"10,520.00"
2019-01-21,2019012101010830,UPPER,10,1,40,263.00,"10,520.00"
2019-01-21,2019012101010827,UPPER,10,39,50,263.00,"13,150.00"
2019-01-21,2019012101010804,UPPER,10,42,40,263.00,"10,520.00"
2019-01-21,2019012101010842,UPPER,34,45,20,264.00,"5,280.00"
2019-01-21,2019012101010841,UPPER,34,29,40,264.00,"10,560.00"
2019-01-21,2019012101010840,UPPER,34,55,50,264.00,"13,200.00"
2019-01-21,2019012101010839,UPPER,34,16,50,264.00,"13,200.00"
2019-01-21,2019012101010838,UPPER,34,45,50,264.00,"13,200.00"
2019-01-21,2019012101010837,UPPER,34,13,40,264.00,"10,560.00"
2019-01-21,2019012101010851,UPPER,10,47,50,263.00,"13,150.00"
2019-01-21,2019012101010850,UPPER,10,44,50,263.00,"13,150.00"
2019-01-21,2019012101010849,UPPER,10,18,40,263.00,"10,520.00"
2019-01-21,2019012101010845,UPPER,10,57,40,263.00,"10,520.00"
2019-01-21,2019012101010844,UPPER,10,47,40,263.00,"10,520.00"
2019-01-21,2019012101010843,UPPER,34,58,50,264.00,"13,200.00"
2019-01-21,2019012101010862,UPPER,10,40,40,263.00,"10,520.00"
2019-01-21,2019012101010861,UPPER,10,53,50,263.00,"13,150.00"
2019-01-21,2019012101010860,UPPER,10,6,50,263.00,"13,150.00"
2019-01-21,2019012101010857,UPPER,10,42,40,263.00,"10,520.00"
2019-01-21,2019012101010856,UPPER,10,17,50,263.00,"13,150.00"
2019-01-21,2019012101010854,UPPER,10,28,40,263.00,"10,520.00"
2019-01-21,2019012101010878,UPPER,28,44,40,263.00,"10,520.00"
2019-01-21,2019012101010867,UPPER,10,52,40,263.00,"10,520.00"
2019-01-21,2019012101010866,UPPER,10,39,40,263.00,"10,520.00"
2019-01-21,2019012101010865,UPPER,10,34,50,263.00,"13,150.00"
2019-01-21,2019012101010864,UPPER,10,16,40,263.00,"10,520.00"
2019-01-21,2019012101010887,UPPER,34,16,40,263.00,"10,520.00"
2019-01-21,2019012101010886,UPPER,34,32,40,263.00,"10,520.00"
2019-01-21,2019012101010885,UPPER,34,34,40,263.00,"10,520.00"
2019-01-21,2019012101010883,UPPER,34,28,20,263.00,"5,260.00"
2019-01-21,2019012101010882,UPPER,28,28,20,263.00,"5,260.00"
2019-01-21,2019012101010880,UPPER,28,52,40,263.00,"10,520.00"
2019-01-21,2019012101010901,UPPER,49,52,50,263.00,"13,150.00"
2019-01-21,2019012101010900,UPPER,49,6,50,263.00,"13,150.00"
2019-01-21,2019012101010899,UPPER,49,13,20,263.00,"5,260.00"
2019-01-21,2019012101010898,UPPER,34,13,20,263.00,"5,260.00"
2019-01-21,2019012101010889,UPPER,34,42,50,263.00,"13,150.00"
2019-01-21,2019012101010888,UPPER,34,39,40,263.00,"10,520.00"
2019-01-21,2019012101010909,UPPER,13,39,50,263.00,"13,150.00"
2019-01-21,2019012101010907,UPPER,13,38,10,263.00,"2,630.00"
2019-01-21,2019012101010906,UPPER,50,38,40,263.00,"10,520.00"
2019-01-21,2019012101010904,UPPER,50,34,10,263.00,"2,630.00"
2019-01-21,2019012101010903,UPPER,49,34,30,263.00,"7,890.00"
2019-01-21,2019012101010902,UPPER,49,34,50,263.00,"13,150.00"
2019-01-21,2019012101010920,UPPER,13,52,40,263.00,"10,520.00"
2019-01-21,2019012101010914,UPPER,13,40,50,263.00,"13,150.00"
2019-01-21,2019012101010913,UPPER,13,32,40,263.00,"10,520.00"
2019-01-21,2019012101010912,UPPER,13,28,50,263.00,"13,150.00"
2019-01-21,2019012101010911,UPPER,13,34,50,263.00,"13,150.00"
2019-01-21,2019012101010910,UPPER,13,34,50,263.00,"13,150.00"
2019-01-21,2019012101010932,UPPER,13,53,50,263.00,"13,150.00"
2019-01-21,2019012101010929,UPPER,13,39,40,263.00,"10,520.00"
2019-01-21,2019012101010928,UPPER,13,42,50,263.00,"13,150.00"
2019-01-21,2019012101010926,UPPER,13,6,50,263.00,"13,150.00"
2019-01-21,2019012101010925,UPPER,13,40,50,263.00,"13,150.00"
2019-01-21,2019012101010944,UPPER,10,16,40,263.00,"10,520.00"
2019-01-21,2019012101010941,UPPER,10,41,50,263.00,"13,150.00"
2019-01-21,2019012101010940,UPPER,13,40,40,263.00,"10,520.00"
2019-01-21,2019012101010936,UPPER,13,38,40,263.00,"10,520.00"
2019-01-21,2019012101010935,UPPER,13,39,40,263.00,"10,520.00"
2019-01-21,2019012101010955,UPPER,10,28,40,263.00,"10,520.00"
2019-01-21,2019012101010952,UPPER,10,59,50,263.00,"13,150.00"
2019-01-21,2019012101010951,UPPER,10,38,40,263.00,"10,520.00"
2019-01-21,2019012101010947,UPPER,10,39,40,263.00,"10,520.00"
2019-01-21,2019012101010945,UPPER,10,34,50,263.00,"13,150.00"
2019-01-21,2019012101010969,UPPER,10,11,50,263.00,"13,150.00"
2019-01-21,2019012101010968,UPPER,10,40,40,263.00,"10,520.00"
2019-01-21,2019012101010967,UPPER,10,40,40,263.00,"10,520.00"
2019-01-21,2019012101010966,UPPER,10,43,50,263.00,"13,150.00"
2019-01-21,2019012101010965,UPPER,10,57,40,263.00,"10,520.00"
2019-01-21,2019012101010956,UPPER,10,47,50,263.00,"13,150.00"
2019-01-21,2019012101010533,VLBS,7,6,12,685.00,"8,220.00"
2019-01-21,2019012101010615,WOMI,28,7,100,"1,122.00","112,200.00"
2019-01-21,2019012101010370,ADBL,35,28,50,342.00,"17,100.00"
2019-01-21,2019012101010102,ADBL,34,40,20,343.00,"6,860.00"
2019-01-21,2019012101010414,AKJCL,59,54,10,81.00,810.00
2019-01-21,2019012101010021,AKPL,19,6,196,185.00,"36,260.00"
2019-01-21,2019012101010040,API,35,6,29,148.00,"4,292.00"
2019-01-21,2019012101010206,BARUN,22,39,700,110.00,"77,000.00"
2019-01-21,2019012101010117,BARUN,22,22,60,108.00,"6,480.00"
2019-01-21,2019012101010065,BARUN,43,6,10,106.00,"1,060.00"
2019-01-21,2019012101010377,BOKL,52,29,20,259.00,"5,180.00"
2019-01-21,2019012101010298,BOKL,10,29,200,259.00,"51,800.00"
2019-01-21,2019012101010293,BOKL,54,6,299,256.00,"76,544.00"
2019-01-21,2019012101010292,BOKL,34,6,300,256.00,"76,800.00"
2019-01-21,2019012101010291,BOKL,53,6,100,256.00,"25,600.00"
2019-01-21,2019012101010290,BOKL,49,6,100,256.00,"25,600.00"
2019-01-21,2019012101010283,BOKL,51,6,136,257.00,"34,952.00"
2019-01-21,2019012101010282,BOKL,34,6,45,258.00,"11,610.00"
2019-01-21,2019012101010281,BOKL,21,6,260,258.00,"67,080.00"
2019-01-21,2019012101010145,BOKL,21,21,30,258.00,"7,740.00"
2019-01-21,2019012101009989,BOKL,21,34,110,258.00,"28,380.00"
2019-01-21,2019012101010289,BOKL,32,6,300,256.00,"76,800.00"
2019-01-21,2019012101010288,BOKL,51,6,200,256.00,"51,200.00"
2019-01-21,2019012101010287,BOKL,38,6,200,256.00,"51,200.00"
2019-01-21,2019012101010286,BOKL,17,6,100,256.00,"25,600.00"
2019-01-21,2019012101010285,BOKL,50,6,200,256.00,"51,200.00"
2019-01-21,2019012101010284,BOKL,54,6,20,257.00,"5,140.00"
2019-01-21,2019012101010166,CBBL,22,21,100,880.00,"88,000.00"
2019-01-21,2019012101010403,CBL,17,33,"1,000",160.00,"160,000.00"
2019-01-21,2019012101010216,CBL,17,6,300,160.00,"48,000.00"
2019-01-21,2019012101010209,CBL,17,33,640,160.00,"102,400.00"
2019-01-21,2019012101010270,CCBL,49,49,1,171.00,171.00
2019-01-21,2019012101010368,CIT,25,43,50,"2,512.00","125,600.00"
2019-01-21,2019012101010075,CIT,28,52,15,"2,504.00","37,560.00"
2019-01-21,2019012101010074,CIT,16,52,20,"2,505.00","50,100.00"
2019-01-21,2019012101010073,CIT,51,52,10,"2,505.00","25,050.00"
2019-01-21,2019012101010072,CIT,50,52,50,"2,506.00","125,300.00"
2019-01-21,2019012101010246,CZBIL,1,6,200,214.00,"42,800.00"
2019-01-21,2019012101010245,CZBIL,26,6,150,214.00,"32,100.00"
2019-01-21,2019012101010244,CZBIL,49,6,250,214.00,"53,500.00"
2019-01-21,2019012101010243,CZBIL,49,6,250,214.00,"53,500.00"
2019-01-21,2019012101010242,CZBIL,6,6,26,214.00,"5,564.00"
2019-01-21,2019012101009988,DBBL,59,17,14,125.00,"1,750.00"
2019-01-21,2019012101010200,FOWAD,19,6,15,"1,530.00","22,950.00"
2019-01-21,2019012101010268,GBIME,39,6,200,263.00,"52,600.00"
2019-01-21,2019012101010267,GBIME,55,6,100,263.00,"26,300.00"
2019-01-21,2019012101010266,GBIME,55,6,74,263.00,"19,462.00"
2019-01-21,2019012101010402,GDBL,44,13,23,190.00,"4,370.00"
2019-01-21,2019012101010401,GDBL,44,17,76,190.00,"14,440.00"
2019-01-21,2019012101010400,GDBL,44,58,550,190.00,"104,500.00"
2019-01-21,2019012101010269,GDBL,51,58,50,190.00,"9,500.00"
2019-01-21,2019012101010346,GRDBL,33,41,160,105.00,"16,800.00"
2019-01-21,2019012101010345,GRDBL,43,41,150,105.00,"15,750.00"
2019-01-21,2019012101010344,GRDBL,44,41,100,106.00,"10,600.00"
2019-01-21,2019012101010436,HGI,42,48,20,400.00,"8,000.00"
2019-01-21,2019012101010099,HIDCL,1,6,10,147.00,"1,470.00"
2019-01-21,2019012101010098,HIDCL,22,6,36,147.00,"5,292.00"
2019-01-21,2019012101009994,HIDCL,22,22,56,147.00,"8,232.00"
2019-01-21,2019012101010380,HPPL,22,45,10,180.00,"1,800.00"
2019-01-21,2019012101010338,HPPL,22,45,10,180.00,"1,800.00"
2019-01-21,2019012101010415,JBBL,41,28,16,136.00,"2,176.00"
2019-01-21,2019012101010452,JBNL,34,46,300,168.00,"50,400.00"
2019-01-21,2019012101010451,JBNL,6,46,680,168.00,"114,240.00"
2019-01-21,2019012101010157,KBL,5,6,500,246.00,"123,000.00"
2019-01-21,2019012101010156,KBL,39,6,100,246.00,"24,600.00"
2019-01-21,2019012101010155,KBL,45,6,50,246.00,"12,300.00"
2019-01-21,2019012101010154,KBL,58,6,100,246.00,"24,600.00"
2019-01-21,2019012101010153,KBL,7,6,299,246.00,"73,554.00"
2019-01-21,2019012101010152,KBL,42,6,200,246.00,"49,200.00"
2019-01-21,2019012101010151,KBL,53,6,50,246.00,"12,300.00"
2019-01-21,2019012101010150,KBL,42,6,100,246.00,"24,600.00"
2019-01-21,2019012101010149,KBL,16,6,86,246.00,"21,156.00"
2019-01-21,2019012101009992,KPCL,6,47,10,97.00,970.00
2019-01-21,2019012101010031,KPCL,6,47,10,97.00,970.00
2019-01-21,2019012101010047,KPCL,6,28,10,97.00,970.00
2019-01-21,2019012101010076,KPCL,6,28,10,97.00,970.00
2019-01-21,2019012101010085,KPCL,6,10,10,97.00,970.00
2019-01-21,2019012101010146,KPCL,6,47,10,97.00,970.00
2019-01-21,2019012101010165,KPCL,6,10,10,97.00,970.00
2019-01-21,2019012101010172,KPCL,6,28,10,97.00,970.00
2019-01-21,2019012101010195,KPCL,6,28,10,97.00,970.00
2019-01-21,2019012101010199,KPCL,6,57,10,97.00,970.00
2019-01-21,2019012101010249,KPCL,6,28,10,97.00,970.00
2019-01-21,2019012101010275,KPCL,6,28,10,97.00,970.00
2019-01-21,2019012101010280,KPCL,6,57,10,97.00,970.00
2019-01-21,2019012101010301,KPCL,6,28,10,97.00,970.00
2019-01-21,2019012101010324,KPCL,6,28,10,97.00,970.00
2019-01-21,2019012101010357,KPCL,6,57,10,97.00,970.00
2019-01-21,2019012101010352,KPCL,6,28,10,97.00,970.00
2019-01-21,2019012101010376,KPCL,6,10,10,97.00,970.00
2019-01-21,2019012101010406,KPCL,6,28,10,97.00,970.00
2019-01-21,2019012101010405,KPCL,6,57,10,97.00,970.00
2019-01-21,2019012101010431,KPCL,6,28,10,97.00,970.00
2019-01-21,2019012101010430,KPCL,6,54,10,97.00,970.00
2019-01-21,2019012101010441,KPCL,6,57,10,97.00,970.00
2019-01-21,2019012101010435,KPCL,6,47,10,97.00,970.00
2019-01-21,2019012101010233,KSBBL,45,45,600,138.00,"82,800.00"
2019-01-21,2019012101010210,KSBBL,6,45,100,138.00,"13,800.00"
2019-01-21,2019012101010349,LBBL,17,34,150,171.00,"25,650.00"
2019-01-21,2019012101010348,LBBL,17,56,150,171.00,"25,650.00"
2019-01-21,2019012101010332,LBL,47,17,199,222.00,"44,178.00"
2019-01-21,2019012101010323,LBL,47,34,200,222.00,"44,400.00"
2019-01-21,2019012101010322,LBL,47,56,12,222.00,"2,664.00"
2019-01-21,2019012101010321,LBL,47,41,400,222.00,"88,800.00"
2019-01-21,2019012101010320,LBL,47,41,16,222.00,"3,552.00"
2019-01-21,2019012101010312,LBL,5,17,801,221.00,"177,021.00"
2019-01-21,2019012101010055,LBL,5,17,229,221.00,"50,609.00"
2019-01-21,2019012101010054,LBL,25,17,73,221.00,"16,133.00"
2019-01-21,2019012101010256,LGIL,10,16,"1,000",537.00,"537,000.00"
2019-01-21,2019012101010255,LGIL,10,16,500,537.00,"268,500.00"
2019-01-21,2019012101010254,LGIL,1,16,50,538.00,"26,900.00"
2019-01-21,2019012101010253,LGIL,6,16,50,538.00,"26,900.00"
2019-01-21,2019012101010252,LGIL,34,16,429,538.00,"230,802.00"
2019-01-21,2019012101010251,LGIL,50,16,110,539.00,"59,290.00"
2019-01-21,2019012101010049,LGIL,50,51,390,539.00,"210,210.00"
2019-01-21,2019012101010218,LICN,59,26,100,"1,745.00","174,500.00"
2019-01-21,2019012101009993,MEGA,25,17,17,167.00,"2,839.00"
2019-01-21,2019012101010330,MNBBL,38,25,150,348.00,"52,200.00"
2019-01-21,2019012101010212,MNBBL,16,35,50,347.00,"17,350.00"
2019-01-21,2019012101010193,MNBBL,49,35,100,347.00,"34,700.00"
2019-01-21,2019012101010001,MNBBL,16,17,16,346.00,"5,536.00"
2019-01-21,2019012101010019,NABIL,56,19,46,842.00,"38,732.00"
2019-01-21,2019012101010018,NABIL,1,19,30,845.00,"25,350.00"
2019-01-21,2019012101010030,NABILP,14,32,20,721.00,"14,420.00"
2019-01-21,2019012101010389,NADEP,19,10,10,784.00,"7,840.00"
2019-01-21,2019012101010374,NBB,33,6,100,186.00,"18,600.00"
2019-01-21,2019012101010010,NBB,7,17,27,185.00,"4,995.00"
2019-01-21,2019012101010458,NBL,33,33,424,291.00,"123,384.00"
2019-01-21,2019012101010108,NBL,13,50,350,291.00,"101,850.00"
2019-01-21,2019012101010107,NBL,13,50,"2,000",291.00,"582,000.00"
2019-01-21,2019012101010106,NBL,7,50,500,291.00,"145,500.00"
2019-01-21,2019012101010105,NBL,13,50,"1,000",291.00,"291,000.00"
2019-01-21,2019012101010104,NBL,10,50,500,291.00,"145,500.00"
