Date,Transact. No.,Symbol,Buyer,Seller,Quantity,Rate,Amount
2019-10-20,2019102001002826,ADBL,39,28,476,413.00,"196,588.00"
2019-10-20,2019102001002825,ADBL,28,28,24,414.00,"9,936.00"
2019-10-20,2019102001002804,ADBL,28,13,476,414.00,"197,064.00"
2019-10-20,2019102001002755,ADBL,29,45,106,414.00,"43,884.00"
2019-10-20,2019102001002754,ADBL,29,42,394,414.00,"163,116.00"
2019-10-20,2019102001002739,ADBL,39,3,58,413.00,"23,954.00"
2019-10-20,2019102001002530,ADBL,22,7,60,413.00,"24,780.00"
2019-10-20,2019102001002529,ADBL,56,7,250,413.00,"103,250.00"
2019-10-20,2019102001002528,ADBL,4,7,652,413.00,"269,276.00"
2019-10-20,2019102001002738,ADBL,25,3,19,413.00,"7,847.00"
2019-10-20,2019102001002737,ADBL,38,3,61,413.00,"25,193.00"
2019-10-20,2019102001002688,ADBL,38,38,200,413.00,"82,600.00"
2019-10-20,2019102001002614,ADBL,38,34,100,413.00,"41,300.00"
2019-10-20,2019102001002536,ADBL,39,42,14,414.00,"5,796.00"
2019-10-20,2019102001002531,ADBL,38,7,39,413.00,"16,107.00"
2019-10-20,2019102001002930,AHPC,17,40,500,93.00,"46,500.00"
2019-10-20,2019102001002929,AHPC,37,40,"1,000",93.00,"93,000.00"
2019-10-20,2019102001002928,AHPC,49,40,100,93.00,"9,300.00"
2019-10-20,2019102001002927,AHPC,56,40,100,93.00,"9,300.00"
2019-10-20,2019102001002926,AHPC,56,40,85,93.00,"7,905.00"
2019-10-20,2019102001002925,AHPC,58,40,30,93.00,"2,790.00"
2019-10-20,2019102001002918,AHPC,56,40,100,94.00,"9,400.00"
2019-10-20,2019102001002917,AHPC,1,40,990,94.00,"93,060.00"
2019-10-20,2019102001002880,AHPC,1,28,10,94.00,940.00
2019-10-20,2019102001002924,AHPC,59,40,500,93.00,"46,500.00"
2019-10-20,2019102001002923,AHPC,8,40,400,93.00,"37,200.00"
2019-10-20,2019102001002922,AHPC,32,40,400,93.00,"37,200.00"
2019-10-20,2019102001002921,AHPC,28,40,"1,000",94.00,"94,000.00"
2019-10-20,2019102001002920,AHPC,5,40,20,94.00,"1,880.00"
2019-10-20,2019102001002919,AHPC,37,40,"1,000",94.00,"94,000.00"
2019-10-20,2019102001002903,AKBSL,45,45,10,414.00,"4,140.00"
2019-10-20,2019102001002870,AKBSL,42,22,10,413.00,"4,130.00"
2019-10-20,2019102001002572,AKPL,42,25,10,134.00,"1,340.00"
2019-10-20,2019102001002867,ALICL,28,44,638,314.00,"200,332.00"
2019-10-20,2019102001002859,ALICL,28,57,50,314.00,"15,700.00"
2019-10-20,2019102001002835,ALICL,28,45,208,314.00,"65,312.00"
2019-10-20,2019102001002834,ALICL,41,45,250,315.00,"78,750.00"
2019-10-20,2019102001002833,ALICL,13,45,20,316.00,"6,320.00"
2019-10-20,2019102001002619,BARUN,25,39,120,87.00,"10,440.00"
2019-10-20,2019102001002959,BOKL,44,51,50,226.00,"11,300.00"
2019-10-20,2019102001002958,BOKL,44,51,200,226.00,"45,200.00"
2019-10-20,2019102001002957,BOKL,36,51,50,226.00,"11,300.00"
2019-10-20,2019102001002892,BOKL,37,45,362,226.00,"81,812.00"
2019-10-20,2019102001002879,BOKL,45,5,288,227.00,"65,376.00"
2019-10-20,2019102001002878,BOKL,45,39,74,227.00,"16,798.00"
2019-10-20,2019102001002753,BOKL,37,10,90,226.00,"20,340.00"
2019-10-20,2019102001002726,BOKL,37,32,42,226.00,"9,492.00"
2019-10-20,2019102001002725,BOKL,47,32,215,226.00,"48,590.00"
2019-10-20,2019102001002724,BOKL,35,32,200,226.00,"45,200.00"
2019-10-20,2019102001002723,BOKL,28,32,543,226.00,"122,718.00"
2019-10-20,2019102001002522,BOKL,28,33,500,226.00,"113,000.00"
2019-10-20,2019102001002994,BPCL,33,25,20,362.00,"7,240.00"
2019-10-20,2019102001002948,BPCL,33,25,13,362.00,"4,706.00"
2019-10-20,2019102001002947,BPCL,33,25,10,362.00,"3,620.00"
2019-10-20,2019102001002946,BPCL,33,25,10,364.00,"3,640.00"
2019-10-20,2019102001002740,BPCL,45,48,43,360.00,"15,480.00"
2019-10-20,2019102001002933,CBBL,28,37,91,961.00,"87,451.00"
2019-10-20,2019102001002932,CBBL,16,37,29,961.00,"27,869.00"
2019-10-20,2019102001002905,CBBL,16,45,171,961.00,"164,331.00"
2019-10-20,2019102001002904,CBBL,47,45,48,961.00,"46,128.00"
2019-10-20,2019102001002900,CBL,43,26,10,142.00,"1,420.00"
2019-10-20,2019102001002675,CCBL,28,26,300,154.00,"46,200.00"
2019-10-20,2019102001002644,CCBL,38,37,171,152.00,"25,992.00"
2019-10-20,2019102001002643,CCBL,1,37,449,152.00,"68,248.00"
2019-10-20,2019102001002628,CCBL,1,28,51,152.00,"7,752.00"
2019-10-20,2019102001002627,CCBL,34,28,249,152.00,"37,848.00"
2019-10-20,2019102001002935,CEFL,52,52,500,111.00,"55,500.00"
2019-10-20,2019102001003005,CIT,37,57,32,"1,770.00","56,640.00"
2019-10-20,2019102001002949,CZBIL,45,45,7,193.00,"1,351.00"
2019-10-20,2019102001002873,CZBIL,25,49,201,193.00,"38,793.00"
2019-10-20,2019102001002872,CZBIL,41,49,173,193.00,"33,389.00"
2019-10-20,2019102001002871,CZBIL,41,29,190,193.00,"36,670.00"
2019-10-20,2019102001002742,CZBIL,41,49,57,193.00,"11,001.00"
2019-10-20,2019102001002654,CZBIL,41,21,10,193.00,"1,930.00"
2019-10-20,2019102001002645,CZBIL,41,21,10,193.00,"1,930.00"
2019-10-20,2019102001002637,CZBIL,41,21,10,193.00,"1,930.00"
2019-10-20,2019102001002633,CZBIL,41,50,349,193.00,"67,357.00"
2019-10-20,2019102001002632,CZBIL,41,25,201,193.00,"38,793.00"
2019-10-20,2019102001002533,DBBL,38,7,113,126.00,"14,238.00"
2019-10-20,2019102001002532,DBBL,49,7,50,126.00,"6,300.00"
2019-10-20,2019102001002866,EBL,13,44,17,549.00,"9,333.00"
2019-10-20,2019102001002849,EBL,26,35,100,545.00,"54,500.00"
2019-10-20,2019102001002848,EBL,56,35,260,545.00,"141,700.00"
2019-10-20,2019102001002607,EBL,33,41,100,547.00,"54,700.00"
2019-10-20,2019102001002579,EBL,56,44,240,545.00,"130,800.00"
2019-10-20,2019102001002568,EBL,44,44,100,545.00,"54,500.00"
2019-10-20,2019102001002931,EIC,58,47,67,222.00,"14,874.00"
2019-10-20,2019102001002655,EIC,3,21,10,221.00,"2,210.00"
2019-10-20,2019102001002600,EIC,25,47,53,222.00,"11,766.00"
2019-10-20,2019102001002552,EIC,25,55,47,222.00,"10,434.00"
2019-10-20,2019102001002551,EIC,38,55,200,222.00,"44,400.00"
2019-10-20,2019102001002550,EIC,42,55,50,222.00,"11,100.00"
2019-10-20,2019102001002549,EIC,17,55,387,222.00,"85,914.00"
2019-10-20,2019102001002992,FMDBL,22,53,50,313.00,"15,650.00"
2019-10-20,2019102001002831,FMDBL,44,53,140,313.00,"43,820.00"
2019-10-20,2019102001002577,FMDBL,44,33,120,313.00,"37,560.00"
2019-10-20,2019102001002877,FOWAD,43,50,500,"1,270.00","635,000.00"
2019-10-20,2019102001002876,FOWAD,37,50,21,"1,270.00","26,670.00"
2019-10-20,2019102001002875,FOWAD,35,50,10,"1,272.00","12,720.00"
2019-10-20,2019102001002874,FOWAD,34,50,188,"1,272.00","239,136.00"
2019-10-20,2019102001002683,FOWAD,34,39,25,"1,272.00","31,800.00"
2019-10-20,2019102001002553,FOWAD,34,21,10,"1,272.00","12,720.00"
2019-10-20,2019102001002545,FOWAD,34,57,177,"1,272.00","225,144.00"
2019-10-20,2019102001002544,FOWAD,50,17,25,"1,273.00","31,825.00"
2019-10-20,2019102001002940,GBLBS,33,48,290,308.00,"89,320.00"
2019-10-20,2019102001002939,GBLBS,22,48,10,308.00,"3,080.00"
2019-10-20,2019102001002938,GBLBS,33,48,100,308.00,"30,800.00"
2019-10-20,2019102001002937,GBLBS,10,48,100,309.00,"30,900.00"
2019-10-20,2019102001002936,GBLBS,56,48,500,309.00,"154,500.00"
2019-10-20,2019102001002750,GBLBS,22,11,10,309.00,"3,090.00"
2019-10-20,2019102001002749,GBLBS,22,11,10,310.00,"3,100.00"
2019-10-20,2019102001002748,GBLBS,14,11,100,310.00,"31,000.00"
2019-10-20,2019102001002747,GBLBS,43,11,80,310.00,"24,800.00"
2019-10-20,2019102001002647,GBLBS,43,7,20,310.00,"6,200.00"
2019-10-20,2019102001003002,GFCL,19,59,250,134.00,"33,500.00"
2019-10-20,2019102001002634,GLBSL,51,48,10,418.00,"4,180.00"
2019-10-20,2019102001002865,GLICL,42,52,16,359.00,"5,744.00"
2019-10-20,2019102001002864,GLICL,42,49,20,359.00,"7,180.00"
2019-10-20,2019102001002796,GLICL,42,52,50,357.00,"17,850.00"
2019-10-20,2019102001002795,GLICL,42,54,14,357.00,"4,998.00"
2019-10-20,2019102001002538,GLICL,25,54,10,357.00,"3,570.00"
2019-10-20,2019102001002953,GMFIL,21,52,20,117.00,"2,340.00"
2019-10-20,2019102001002897,HBL,43,45,10,500.00,"5,000.00"
2019-10-20,2019102001002896,HBL,43,43,138,495.00,"68,310.00"
2019-10-20,2019102001002595,HBL,36,43,20,495.00,"9,900.00"
2019-10-20,2019102001002521,HBL,35,43,200,495.00,"99,000.00"
2019-10-20,2019102001002520,HBL,58,43,85,495.00,"42,075.00"
2019-10-20,2019102001002762,HDL,46,21,100,"1,430.00","143,000.00"
2019-10-20,2019102001002761,HDL,53,21,50,"1,448.00","72,400.00"
2019-10-20,2019102001002760,HDL,37,21,40,"1,450.00","58,000.00"
2019-10-20,2019102001002678,HDL,37,21,40,"1,450.00","58,000.00"
2019-10-20,2019102001002677,HDL,13,21,20,"1,451.00","29,020.00"
2019-10-20,2019102001002676,HDL,34,21,40,"1,451.00","58,040.00"
2019-10-20,2019102001002660,HGI,13,33,20,265.00,"5,300.00"
2019-10-20,2019102001002908,HIDCL,34,57,773,136.00,"105,128.00"
2019-10-20,2019102001002907,HIDCL,1,57,200,136.00,"27,200.00"
2019-10-20,2019102001002906,HIDCL,19,57,27,136.00,"3,672.00"
2019-10-20,2019102001002758,HIDCL,54,57,798,137.00,"109,326.00"
2019-10-20,2019102001002571,HIDCL,54,37,10,137.00,"1,370.00"
2019-10-20,2019102001002547,HIDCL,22,37,10,138.00,"1,380.00"
2019-10-20,2019102001002537,HIDCL,22,37,10,138.00,"1,380.00"
2019-10-20,2019102001002527,HIDCL,22,37,10,138.00,"1,380.00"
2019-10-20,2019102001002507,HIDCL,22,37,10,138.00,"1,380.00"
2019-10-20,2019102001002794,ILBS,39,7,40,416.00,"16,640.00"
2019-10-20,2019102001002766,ILBS,18,7,10,415.00,"4,150.00"
2019-10-20,2019102001002604,ILBS,52,7,150,415.00,"62,250.00"
2019-10-20,2019102001002603,ILBS,39,7,100,415.00,"41,500.00"
2019-10-20,2019102001002602,ILBS,39,7,30,415.00,"12,450.00"
2019-10-20,2019102001002601,ILBS,39,7,10,416.00,"4,160.00"
2019-10-20,2019102001002642,JBBL,13,41,300,157.00,"47,100.00"
2019-10-20,2019102001002641,JBBL,13,17,112,157.00,"17,584.00"
2019-10-20,2019102001002954,KBL,58,50,151,178.00,"26,878.00"
2019-10-20,2019102001002945,KBL,45,45,4,178.00,712.00
2019-10-20,2019102001002768,KBL,58,48,94,178.00,"16,732.00"
2019-10-20,2019102001002746,KBL,58,40,28,178.00,"4,984.00"
2019-10-20,2019102001002745,KBL,37,40,972,178.00,"173,016.00"
2019-10-20,2019102001002591,KBL,37,41,28,178.00,"4,984.00"
2019-10-20,2019102001002590,KBL,47,41,100,178.00,"17,800.00"
2019-10-20,2019102001002589,KBL,19,41,72,178.00,"12,816.00"
2019-10-20,2019102001002690,KSBBL,28,28,300,142.00,"42,600.00"
2019-10-20,2019102001002803,LBL,38,55,405,213.00,"86,265.00"
2019-10-20,2019102001002722,LBL,38,48,67,213.00,"14,271.00"
2019-10-20,2019102001002653,LBL,38,28,28,213.00,"5,964.00"
2019-10-20,2019102001002652,LBL,42,28,210,213.00,"44,730.00"
2019-10-20,2019102001002567,LBL,42,50,20,213.00,"4,260.00"
2019-10-20,2019102001002566,LBL,22,50,150,213.00,"31,950.00"
2019-10-20,2019102001002989,MBL,42,49,215,222.00,"47,730.00"
2019-10-20,2019102001002988,MBL,33,49,785,222.00,"174,270.00"
2019-10-20,2019102001002911,MBL,33,7,215,222.00,"47,730.00"
2019-10-20,2019102001002910,MBL,33,7,285,222.00,"63,270.00"
2019-10-20,2019102001002863,MBL,33,49,15,222.00,"3,330.00"
2019-10-20,2019102001002862,MBL,45,49,500,222.00,"111,000.00"
2019-10-20,2019102001002861,MBL,33,49,101,222.00,"22,422.00"
2019-10-20,2019102001002860,MBL,35,49,400,223.00,"89,200.00"
2019-10-20,2019102001002656,MBL,57,49,434,223.00,"96,782.00"
2019-10-20,2019102001002915,MEGA,43,26,10,196.00,"1,960.00"
2019-10-20,2019102001002556,MEGA,42,35,100,195.00,"19,500.00"
2019-10-20,2019102001002542,MEGA,38,33,40,195.00,"7,800.00"
2019-10-20,2019102001002541,MEGA,57,33,195,195.00,"38,025.00"
2019-10-20,2019102001002562,MEGA,1,35,100,195.00,"19,500.00"
2019-10-20,2019102001002561,MEGA,20,35,100,195.00,"19,500.00"
2019-10-20,2019102001002560,MEGA,3,35,100,195.00,"19,500.00"
2019-10-20,2019102001002559,MEGA,42,35,50,195.00,"9,750.00"
2019-10-20,2019102001002558,MEGA,11,35,500,195.00,"97,500.00"
2019-10-20,2019102001002557,MEGA,34,35,20,195.00,"3,900.00"
2019-10-20,2019102001002563,MEGA,13,35,30,195.00,"5,850.00"
2019-10-20,2019102001002787,MEGA,57,28,880,195.00,"171,600.00"
2019-10-20,2019102001002786,MEGA,13,28,120,195.00,"23,400.00"
2019-10-20,2019102001002839,MEGA,38,34,380,195.00,"74,100.00"
2019-10-20,2019102001002838,MEGA,57,34,120,195.00,"23,400.00"
2019-10-20,2019102001002756,MLBBL,53,6,10,443.00,"4,430.00"
2019-10-20,2019102001002581,MLBL,5,32,140,214.00,"29,960.00"
2019-10-20,2019102001002506,MLBL,28,25,19,215.00,"4,085.00"
2019-10-20,2019102001002847,NABIL,40,3,18,757.00,"13,626.00"
2019-10-20,2019102001002846,NABIL,49,3,100,757.00,"75,700.00"
2019-10-20,2019102001002845,NABIL,7,3,20,757.00,"15,140.00"
2019-10-20,2019102001002844,NABIL,56,3,170,757.00,"128,690.00"
2019-10-20,2019102001002843,NABIL,43,3,292,758.00,"221,336.00"
2019-10-20,2019102001002823,NABIL,43,6,53,758.00,"40,174.00"
2019-10-20,2019102001002822,NABIL,5,6,12,758.00,"9,096.00"
2019-10-20,2019102001002821,NABIL,48,6,25,758.00,"18,950.00"
2019-10-20,2019102001002808,NABIL,11,6,10,759.00,"7,590.00"
2019-10-20,2019102001002783,NABIL,14,3,15,760.00,"11,400.00"
2019-10-20,2019102001002782,NABIL,22,3,80,760.00,"60,800.00"
2019-10-20,2019102001003000,NBB,25,3,132,210.00,"27,720.00"
2019-10-20,2019102001002999,NBB,37,3,268,210.00,"56,280.00"
2019-10-20,2019102001002952,NBB,37,51,232,210.00,"48,720.00"
2019-10-20,2019102001002951,NBB,52,51,200,210.00,"42,000.00"
2019-10-20,2019102001002610,NBB,28,17,500,211.00,"105,500.00"
2019-10-20,2019102001002592,NBB,25,28,499,210.00,"104,790.00"
2019-10-20,2019102001002978,NBL,33,32,10,317.00,"3,170.00"
2019-10-20,2019102001002890,NBL,39,58,200,316.00,"63,200.00"
2019-10-20,2019102001002852,NBL,25,32,500,317.00,"158,500.00"
2019-10-20,2019102001002785,NBL,39,10,100,316.00,"31,600.00"
2019-10-20,2019102001002770,NBL,39,33,"1,200",316.00,"379,200.00"
2019-10-20,2019102001002704,NBL,39,58,"2,500",316.00,"790,000.00"
2019-10-20,2019102001002682,NBL,39,52,13,316.00,"4,108.00"
2019-10-20,2019102001002681,NBL,35,52,30,316.00,"9,480.00"
2019-10-20,2019102001002680,NBL,32,52,157,316.00,"49,612.00"
2019-10-20,2019102001002594,NBL,32,39,143,316.00,"45,188.00"
2019-10-20,2019102001002593,NBL,4,39,357,316.00,"112,812.00"
2019-10-20,2019102001002509,NBL,4,7,"1,000",316.00,"316,000.00"
2019-10-20,2019102001003003,NCCB,33,1,10,197.00,"1,970.00"
2019-10-20,2019102001002744,NCCB,44,55,500,196.00,"98,000.00"
2019-10-20,2019102001002624,NCCB,44,52,376,196.00,"73,696.00"
2019-10-20,2019102001002623,NCCB,44,39,"1,000",196.00,"196,000.00"
2019-10-20,2019102001002622,NCCB,44,16,500,196.00,"98,000.00"
2019-10-20,2019102001002621,NCCB,44,35,240,196.00,"47,040.00"
2019-10-20,2019102001002540,NCCB,19,51,97,195.00,"18,915.00"
2019-10-20,2019102001002539,NCCB,45,51,53,195.00,"10,335.00"
2019-10-20,2019102001002583,NEF,19,35,100,7.94,794.00
2019-10-20,2019102001002891,NHPC,6,1,190,53.00,"10,070.00"
2019-10-20,2019102001002791,NIB,42,10,50,444.00,"22,200.00"
2019-10-20,2019102001002790,NIB,16,10,50,444.00,"22,200.00"
2019-10-20,2019102001002702,NIB,48,28,30,445.00,"13,350.00"
2019-10-20,2019102001002661,NIB,55,28,10,445.00,"4,450.00"
2019-10-20,2019102001002638,NIB,55,28,115,445.00,"51,175.00"
2019-10-20,2019102001002615,NIB,28,28,120,445.00,"53,400.00"
2019-10-20,2019102001002606,NIB,55,28,120,444.00,"53,280.00"
2019-10-20,2019102001002582,NIB,55,22,100,444.00,"44,400.00"
2019-10-20,2019102001002565,NIB,59,7,497,444.00,"220,668.00"
2019-10-20,2019102001002564,NIB,13,7,503,444.00,"223,332.00"
2019-10-20,2019102001002977,NIBPO,49,4,10,409.00,"4,090.00"
2019-10-20,2019102001002608,NIBPO,8,47,43,405.00,"17,415.00"
2019-10-20,2019102001002789,NICA,25,49,89,382.00,"33,998.00"
2019-10-20,2019102001002788,NICA,33,49,146,382.00,"55,772.00"
2019-10-20,2019102001002728,NICA,33,3,197,382.00,"75,254.00"
2019-10-20,2019102001002692,NICA,33,22,203,382.00,"77,546.00"
2019-10-20,2019102001002979,NICL,43,32,10,264.00,"2,640.00"
2019-10-20,2019102001002991,NIL,39,43,10,359.00,"3,590.00"
2019-10-20,2019102001002599,NIL,25,37,79,354.00,"27,966.00"
2019-10-20,2019102001002598,NIL,41,37,21,354.00,"7,434.00"
2019-10-20,2019102001002597,NIL,51,37,50,354.00,"17,700.00"
2019-10-20,2019102001002596,NIL,44,37,20,355.00,"7,100.00"
2019-10-20,2019102001002757,NLG,6,25,10,581.00,"5,810.00"
2019-10-20,2019102001002741,NLG,6,26,30,570.00,"17,100.00"
2019-10-20,2019102001002732,NLG,6,37,10,559.00,"5,590.00"
2019-10-20,2019102001002625,NLG,48,26,50,552.00,"27,600.00"
2019-10-20,2019102001002580,NLG,48,25,10,552.00,"5,520.00"
2019-10-20,2019102001002975,NLIC,28,28,150,773.00,"115,950.00"
2019-10-20,2019102001002941,NLIC,6,32,50,774.00,"38,700.00"
2019-10-20,2019102001002901,NLIC,56,56,201,773.00,"155,373.00"
2019-10-20,2019102001002898,NLIC,56,25,295,773.00,"228,035.00"
2019-10-20,2019102001002814,NLIC,39,6,20,772.00,"15,440.00"
2019-10-20,2019102001002811,NLIC,37,37,22,773.00,"17,006.00"
2019-10-20,2019102001002735,NLIC,13,32,189,774.00,"146,286.00"
2019-10-20,2019102001002734,NLIC,13,45,11,773.00,"8,503.00"
2019-10-20,2019102001002708,NLIC,53,45,75,773.00,"57,975.00"
2019-10-20,2019102001002575,NLIC,39,43,26,772.00,"20,072.00"
2019-10-20,2019102001002574,NLIC,46,43,50,772.00,"38,600.00"
2019-10-20,2019102001002573,NLIC,4,43,454,772.00,"350,488.00"
2019-10-20,2019102001002981,NLICL,56,52,66,450.00,"29,700.00"
2019-10-20,2019102001002980,NLICL,56,46,21,450.00,"9,450.00"
2019-10-20,2019102001002950,NLICL,44,52,10,450.00,"4,500.00"
2019-10-20,2019102001002618,NLICL,13,37,56,445.00,"24,920.00"
2019-10-20,2019102001002617,NLICL,56,37,44,446.00,"19,624.00"
2019-10-20,2019102001002611,NLICL,56,57,56,446.00,"24,976.00"
2019-10-20,2019102001002902,NMBMF,53,32,10,"1,083.00","10,830.00"
2019-10-20,2019102001002613,NMBMF,8,19,19,"1,082.00","20,558.00"
2019-10-20,2019102001002884,OHL,38,57,18,442.00,"7,956.00"
2019-10-20,2019102001002883,OHL,39,57,15,442.00,"6,630.00"
2019-10-20,2019102001002882,OHL,16,57,12,442.00,"5,304.00"
2019-10-20,2019102001002881,OHL,59,57,25,444.00,"11,100.00"
2019-10-20,2019102001002800,OHL,59,38,25,444.00,"11,100.00"
2019-10-20,2019102001002576,OHL,38,57,100,447.00,"44,700.00"
2019-10-20,2019102001002990,PCBL,10,35,52,264.00,"13,728.00"
2019-10-20,2019102001002934,PCBL,10,26,200,264.00,"52,800.00"
2019-10-20,2019102001002855,PCBL,10,49,48,264.00,"12,672.00"
2019-10-20,2019102001002767,PCBL,10,49,48,264.00,"12,672.00"
2019-10-20,2019102001002913,PLIC,28,39,100,311.00,"31,100.00"
2019-10-20,2019102001002912,PLIC,28,39,400,313.00,"125,200.00"
2019-10-20,2019102001002779,PLIC,57,17,20,312.00,"6,240.00"
2019-10-20,2019102001002778,PLIC,49,17,20,312.00,"6,240.00"
2019-10-20,2019102001002777,PLIC,46,17,200,312.00,"62,400.00"
2019-10-20,2019102001002776,PLIC,14,17,20,312.00,"6,240.00"
2019-10-20,2019102001002775,PLIC,37,17,200,312.00,"62,400.00"
2019-10-20,2019102001002774,PLIC,29,17,200,312.00,"62,400.00"
2019-10-20,2019102001002806,PPCL,34,48,10,93.00,930.00
2019-10-20,2019102001002805,PPCL,34,48,20,93.00,"1,860.00"
2019-10-20,2019102001002729,PPCL,8,49,20,94.00,"1,880.00"
2019-10-20,2019102001002889,PROFL,19,32,300,95.00,"28,500.00"
2019-10-20,2019102001002705,PROFL,57,32,200,95.00,"19,000.00"
2019-10-20,2019102001002759,PRVU,48,45,20,265.00,"5,300.00"
2019-10-20,2019102001002649,PRVU,39,38,100,266.00,"26,600.00"
2019-10-20,2019102001002648,PRVU,5,38,190,266.00,"50,540.00"
2019-10-20,2019102001002586,PRVU,38,34,100,267.00,"26,700.00"
2019-10-20,2019102001002668,PRVU,39,45,100,265.00,"26,500.00"
2019-10-20,2019102001002667,PRVU,55,45,"1,000",265.00,"265,000.00"
2019-10-20,2019102001002666,PRVU,40,45,200,266.00,"53,200.00"
2019-10-20,2019102001002665,PRVU,49,45,200,266.00,"53,200.00"
2019-10-20,2019102001002664,PRVU,49,45,790,266.00,"210,140.00"
2019-10-20,2019102001002650,PRVU,49,38,210,266.00,"55,860.00"
2019-10-20,2019102001002736,PRVU,48,45,50,265.00,"13,250.00"
2019-10-20,2019102001002730,PRVU,28,48,410,264.00,"108,240.00"
2019-10-20,2019102001002672,PRVU,57,45,250,265.00,"66,250.00"
2019-10-20,2019102001002671,PRVU,38,45,200,265.00,"53,000.00"
2019-10-20,2019102001002670,PRVU,18,45,200,265.00,"53,000.00"
2019-10-20,2019102001002669,PRVU,10,45,370,265.00,"98,050.00"
2019-10-20,2019102001002824,RADHI,13,26,12,144.00,"1,728.00"
2019-10-20,2019102001002987,RBCL,34,25,10,"8,400.00","84,000.00"
2019-10-20,2019102001002986,RBCL,41,25,10,"8,401.00","84,010.00"
2019-10-20,2019102001002916,RHPC,45,45,16,78.00,"1,248.00"
2019-10-20,2019102001002773,RHPC,8,49,10,78.00,780.00
2019-10-20,2019102001002772,RHPC,8,49,38,78.00,"2,964.00"
2019-10-20,2019102001002626,RHPC,56,49,10,77.00,770.00
2019-10-20,2019102001003001,RHPL,52,40,50,166.00,"8,300.00"
2019-10-20,2019102001002966,RHPL,59,40,150,165.00,"24,750.00"
2019-10-20,2019102001002965,RHPL,59,34,490,165.00,"80,850.00"
2019-10-20,2019102001002909,RHPL,59,26,"1,000",164.00,"164,000.00"
2019-10-20,2019102001002851,RHPL,19,34,10,165.00,"1,650.00"
2019-10-20,2019102001002842,RHPL,59,46,10,164.00,"1,640.00"
2019-10-20,2019102001002620,RHPL,16,47,40,164.00,"6,560.00"
2019-10-20,2019102001002585,RHPL,39,46,30,165.00,"4,950.00"
2019-10-20,2019102001002510,RHPL,16,49,30,164.00,"4,920.00"
2019-10-20,2019102001002662,RHPL,59,47,40,164.00,"6,560.00"
2019-10-20,2019102001002658,RHPL,59,47,40,164.00,"6,560.00"
2019-10-20,2019102001002651,RHPL,59,47,40,164.00,"6,560.00"
2019-10-20,2019102001002640,RHPL,59,47,50,164.00,"8,200.00"
2019-10-20,2019102001002630,RHPL,59,47,10,164.00,"1,640.00"
2019-10-20,2019102001002629,RHPL,16,47,30,164.00,"4,920.00"
2019-10-20,2019102001002812,RHPL,59,48,50,164.00,"8,200.00"
2019-10-20,2019102001002721,RHPL,59,47,40,164.00,"6,560.00"
2019-10-20,2019102001002706,RHPL,59,47,40,164.00,"6,560.00"
2019-10-20,2019102001002684,RHPL,59,47,50,164.00,"8,200.00"
2019-10-20,2019102001002679,RHPL,59,47,30,164.00,"4,920.00"
2019-10-20,2019102001002674,RHPL,59,47,40,164.00,"6,560.00"
2019-10-20,2019102001002780,RMDC,47,26,10,606.00,"6,060.00"
2019-10-20,2019102001002752,RMDC,52,26,40,607.00,"24,280.00"
2019-10-20,2019102001002985,SABSL,57,20,50,461.00,"23,050.00"
2019-10-20,2019102001002984,SABSL,57,47,10,460.00,"4,600.00"
2019-10-20,2019102001002974,SABSL,57,36,50,457.00,"22,850.00"
2019-10-20,2019102001002973,SABSL,57,52,50,457.00,"22,850.00"
2019-10-20,2019102001002972,SABSL,57,32,10,455.00,"4,550.00"
2019-10-20,2019102001002971,SABSL,57,57,10,455.00,"4,550.00"
2019-10-20,2019102001002707,SABSL,44,42,10,450.00,"4,500.00"
2019-10-20,2019102001002691,SABSL,17,44,10,449.00,"4,490.00"
2019-10-20,2019102001002663,SABSL,44,42,10,450.00,"4,500.00"
2019-10-20,2019102001002659,SABSL,17,44,10,449.00,"4,490.00"
2019-10-20,2019102001002612,SABSL,17,29,10,449.00,"4,490.00"
2019-10-20,2019102001002970,SABSL,57,57,10,455.00,"4,550.00"
2019-10-20,2019102001002969,SABSL,57,42,10,450.00,"4,500.00"
2019-10-20,2019102001002968,SABSL,57,42,10,450.00,"4,500.00"
2019-10-20,2019102001002967,SABSL,57,42,10,450.00,"4,500.00"
2019-10-20,2019102001002942,SABSL,17,46,10,449.00,"4,490.00"
2019-10-20,2019102001002841,SABSL,17,58,10,449.00,"4,490.00"
2019-10-20,2019102001002983,SADBL,1,45,424,137.00,"58,088.00"
2019-10-20,2019102001002982,SADBL,33,45,66,137.00,"9,042.00"
2019-10-20,2019102001002703,SADBL,33,48,92,137.00,"12,604.00"
2019-10-20,2019102001002914,SANIMA,45,35,46,304.00,"13,984.00"
2019-10-20,2019102001002588,SANIMA,40,11,200,305.00,"61,000.00"
2019-10-20,2019102001002944,SBI,57,11,229,399.00,"91,371.00"
2019-10-20,2019102001002943,SBI,57,53,71,399.00,"28,329.00"
2019-10-20,2019102001002525,SBI,57,58,230,393.00,"90,390.00"
2019-10-20,2019102001002524,SBI,7,58,50,394.00,"19,700.00"
2019-10-20,2019102001002508,SBI,35,58,20,395.00,"7,900.00"
2019-10-20,2019102001002997,SBL,34,29,10,291.00,"2,910.00"
2019-10-20,2019102001002819,SBL,21,51,50,290.00,"14,500.00"
2019-10-20,2019102001002810,SBL,50,17,150,289.00,"43,350.00"
2019-10-20,2019102001002829,SCB,39,35,25,565.00,"14,125.00"
2019-10-20,2019102001002828,SCB,43,35,35,565.00,"19,775.00"
2019-10-20,2019102001002827,SCB,41,35,50,566.00,"28,300.00"
2019-10-20,2019102001002720,SCB,43,13,165,565.00,"93,225.00"
2019-10-20,2019102001002719,SCB,42,13,50,565.00,"28,250.00"
2019-10-20,2019102001002718,SCB,32,13,70,565.00,"39,550.00"
2019-10-20,2019102001002555,SDESI,26,56,13,605.00,"7,865.00"
2019-10-20,2019102001002554,SDESI,35,56,87,606.00,"52,722.00"
2019-10-20,2019102001003004,SHIVM,48,21,10,488.00,"4,880.00"
2019-10-20,2019102001002976,SHIVM,11,47,180,486.00,"87,480.00"
2019-10-20,2019102001002836,SHIVM,11,6,40,486.00,"19,440.00"
2019-10-20,2019102001002830,SHIVM,11,48,50,486.00,"24,300.00"
2019-10-20,2019102001002635,SHIVM,21,21,40,488.00,"19,520.00"
2019-10-20,2019102001002631,SHIVM,21,6,20,488.00,"9,760.00"
2019-10-20,2019102001002697,SHIVM,48,13,10,486.00,"4,860.00"
2019-10-20,2019102001002696,SHIVM,44,13,50,486.00,"24,300.00"
2019-10-20,2019102001002695,SHIVM,41,13,10,487.00,"4,870.00"
2019-10-20,2019102001002694,SHIVM,50,13,20,487.00,"9,740.00"
2019-10-20,2019102001002693,SHIVM,34,13,110,487.00,"53,570.00"
2019-10-20,2019102001002636,SHIVM,39,21,100,488.00,"48,800.00"
2019-10-20,2019102001002802,SHIVM,11,11,100,486.00,"48,600.00"
2019-10-20,2019102001002764,SHIVM,10,21,15,488.00,"7,320.00"
2019-10-20,2019102001002731,SHIVM,39,21,200,488.00,"97,600.00"
2019-10-20,2019102001002700,SHIVM,22,21,100,488.00,"48,800.00"
2019-10-20,2019102001002699,SHIVM,11,13,10,486.00,"4,860.00"
2019-10-20,2019102001002698,SHIVM,48,13,90,486.00,"43,740.00"
2019-10-20,2019102001002993,SHPC,16,1,10,193.00,"1,930.00"
2019-10-20,2019102001002717,SHPC,57,37,39,190.00,"7,410.00"
2019-10-20,2019102001002716,SHPC,57,37,39,190.00,"7,410.00"
2019-10-20,2019102001002715,SHPC,57,37,39,190.00,"7,410.00"
2019-10-20,2019102001002714,SHPC,57,37,39,190.00,"7,410.00"
2019-10-20,2019102001002713,SHPC,57,37,39,190.00,"7,410.00"
2019-10-20,2019102001002712,SHPC,57,37,39,190.00,"7,410.00"
2019-10-20,2019102001002711,SHPC,57,33,17,190.00,"3,230.00"
2019-10-20,2019102001002710,SHPC,45,33,22,190.00,"4,180.00"
2019-10-20,2019102001002956,SIC,45,39,10,492.00,"4,920.00"
2019-10-20,2019102001002899,SIC,45,39,10,502.00,"5,020.00"
2019-10-20,2019102001002763,SIC,45,39,10,512.00,"5,120.00"
2019-10-20,2019102001002639,SIC,35,45,16,522.00,"8,352.00"
2019-10-20,2019102001002605,SIC,35,45,40,512.00,"20,480.00"
2019-10-20,2019102001002587,SIC,35,45,10,502.00,"5,020.00"
2019-10-20,2019102001002570,SIC,35,45,51,493.00,"25,143.00"
2019-10-20,2019102001002543,SIC,35,1,215,485.00,"104,275.00"
2019-10-20,2019102001002998,SICL,51,28,14,720.00,"10,080.00"
2019-10-20,2019102001002964,SJCL,35,58,10,170.00,"1,700.00"
2019-10-20,2019102001002963,SJCL,35,43,20,169.00,"3,380.00"
2019-10-20,2019102001002962,SJCL,35,43,10,169.00,"1,690.00"
2019-10-20,2019102001002961,SJCL,35,52,20,169.00,"3,380.00"
2019-10-20,2019102001002960,SJCL,35,47,20,169.00,"3,380.00"
2019-10-20,2019102001002546,SJCL,16,46,20,167.00,"3,340.00"
2019-10-20,2019102001002534,SJCL,16,49,10,167.00,"1,670.00"
2019-10-20,2019102001002689,SJCL,16,56,20,167.00,"3,340.00"
2019-10-20,2019102001002657,SJCL,16,56,20,167.00,"3,340.00"
2019-10-20,2019102001002646,SJCL,16,17,10,167.00,"1,670.00"
2019-10-20,2019102001002609,SJCL,35,56,20,168.00,"3,360.00"
2019-10-20,2019102001002569,SJCL,16,5,100,167.00,"16,700.00"
2019-10-20,2019102001002769,SJCL,16,56,20,167.00,"3,340.00"
2019-10-20,2019102001002765,SJCL,16,47,20,167.00,"3,340.00"
2019-10-20,2019102001002751,SJCL,16,56,20,167.00,"3,340.00"
2019-10-20,2019102001002733,SJCL,16,56,20,167.00,"3,340.00"
2019-10-20,2019102001002727,SJCL,16,56,20,167.00,"3,340.00"
2019-10-20,2019102001002709,SJCL,16,56,20,167.00,"3,340.00"
2019-10-20,2019102001002792,SJCL,16,56,20,167.00,"3,340.00"
2019-10-20,2019102001002784,SJCL,16,56,20,167.00,"3,340.00"
2019-10-20,2019102001002781,SJCL,16,47,20,167.00,"3,340.00"
2019-10-20,2019102001002771,SJCL,16,47,20,167.00,"3,340.00"
2019-10-20,2019102001002832,SJCL,16,47,10,167.00,"1,670.00"
2019-10-20,2019102001002813,SJCL,16,47,20,167.00,"3,340.00"
2019-10-20,2019102001002809,SJCL,16,47,20,167.00,"3,340.00"
2019-10-20,2019102001002807,SJCL,16,56,20,167.00,"3,340.00"
2019-10-20,2019102001002801,SJCL,16,47,20,167.00,"3,340.00"
2019-10-20,2019102001002793,SJCL,16,47,20,167.00,"3,340.00"
2019-10-20,2019102001002856,SJCL,16,47,20,167.00,"3,340.00"
2019-10-20,2019102001002850,SJCL,16,47,20,167.00,"3,340.00"
2019-10-20,2019102001002840,SJCL,16,47,20,167.00,"3,340.00"
2019-10-20,2019102001002837,SJCL,16,48,10,167.00,"1,670.00"
2019-10-20,2019102001002888,SKBBL,44,45,420,915.00,"384,300.00"
2019-10-20,2019102001002887,SKBBL,19,45,60,916.00,"54,960.00"
2019-10-20,2019102001002886,SKBBL,6,45,20,917.00,"18,340.00"
2019-10-20,2019102001002799,SLICL,38,6,26,258.00,"6,708.00"
2019-10-20,2019102001002798,SLICL,40,6,24,258.00,"6,192.00"
2019-10-20,2019102001002797,SLICL,44,6,50,259.00,"12,950.00"
2019-10-20,2019102001002996,SPARS,45,34,10,523.00,"5,230.00"
2019-10-20,2019102001002995,SPARS,42,34,50,523.00,"26,150.00"
2019-10-20,2019102001002523,SPARS,35,34,40,528.00,"21,120.00"
2019-10-20,2019102001002955,SRBL,52,45,30,211.00,"6,330.00"
2019-10-20,2019102001002894,SRBL,53,35,169,209.00,"35,321.00"
2019-10-20,2019102001002893,SRBL,21,35,42,209.00,"8,778.00"
2019-10-20,2019102001002853,SRBL,21,48,140,209.00,"29,260.00"
2019-10-20,2019102001002687,SRBL,4,32,200,210.00,"42,000.00"
2019-10-20,2019102001002686,SRBL,4,44,537,210.00,"112,770.00"
2019-10-20,2019102001002685,SRBL,4,46,215,210.00,"45,150.00"
2019-10-20,2019102001002548,SRBL,4,4,"5,000",210.00,"1,050,000.00"
2019-10-20,2019102001002512,SWBBL,28,28,100,918.00,"91,800.00"
2019-10-20,2019102001002511,SWBBL,28,34,10,918.00,"9,180.00"
2019-10-20,2019102001002869,TMDBL,40,57,230,148.00,"34,040.00"
2019-10-20,2019102001002868,TMDBL,1,57,20,148.00,"2,960.00"
2019-10-20,2019102001002895,TRH,22,32,27,286.00,"7,722.00"
2019-10-20,2019102001002820,TRH,33,32,10,286.00,"2,860.00"
2019-10-20,2019102001002885,UIC,13,19,20,260.00,"5,200.00"
2019-10-20,2019102001002818,UIC,57,19,20,260.00,"5,200.00"
2019-10-20,2019102001002817,UIC,57,19,20,260.00,"5,200.00"
2019-10-20,2019102001002816,UIC,17,19,20,260.00,"5,200.00"
2019-10-20,2019102001002815,UIC,45,19,30,263.00,"7,890.00"
2019-10-20,2019102001002854,UPPER,56,54,10,236.00,"2,360.00"
2019-10-20,2019102001002743,UPPER,29,29,150,235.00,"35,250.00"
2019-10-20,2019102001002701,UPPER,29,29,50,235.00,"11,750.00"
2019-10-20,2019102001002673,UPPER,16,21,10,234.00,"2,340.00"
2019-10-20,2019102001002616,UPPER,16,47,40,234.00,"9,360.00"
2019-10-20,2019102001002584,UPPER,16,5,40,234.00,"9,360.00"
2019-10-20,2019102001002514,UPPER,41,35,35,235.00,"8,225.00"
2019-10-20,2019102001002513,UPPER,41,54,20,235.00,"4,700.00"
2019-10-20,2019102001002578,UPPER,56,56,50,235.00,"11,750.00"
2019-10-20,2019102001002519,UPPER,41,50,"1,846",235.00,"433,810.00"
2019-10-20,2019102001002518,UPPER,41,21,40,235.00,"9,400.00"
2019-10-20,2019102001002517,UPPER,41,28,50,235.00,"11,750.00"
2019-10-20,2019102001002516,UPPER,41,28,40,235.00,"9,400.00"
2019-10-20,2019102001002515,UPPER,41,6,50,235.00,"11,750.00"
2019-10-20,2019102001002858,VLBS,45,33,100,550.00,"55,000.00"
2019-10-20,2019102001002857,VLBS,45,33,100,551.00,"55,100.00"
2019-10-20,2019102001002535,VLBS,45,44,200,559.00,"111,800.00"
2019-10-20,2019102001002526,VLBS,45,44,50,560.00,"28,000.00"
2019-10-20,2019102001002328,ADBL,4,28,10,413.00,"4,130.00"
2019-10-20,2019102001002272,ADBL,4,20,20,413.00,"8,260.00"
2019-10-20,2019102001002222,ADBL,4,46,28,413.00,"11,564.00"
2019-10-20,2019102001002217,ADBL,46,42,120,414.00,"49,680.00"
2019-10-20,2019102001002192,ADBL,4,14,81,413.00,"33,453.00"
2019-10-20,2019102001002165,ADBL,45,42,472,414.00,"195,408.00"
2019-10-20,2019102001002159,ADBL,45,32,78,414.00,"32,292.00"
2019-10-20,2019102001002131,ADBL,49,32,38,414.00,"15,732.00"
2019-10-20,2019102001002113,ADBL,4,49,38,413.00,"15,694.00"
2019-10-20,2019102001002061,ADBL,6,32,20,414.00,"8,280.00"
2019-10-20,2019102001002397,AKBSL,42,1,10,413.00,"4,130.00"
2019-10-20,2019102001002225,AKBSL,40,40,10,413.00,"4,130.00"
2019-10-20,2019102001002197,AKBSL,42,37,10,414.00,"4,140.00"
2019-10-20,2019102001002194,AKBSL,42,57,10,414.00,"4,140.00"
2019-10-20,2019102001002193,AKBSL,42,19,10,414.00,"4,140.00"
2019-10-20,2019102001002188,AKBSL,48,28,10,412.00,"4,120.00"
2019-10-20,2019102001002144,AKBSL,40,40,10,413.00,"4,130.00"
2019-10-20,2019102001002062,AKBSL,40,40,10,413.00,"4,130.00"
2019-10-20,2019102001002261,AKJCL,56,26,20,54.00,"1,080.00"
2019-10-20,2019102001002032,AKJCL,48,42,20,55.00,"1,100.00"
2019-10-20,2019102001002133,AKPL,29,17,13,133.00,"1,729.00"
2019-10-20,2019102001002118,AKPL,29,17,13,133.00,"1,729.00"
2019-10-20,2019102001002275,ALICL,41,20,50,315.00,"15,750.00"
2019-10-20,2019102001002145,BFC,59,34,10,93.00,930.00
2019-10-20,2019102001002393,BOKL,28,50,957,226.00,"216,282.00"
2019-10-20,2019102001002392,BOKL,57,50,80,226.00,"18,080.00"
2019-10-20,2019102001002226,BOKL,57,46,31,226.00,"7,006.00"
2019-10-20,2019102001002273,BPCL,45,33,11,360.00,"3,960.00"
2019-10-20,2019102001002103,BPCL,29,29,11,360.00,"3,960.00"
2019-10-20,2019102001002090,BPCL,29,29,11,360.00,"3,960.00"
2019-10-20,2019102001002053,CBBL,47,47,152,961.00,"146,072.00"
2019-10-20,2019102001002052,CBBL,29,47,15,962.00,"14,430.00"
2019-10-20,2019102001002051,CBBL,29,47,203,962.00,"195,286.00"
2019-10-20,2019102001002050,CBBL,45,47,50,962.00,"48,100.00"
2019-10-20,2019102001002049,CBBL,34,47,500,963.00,"481,500.00"
2019-10-20,2019102001002048,CBBL,45,47,50,965.00,"48,250.00"
2019-10-20,2019102001002047,CBBL,55,47,30,965.00,"28,950.00"
2019-10-20,2019102001002439,CBL,11,26,20,142.00,"2,840.00"
2019-10-20,2019102001002432,CBL,7,44,38,141.00,"5,358.00"
2019-10-20,2019102001002380,CBL,7,26,369,141.00,"52,029.00"
2019-10-20,2019102001002182,CBL,49,26,13,142.00,"1,846.00"
2019-10-20,2019102001002176,CBL,7,49,13,141.00,"1,833.00"
2019-10-20,2019102001002078,CBL,7,8,60,141.00,"8,460.00"
2019-10-20,2019102001002012,CBL,7,42,47,141.00,"6,627.00"
2019-10-20,2019102001002481,CCBL,34,35,37,152.00,"5,624.00"
2019-10-20,2019102001002453,CCBL,58,37,300,153.00,"45,900.00"
2019-10-20,2019102001002452,CCBL,43,37,100,153.00,"15,300.00"
2019-10-20,2019102001002396,CCBL,34,26,36,152.00,"5,472.00"
2019-10-20,2019102001002243,CCBL,34,35,17,152.00,"2,584.00"
2019-10-20,2019102001002229,CCBL,33,35,70,153.00,"10,710.00"
2019-10-20,2019102001002228,CCBL,39,35,23,153.00,"3,519.00"
2019-10-20,2019102001002441,CZBIL,43,50,56,193.00,"10,808.00"
2019-10-20,2019102001002440,CZBIL,43,33,44,193.00,"8,492.00"
2019-10-20,2019102001002160,CZBIL,16,32,100,193.00,"19,300.00"
2019-10-20,2019102001002121,CZBIL,44,29,150,192.00,"28,800.00"
2019-10-20,2019102001002120,CZBIL,57,29,150,192.00,"28,800.00"
2019-10-20,2019102001002007,CZBIL,22,32,142,193.00,"27,406.00"
2019-10-20,2019102001002006,CZBIL,22,29,58,193.00,"11,194.00"
2019-10-20,2019102001002346,DBBL,18,7,178,126.00,"22,428.00"
2019-10-20,2019102001002345,DBBL,49,7,200,126.00,"25,200.00"
2019-10-20,2019102001002344,DBBL,49,7,140,126.00,"17,640.00"
2019-10-20,2019102001002343,DBBL,16,7,100,126.00,"12,600.00"
2019-10-20,2019102001002342,DBBL,16,7,100,126.00,"12,600.00"
2019-10-20,2019102001002341,DBBL,37,7,119,126.00,"14,994.00"
2019-10-20,2019102001002429,DHPL,11,54,10,57.00,570.00
2019-10-20,2019102001002013,DHPL,17,17,10,56.00,560.00
2019-10-20,2019102001002498,EBL,48,38,10,544.00,"5,440.00"
2019-10-20,2019102001002497,EBL,36,38,20,544.00,"10,880.00"
2019-10-20,2019102001002463,EBL,36,50,120,544.00,"65,280.00"
2019-10-20,2019102001002445,EBL,49,44,50,545.00,"27,250.00"
2019-10-20,2019102001002354,EBL,41,44,10,545.00,"5,450.00"
2019-10-20,2019102001002353,EBL,49,44,100,545.00,"54,500.00"
2019-10-20,2019102001002174,EBL,35,35,10,549.00,"5,490.00"
2019-10-20,2019102001002037,EBL,35,57,11,550.00,"6,050.00"
2019-10-20,2019102001002036,EBL,35,58,50,549.00,"27,450.00"
2019-10-20,2019102001002035,EBL,35,57,39,548.00,"21,372.00"
2019-10-20,2019102001002330,EIC,17,26,220,222.00,"48,840.00"
2019-10-20,2019102001002285,EIC,17,50,110,222.00,"24,420.00"
2019-10-20,2019102001002284,EIC,57,50,20,222.00,"4,440.00"
2019-10-20,2019102001002283,EIC,1,50,100,222.00,"22,200.00"
2019-10-20,2019102001002282,EIC,28,50,100,222.00,"22,200.00"
2019-10-20,2019102001002281,EIC,58,50,90,222.00,"19,980.00"
2019-10-20,2019102001002187,EIC,59,38,100,224.00,"22,400.00"
2019-10-20,2019102001002186,EIC,51,38,260,224.00,"58,240.00"
2019-10-20,2019102001002045,EIC,19,55,18,226.00,"4,068.00"
2019-10-20,2019102001002044,EIC,19,3,52,225.00,"11,700.00"
2019-10-20,2019102001002030,EIC,10,3,150,225.00,"33,750.00"
2019-10-20,2019102001002022,EIC,22,3,30,225.00,"6,750.00"
2019-10-20,2019102001002280,EIC,21,50,50,222.00,"11,100.00"
2019-10-20,2019102001002279,EIC,53,50,30,222.00,"6,660.00"
2019-10-20,2019102001002253,EIC,11,55,100,226.00,"22,600.00"
2019-10-20,2019102001002249,EIC,11,55,100,226.00,"22,600.00"
2019-10-20,2019102001002238,EIC,52,50,200,223.00,"44,600.00"
2019-10-20,2019102001002237,EIC,57,50,200,223.00,"44,600.00"
2019-10-20,2019102001002329,FMDBL,7,33,40,313.00,"12,520.00"
2019-10-20,2019102001002293,FMDBL,7,33,40,313.00,"12,520.00"
2019-10-20,2019102001002347,FOWAD,50,39,19,"1,273.00","24,187.00"
2019-10-20,2019102001002502,GFCL,59,47,55,134.00,"7,370.00"
2019-10-20,2019102001002179,GLBSL,40,40,10,417.00,"4,170.00"
2019-10-20,2019102001002134,GLBSL,58,36,10,425.00,"4,250.00"
2019-10-20,2019102001002077,GLBSL,58,28,10,424.00,"4,240.00"
2019-10-20,2019102001002350,GLICL,25,34,200,357.00,"71,400.00"
2019-10-20,2019102001002286,GLICL,25,20,10,357.00,"3,570.00"
2019-10-20,2019102001002326,GMFBS,32,43,90,452.00,"40,680.00"
2019-10-20,2019102001002325,GMFBS,39,43,10,452.00,"4,520.00"
2019-10-20,2019102001002025,GMFBS,58,17,10,455.00,"4,550.00"
2019-10-20,2019102001002024,GMFBS,58,36,10,455.00,"4,550.00"
2019-10-20,2019102001002434,GUFL,22,42,40,110.00,"4,400.00"
2019-10-20,2019102001002278,GUFL,22,42,40,110.00,"4,400.00"
2019-10-20,2019102001002340,HDL,25,32,20,"1,455.00","29,100.00"
2019-10-20,2019102001002339,HDL,35,32,10,"1,455.00","14,550.00"
2019-10-20,2019102001002123,HDL,25,38,20,"1,456.00","29,120.00"
2019-10-20,2019102001002223,HGI,21,33,40,265.00,"10,600.00"
2019-10-20,2019102001002183,HGI,34,22,365,264.00,"96,360.00"
2019-10-20,2019102001002166,HGI,34,37,80,264.00,"21,120.00"
2019-10-20,2019102001002031,HGI,34,55,440,264.00,"116,160.00"
2019-10-20,2019102001002501,HIDCL,22,37,10,138.00,"1,380.00"
2019-10-20,2019102001002473,HIDCL,22,11,46,138.00,"6,348.00"
2019-10-20,2019102001002435,HIDCL,54,37,27,137.00,"3,699.00"
2019-10-20,2019102001002338,HIDCL,54,26,123,137.00,"16,851.00"
2019-10-20,2019102001002221,HIDCL,14,11,623,138.00,"85,974.00"
2019-10-20,2019102001002207,HIDCL,54,33,42,137.00,"5,754.00"
2019-10-20,2019102001002206,HIDCL,57,33,19,137.00,"2,603.00"
2019-10-20,2019102001002457,ILBS,39,7,90,416.00,"37,440.00"
2019-10-20,2019102001002456,ILBS,51,7,100,416.00,"41,600.00"
2019-10-20,2019102001002455,ILBS,43,7,10,416.00,"4,160.00"
2019-10-20,2019102001002233,ILBS,40,40,10,417.00,"4,170.00"
2019-10-20,2019102001002149,ILBS,40,40,10,417.00,"4,170.00"
2019-10-20,2019102001002125,ILBS,22,22,10,417.00,"4,170.00"
2019-10-20,2019102001002087,ILBS,40,40,10,417.00,"4,170.00"
2019-10-20,2019102001002218,JBBL,35,33,17,156.00,"2,652.00"
2019-10-20,2019102001002162,JBBL,47,41,200,157.00,"31,400.00"
2019-10-20,2019102001002474,KBL,20,34,30,179.00,"5,370.00"
2019-10-20,2019102001002444,KKHC,11,54,10,60.00,600.00
2019-10-20,2019102001002443,KKHC,11,19,16,59.00,944.00
2019-10-20,2019102001002027,KKHC,17,17,10,59.00,590.00
2019-10-20,2019102001002477,KSBBL,33,50,100,141.00,"14,100.00"
2019-10-20,2019102001002292,KSBBL,29,20,25,140.00,"3,500.00"
2019-10-20,2019102001002071,LBBL,5,50,500,175.00,"87,500.00"
2019-10-20,2019102001002070,LBBL,5,21,300,174.00,"52,200.00"
2019-10-20,2019102001002069,LBBL,5,42,50,174.00,"8,700.00"
2019-10-20,2019102001002489,LBL,22,50,30,214.00,"6,420.00"
2019-10-20,2019102001002327,LBL,42,35,200,213.00,"42,600.00"
2019-10-20,2019102001002056,LBL,42,45,40,213.00,"8,520.00"
2019-10-20,2019102001002055,LBL,42,36,30,213.00,"6,390.00"
2019-10-20,2019102001002427,LGIL,45,46,10,315.00,"3,150.00"
2019-10-20,2019102001002360,LGIL,58,29,257,311.00,"79,927.00"
2019-10-20,2019102001002359,LGIL,26,29,50,312.00,"15,600.00"
2019-10-20,2019102001002147,LGIL,26,46,60,315.00,"18,900.00"
2019-10-20,2019102001002496,MBL,29,57,50,223.00,"11,150.00"
2019-10-20,2019102001002495,MBL,36,57,50,223.00,"11,150.00"
2019-10-20,2019102001002494,MBL,13,57,500,223.00,"111,500.00"
2019-10-20,2019102001002175,MBL,33,44,500,223.00,"111,500.00"
2019-10-20,2019102001002038,MBL,22,44,200,223.00,"44,600.00"
2019-10-20,2019102001002016,MBL,29,44,200,223.00,"44,600.00"
2019-10-20,2019102001002015,MBL,6,44,100,223.00,"22,300.00"
2019-10-20,2019102001002469,MDB,14,57,50,245.00,"12,250.00"
2019-10-20,2019102001002468,MDB,5,57,25,245.00,"6,125.00"
2019-10-20,2019102001002478,MEGA,57,21,"1,000",195.00,"195,000.00"
2019-10-20,2019102001002082,MEGA,33,51,500,196.00,"98,000.00"
2019-10-20,2019102001002081,MEGA,33,51,500,196.00,"98,000.00"
2019-10-20,2019102001002080,MEGA,33,48,130,196.00,"25,480.00"
2019-10-20,2019102001002058,MEGA,57,52,545,195.00,"106,275.00"
2019-10-20,2019102001002374,MEGA,10,26,250,196.00,"49,000.00"
2019-10-20,2019102001002265,MEGA,3,26,100,196.00,"19,600.00"
2019-10-20,2019102001002472,MLBL,28,37,31,215.00,"6,665.00"
2019-10-20,2019102001002471,MLBL,28,34,200,215.00,"43,000.00"
2019-10-20,2019102001002454,MLBL,10,10,300,215.00,"64,500.00"
2019-10-20,2019102001002195,MLBL,5,17,60,214.00,"12,840.00"
2019-10-20,2019102001002042,MLBL,5,56,800,214.00,"171,200.00"
2019-10-20,2019102001002028,MLBL,13,56,200,214.00,"42,800.00"
2019-10-20,2019102001002462,NABIL,22,3,20,760.00,"15,200.00"
2019-10-20,2019102001002391,NABIL,56,35,40,757.00,"30,280.00"
2019-10-20,2019102001002390,NABIL,13,35,50,758.00,"37,900.00"
2019-10-20,2019102001002389,NABIL,11,35,50,758.00,"37,900.00"
2019-10-20,2019102001002364,NABIL,44,35,50,758.00,"37,900.00"
2019-10-20,2019102001002239,NABIL,8,3,100,760.00,"76,000.00"
2019-10-20,2019102001002198,NABIL,36,3,100,760.00,"76,000.00"
2019-10-20,2019102001002170,NABIL,17,3,80,760.00,"60,800.00"
2019-10-20,2019102001002169,NABIL,17,55,50,760.00,"38,000.00"
2019-10-20,2019102001002288,NBB,25,28,50,210.00,"10,500.00"
2019-10-20,2019102001002212,NBB,25,22,156,210.00,"32,760.00"
2019-10-20,2019102001002075,NBB,25,6,"1,000",210.00,"210,000.00"
2019-10-20,2019102001002046,NBB,25,28,170,210.00,"35,700.00"
2019-10-20,2019102001002446,NBL,4,43,500,316.00,"158,000.00"
2019-10-20,2019102001002402,NBL,48,32,13,317.00,"4,121.00"
2019-10-20,2019102001002247,NBL,4,14,124,316.00,"39,184.00"
2019-10-20,2019102001002245,NBL,25,32,270,317.00,"85,590.00"
2019-10-20,2019102001002244,NBL,25,29,30,317.00,"9,510.00"
2019-10-20,2019102001002141,NBL,17,29,300,317.00,"95,100.00"
2019-10-20,2019102001002130,NBL,17,29,300,317.00,"95,100.00"
2019-10-20,2019102001002409,NCCB,49,35,10,196.00,"1,960.00"
2019-10-20,2019102001002277,NCCB,45,37,247,195.00,"48,165.00"
2019-10-20,2019102001002276,NCCB,14,37,319,195.00,"62,205.00"
2019-10-20,2019102001002185,NCCB,14,8,181,195.00,"35,295.00"
2019-10-20,2019102001002184,NCCB,39,8,19,195.00,"3,705.00"
2019-10-20,2019102001002290,NEF,38,48,"1,539",7.84,"12,065.76"
2019-10-20,2019102001002433,NGPL,51,7,11,99.00,"1,089.00"
2019-10-20,2019102001002289,NHPC,42,1,350,53.00,"18,550.00"
2019-10-20,2019102001002251,NHPC,52,1,100,53.00,"5,300.00"
2019-10-20,2019102001002436,NIB,54,28,684,445.00,"304,380.00"
2019-10-20,2019102001002431,NIB,13,6,200,444.00,"88,800.00"
2019-10-20,2019102001002426,NIB,56,28,25,445.00,"11,125.00"
2019-10-20,2019102001002401,NIB,56,42,12,445.00,"5,340.00"
2019-10-20,2019102001002400,NIB,56,28,63,445.00,"28,035.00"
2019-10-20,2019102001002384,NIB,13,44,17,444.00,"7,548.00"
2019-10-20,2019102001002291,NIB,13,28,10,444.00,"4,440.00"
2019-10-20,2019102001002138,NIB,13,17,44,444.00,"19,536.00"
2019-10-20,2019102001002127,NIB,13,17,44,444.00,"19,536.00"
2019-10-20,2019102001002178,NIBLPF,38,38,505,6.90,"3,484.50"
2019-10-20,2019102001002287,NIBLPF,22,14,404,7.03,"2,840.12"
2019-10-20,2019102001002241,NIBLPF,17,17,"1,768",7.01,"12,393.68"
2019-10-20,2019102001002486,NIBPO,8,45,190,405.00,"76,950.00"
2019-10-20,2019102001002485,NIBPO,39,45,50,406.00,"20,300.00"
2019-10-20,2019102001002484,NIBPO,46,45,200,406.00,"81,200.00"
2019-10-20,2019102001002483,NIBPO,39,45,45,406.00,"18,270.00"
2019-10-20,2019102001002482,NIBPO,32,45,60,406.00,"24,360.00"
2019-10-20,2019102001002451,NICA,33,57,54,382.00,"20,628.00"
2019-10-20,2019102001002450,NICA,42,57,80,382.00,"30,560.00"
2019-10-20,2019102001002449,NICA,19,57,110,382.00,"42,020.00"
2019-10-20,2019102001002448,NICA,33,57,587,382.00,"224,234.00"
2019-10-20,2019102001002425,NICA,19,32,590,382.00,"225,380.00"
2019-10-20,2019102001002294,NICA,33,20,20,382.00,"7,640.00"
2019-10-20,2019102001002104,NICA,39,22,100,383.00,"38,300.00"
2019-10-20,2019102001002256,NICA,33,14,151,382.00,"57,682.00"
2019-10-20,2019102001002211,NICA,43,49,100,383.00,"38,300.00"
2019-10-20,2019102001002210,NICA,52,49,25,383.00,"9,575.00"
2019-10-20,2019102001002209,NICA,21,49,100,383.00,"38,300.00"
2019-10-20,2019102001002208,NICA,39,49,140,383.00,"53,620.00"
2019-10-20,2019102001002161,NICA,41,22,100,384.00,"38,400.00"
2019-10-20,2019102001002259,NIL,44,37,30,357.00,"10,710.00"
2019-10-20,2019102001002383,NLIC,29,56,200,773.00,"154,600.00"
2019-10-20,2019102001002382,NLIC,42,56,78,773.00,"60,294.00"
2019-10-20,2019102001002381,NLIC,42,56,21,773.00,"16,233.00"
2019-10-20,2019102001002367,NLIC,37,37,22,774.00,"17,028.00"
2019-10-20,2019102001002332,NLIC,42,6,22,773.00,"17,006.00"
2019-10-20,2019102001002262,NLIC,42,44,429,773.00,"331,617.00"
2019-10-20,2019102001002155,NLIC,46,44,25,773.00,"19,325.00"
2019-10-20,2019102001002154,NLIC,47,44,250,773.00,"193,250.00"
2019-10-20,2019102001002153,NLIC,45,44,26,773.00,"20,098.00"
2019-10-20,2019102001002151,NLIC,45,53,96,773.00,"74,208.00"
2019-10-20,2019102001002150,NLIC,4,53,228,773.00,"176,244.00"
2019-10-20,2019102001002126,NLIC,4,34,100,773.00,"77,300.00"
2019-10-20,2019102001002250,NLIC,4,58,300,772.00,"231,600.00"
2019-10-20,2019102001002219,NLIC,34,44,10,773.00,"7,730.00"
2019-10-20,2019102001002215,NLIC,4,46,102,772.00,"78,744.00"
2019-10-20,2019102001002158,NLIC,39,44,10,773.00,"7,730.00"
2019-10-20,2019102001002157,NLIC,58,44,200,773.00,"154,600.00"
2019-10-20,2019102001002156,NLIC,46,44,50,773.00,"38,650.00"
2019-10-20,2019102001002492,NLICL,13,38,220,445.00,"97,900.00"
2019-10-20,2019102001002491,NLICL,14,38,20,445.00,"8,900.00"
2019-10-20,2019102001002385,NLICL,22,37,100,449.00,"44,900.00"
2019-10-20,2019102001002480,NMBMF,42,53,17,"1,081.00","18,377.00"
2019-10-20,2019102001002479,NMBMF,37,53,39,"1,082.00","42,198.00"
2019-10-20,2019102001002335,NMBMF,52,21,41,"1,082.00","44,362.00"
2019-10-20,2019102001002242,NMBMF,37,29,20,"1,082.00","21,640.00"
2019-10-20,2019102001002135,NMBMF,36,38,50,"1,091.00","54,550.00"
2019-10-20,2019102001002410,NSEWA,42,43,10,375.00,"3,750.00"
2019-10-20,2019102001002333,NUBL,53,33,65,863.00,"56,095.00"
2019-10-20,2019102001002505,OHL,25,57,10,449.00,"4,490.00"
2019-10-20,2019102001002119,OHL,34,39,10,453.00,"4,530.00"
2019-10-20,2019102001002114,OHL,34,7,50,453.00,"22,650.00"
2019-10-20,2019102001002487,PCBL,22,25,20,265.00,"5,300.00"
2019-10-20,2019102001002424,PCBL,10,39,50,264.00,"13,200.00"
2019-10-20,2019102001002365,PCBL,10,44,171,264.00,"45,144.00"
2019-10-20,2019102001002352,PCBL,10,53,112,264.00,"29,568.00"
2019-10-20,2019102001002351,PCBL,10,53,19,264.00,"5,016.00"
2019-10-20,2019102001002258,PCBL,5,53,204,264.00,"53,856.00"
2019-10-20,2019102001002128,PCBL,5,53,296,264.00,"78,144.00"
2019-10-20,2019102001002011,PCBL,22,53,100,264.00,"26,400.00"
2019-10-20,2019102001002363,PIC,42,1,62,364.00,"22,568.00"
2019-10-20,2019102001002362,PIC,51,1,10,364.00,"3,640.00"
2019-10-20,2019102001002361,PIC,28,1,128,365.00,"46,720.00"
2019-10-20,2019102001002100,PIC,28,54,90,365.00,"32,850.00"
2019-10-20,2019102001002099,PIC,28,7,52,365.00,"18,980.00"
2019-10-20,2019102001002098,PIC,28,38,20,365.00,"7,300.00"
2019-10-20,2019102001002264,PLIC,22,35,30,314.00,"9,420.00"
2019-10-20,2019102001002168,PPCL,22,22,30,94.00,"2,820.00"
2019-10-20,2019102001002167,PPCL,22,33,10,94.00,940.00
2019-10-20,2019102001002490,PRVU,46,34,50,267.00,"13,350.00"
2019-10-20,2019102001002358,PRVU,35,34,20,267.00,"5,340.00"
2019-10-20,2019102001002357,PRVU,35,34,100,267.00,"26,700.00"
2019-10-20,2019102001002356,PRVU,49,34,20,267.00,"5,340.00"
2019-10-20,2019102001002297,PRVU,49,52,80,267.00,"21,360.00"
2019-10-20,2019102001002180,PRVU,36,7,80,267.00,"21,360.00"
2019-10-20,2019102001002177,PRVU,36,18,920,267.00,"245,640.00"
2019-10-20,2019102001002172,PRVU,41,18,20,267.00,"5,340.00"
2019-10-20,2019102001002296,PRVU,49,52,20,267.00,"5,340.00"
2019-10-20,2019102001002191,PRVU,5,7,310,266.00,"82,460.00"
2019-10-20,2019102001002190,PRVU,45,7,10,266.00,"2,660.00"
2019-10-20,2019102001002189,PRVU,16,7,100,266.00,"26,600.00"
2019-10-20,2019102001002115,RADHI,58,42,10,146.00,"1,460.00"
2019-10-20,2019102001002101,RADHI,17,17,12,144.00,"1,728.00"
2019-10-20,2019102001002089,RADHI,17,17,11,144.00,"1,584.00"
2019-10-20,2019102001002079,RADHI,17,17,11,144.00,"1,584.00"
2019-10-20,2019102001002043,RADHI,17,17,12,144.00,"1,728.00"
2019-10-20,2019102001002010,RADHI,33,22,40,144.00,"5,760.00"
2019-10-20,2019102001002252,RHPC,56,49,38,77.00,"2,926.00"
2019-10-20,2019102001002142,RHPC,41,39,100,76.00,"7,600.00"
2019-10-20,2019102001002137,RHPC,56,39,100,77.00,"7,700.00"
2019-10-20,2019102001002395,RHPL,48,28,10,166.00,"1,660.00"
2019-10-20,2019102001002394,RHPL,48,28,10,166.00,"1,660.00"
2019-10-20,2019102001002324,RHPL,59,22,"1,000",165.00,"165,000.00"
2019-10-20,2019102001002323,RHPL,59,34,500,165.00,"82,500.00"
2019-10-20,2019102001002322,RHPL,59,21,30,165.00,"4,950.00"
2019-10-20,2019102001002321,RHPL,59,21,20,165.00,"3,300.00"
2019-10-20,2019102001002021,RHPL,40,39,30,162.00,"4,860.00"
2019-10-20,2019102001002020,RHPL,59,39,100,162.00,"16,200.00"
2019-10-20,2019102001002019,RHPL,19,39,350,162.00,"56,700.00"
2019-10-20,2019102001002018,RHPL,48,39,270,162.00,"43,740.00"
2019-10-20,2019102001002017,RHPL,51,39,30,163.00,"4,890.00"
2019-10-20,2019102001002008,RHPL,51,40,10,163.00,"1,630.00"
2019-10-20,2019102001002196,RHPL,40,28,10,162.00,"1,620.00"
2019-10-20,2019102001002171,RHPL,40,40,10,162.00,"1,620.00"
2019-10-20,2019102001002132,RHPL,40,40,10,162.00,"1,620.00"
2019-10-20,2019102001002097,RHPL,40,40,10,162.00,"1,620.00"
2019-10-20,2019102001002074,RHPL,40,40,10,162.00,"1,620.00"
2019-10-20,2019102001002026,RHPL,40,40,10,162.00,"1,620.00"
2019-10-20,2019102001002263,RHPL,18,17,40,163.00,"6,520.00"
2019-10-20,2019102001002260,RHPL,18,17,40,163.00,"6,520.00"
2019-10-20,2019102001002220,RHPL,18,46,20,163.00,"3,260.00"
2019-10-20,2019102001002213,RHPL,40,45,50,162.00,"8,100.00"
2019-10-20,2019102001002201,RHPL,22,22,50,163.00,"8,150.00"
2019-10-20,2019102001002200,RHPL,40,45,40,162.00,"6,480.00"
2019-10-20,2019102001002302,RHPL,59,21,40,165.00,"6,600.00"
2019-10-20,2019102001002301,RHPL,59,21,40,165.00,"6,600.00"
2019-10-20,2019102001002300,RHPL,59,36,50,164.00,"8,200.00"
2019-10-20,2019102001002299,RHPL,59,33,10,164.00,"1,640.00"
2019-10-20,2019102001002298,RHPL,59,39,180,164.00,"29,520.00"
2019-10-20,2019102001002269,RHPL,18,17,50,163.00,"8,150.00"
2019-10-20,2019102001002308,RHPL,59,38,30,165.00,"4,950.00"
2019-10-20,2019102001002307,RHPL,59,21,40,165.00,"6,600.00"
2019-10-20,2019102001002306,RHPL,59,21,40,165.00,"6,600.00"
2019-10-20,2019102001002305,RHPL,59,21,30,165.00,"4,950.00"
2019-10-20,2019102001002304,RHPL,59,21,50,165.00,"8,250.00"
2019-10-20,2019102001002303,RHPL,59,21,40,165.00,"6,600.00"
2019-10-20,2019102001002314,RHPL,59,21,40,165.00,"6,600.00"
2019-10-20,2019102001002313,RHPL,59,21,50,165.00,"8,250.00"
2019-10-20,2019102001002312,RHPL,59,21,40,165.00,"6,600.00"
2019-10-20,2019102001002311,RHPL,59,21,40,165.00,"6,600.00"
2019-10-20,2019102001002310,RHPL,59,21,40,165.00,"6,600.00"
2019-10-20,2019102001002309,RHPL,59,21,40,165.00,"6,600.00"
2019-10-20,2019102001002320,RHPL,59,21,30,165.00,"4,950.00"
2019-10-20,2019102001002319,RHPL,59,21,20,165.00,"3,300.00"
2019-10-20,2019102001002318,RHPL,59,21,20,165.00,"3,300.00"
2019-10-20,2019102001002317,RHPL,59,21,30,165.00,"4,950.00"
2019-10-20,2019102001002316,RHPL,59,21,30,165.00,"4,950.00"
2019-10-20,2019102001002315,RHPL,59,26,40,165.00,"6,600.00"
2019-10-20,2019102001002274,RLFL,52,38,15,115.00,"1,725.00"
2019-10-20,2019102001002255,RMDC,47,37,200,606.00,"121,200.00"
2019-10-20,2019102001002227,RMDC,34,1,40,607.00,"24,280.00"
2019-10-20,2019102001002216,RMDC,34,58,556,607.00,"337,492.00"
2019-10-20,2019102001002203,RMDC,34,47,80,607.00,"48,560.00"
2019-10-20,2019102001002428,SABSL,42,1,10,447.00,"4,470.00"
2019-10-20,2019102001002405,SABSL,42,1,10,447.00,"4,470.00"
2019-10-20,2019102001002372,SABSL,42,1,10,447.00,"4,470.00"
2019-10-20,2019102001002371,SABSL,40,1,50,447.00,"22,350.00"
2019-10-20,2019102001002370,SABSL,50,1,10,447.00,"4,470.00"
2019-10-20,2019102001002369,SABSL,47,1,30,448.00,"13,440.00"
2019-10-20,2019102001002014,SABSL,5,41,10,454.00,"4,540.00"
2019-10-20,2019102001002368,SABSL,57,1,400,448.00,"179,200.00"
2019-10-20,2019102001002240,SABSL,57,45,10,448.00,"4,480.00"
2019-10-20,2019102001002235,SABSL,57,45,10,448.00,"4,480.00"
2019-10-20,2019102001002205,SABSL,57,29,150,448.00,"67,200.00"
2019-10-20,2019102001002202,SABSL,22,22,10,454.00,"4,540.00"
2019-10-20,2019102001002146,SABSL,57,39,150,448.00,"67,200.00"
2019-10-20,2019102001002068,SADBL,33,39,542,137.00,"74,254.00"
2019-10-20,2019102001002067,SADBL,32,39,100,137.00,"13,700.00"
2019-10-20,2019102001002066,SADBL,57,39,500,137.00,"68,500.00"
2019-10-20,2019102001002065,SADBL,50,39,55,137.00,"7,535.00"
2019-10-20,2019102001002064,SADBL,1,39,200,137.00,"27,400.00"
2019-10-20,2019102001002063,SADBL,49,39,500,137.00,"68,500.00"
2019-10-20,2019102001002059,SADBL,56,39,50,138.00,"6,900.00"
2019-10-20,2019102001002438,SANIMA,29,6,115,305.00,"35,075.00"
2019-10-20,2019102001002403,SANIMA,46,6,35,305.00,"10,675.00"
2019-10-20,2019102001002375,SANIMA,45,6,350,305.00,"106,750.00"
2019-10-20,2019102001002336,SANIMA,45,28,200,305.00,"61,000.00"
2019-10-20,2019102001002271,SANIMA,35,48,10,307.00,"3,070.00"
2019-10-20,2019102001002270,SANIMA,35,47,50,306.00,"15,300.00"
2019-10-20,2019102001002236,SANIMA,45,3,250,305.00,"76,250.00"
2019-10-20,2019102001002109,SAPDBL,19,39,193,121.00,"23,353.00"
2019-10-20,2019102001002108,SAPDBL,19,39,200,121.00,"24,200.00"
2019-10-20,2019102001002107,SAPDBL,45,39,500,121.00,"60,500.00"
2019-10-20,2019102001002106,SAPDBL,28,39,357,122.00,"43,554.00"
2019-10-20,2019102001002105,SAPDBL,22,39,100,122.00,"12,200.00"
2019-10-20,2019102001002470,SBL,19,44,36,289.00,"10,404.00"
2019-10-20,2019102001002373,SBL,41,44,50,289.00,"14,450.00"
2019-10-20,2019102001002337,SBL,44,44,34,289.00,"9,826.00"
2019-10-20,2019102001002268,SBL,22,44,50,289.00,"14,450.00"
2019-10-20,2019102001002267,SBL,36,44,30,289.00,"8,670.00"
2019-10-20,2019102001002266,SBL,44,44,100,289.00,"28,900.00"
2019-10-20,2019102001002234,SBL,19,29,190,291.00,"55,290.00"
2019-10-20,2019102001002500,SCB,32,38,30,565.00,"16,950.00"
2019-10-20,2019102001002499,SCB,57,38,20,565.00,"11,300.00"
2019-10-20,2019102001002461,SCB,22,35,20,567.00,"11,340.00"
2019-10-20,2019102001002460,SCB,56,35,10,567.00,"5,670.00"
2019-10-20,2019102001002459,SCB,44,13,15,568.00,"8,520.00"
2019-10-20,2019102001002331,SCB,56,44,490,567.00,"277,830.00"
2019-10-20,2019102001002295,SCB,57,28,10,565.00,"5,650.00"
2019-10-20,2019102001002254,SCB,57,6,70,566.00,"39,620.00"
2019-10-20,2019102001002164,SCB,35,44,10,567.00,"5,670.00"
2019-10-20,2019102001002399,SDESI,35,43,13,606.00,"7,878.00"
2019-10-20,2019102001002398,SDESI,58,43,10,607.00,"6,070.00"
2019-10-20,2019102001002057,SDESI,17,17,23,608.00,"13,984.00"
2019-10-20,2019102001002148,SHINE,22,26,50,252.00,"12,600.00"
2019-10-20,2019102001002111,SHINE,48,58,163,251.00,"40,913.00"
2019-10-20,2019102001002355,SHIVM,22,28,100,490.00,"49,000.00"
2019-10-20,2019102001002349,SHIVM,21,41,40,488.00,"19,520.00"
2019-10-20,2019102001002348,SHIVM,35,41,60,488.00,"29,280.00"
2019-10-20,2019102001002248,SHIVM,35,45,40,488.00,"19,520.00"
2019-10-20,2019102001002204,SHIVM,58,28,50,490.00,"24,500.00"
2019-10-20,2019102001002117,SHIVM,48,22,100,488.00,"48,800.00"
2019-10-20,2019102001002085,SHIVM,48,39,10,488.00,"4,880.00"
2019-10-20,2019102001002084,SHIVM,22,39,500,488.00,"244,000.00"
2019-10-20,2019102001002083,SHIVM,35,39,20,488.00,"9,760.00"
2019-10-20,2019102001002231,SHPC,45,37,39,190.00,"7,410.00"
2019-10-20,2019102001002230,SHPC,45,37,39,190.00,"7,410.00"
2019-10-20,2019102001002504,SIC,35,45,51,484.00,"24,684.00"
2019-10-20,2019102001002503,SIC,35,13,14,480.00,"6,720.00"
2019-10-20,2019102001002163,SICL,39,22,20,716.00,"14,320.00"
2019-10-20,2019102001002124,SINDU,26,57,200,123.00,"24,600.00"
2019-10-20,2019102001002475,SJCL,16,36,20,167.00,"3,340.00"
2019-10-20,2019102001002467,SJCL,16,36,20,167.00,"3,340.00"
2019-10-20,2019102001002466,SJCL,16,36,20,167.00,"3,340.00"
2019-10-20,2019102001002465,SJCL,16,36,10,167.00,"1,670.00"
2019-10-20,2019102001002458,SJCL,16,36,10,167.00,"1,670.00"
2019-10-20,2019102001002034,SJCL,35,39,240,166.00,"39,840.00"
2019-10-20,2019102001002033,SJCL,51,39,20,167.00,"3,340.00"
2019-10-20,2019102001002009,SJCL,51,40,10,167.00,"1,670.00"
2019-10-20,2019102001002102,SJCL,35,40,10,166.00,"1,660.00"
2019-10-20,2019102001002073,SJCL,35,46,20,166.00,"3,320.00"
2019-10-20,2019102001002136,SJCL,35,40,10,166.00,"1,660.00"
2019-10-20,2019102001002129,SJCL,35,37,20,166.00,"3,320.00"
2019-10-20,2019102001002122,SJCL,35,37,20,166.00,"3,320.00"
2019-10-20,2019102001002116,SJCL,35,37,20,166.00,"3,320.00"
2019-10-20,2019102001002112,SJCL,35,37,20,166.00,"3,320.00"
2019-10-20,2019102001002110,SJCL,35,37,20,166.00,"3,320.00"
2019-10-20,2019102001002214,SJCL,22,45,10,167.00,"1,670.00"
2019-10-20,2019102001002199,SJCL,35,28,10,166.00,"1,660.00"
2019-10-20,2019102001002181,SJCL,6,32,150,167.00,"25,050.00"
2019-10-20,2019102001002173,SJCL,6,40,10,167.00,"1,670.00"
2019-10-20,2019102001002140,SJCL,6,22,10,167.00,"1,670.00"
2019-10-20,2019102001002139,SJCL,6,40,10,167.00,"1,670.00"
2019-10-20,2019102001002377,SJCL,35,21,20,168.00,"3,360.00"
2019-10-20,2019102001002376,SJCL,35,38,20,168.00,"3,360.00"
2019-10-20,2019102001002366,SJCL,48,58,20,168.00,"3,360.00"
2019-10-20,2019102001002257,SJCL,16,45,10,167.00,"1,670.00"
2019-10-20,2019102001002415,SJCL,51,56,20,168.00,"3,360.00"
2019-10-20,2019102001002414,SJCL,51,56,20,168.00,"3,360.00"
2019-10-20,2019102001002413,SJCL,51,21,20,168.00,"3,360.00"
2019-10-20,2019102001002412,SJCL,51,21,20,168.00,"3,360.00"
2019-10-20,2019102001002411,SJCL,51,21,20,168.00,"3,360.00"
2019-10-20,2019102001002378,SJCL,35,21,10,168.00,"1,680.00"
2019-10-20,2019102001002421,SJCL,51,56,20,168.00,"3,360.00"
2019-10-20,2019102001002420,SJCL,51,56,20,168.00,"3,360.00"
2019-10-20,2019102001002419,SJCL,51,56,20,168.00,"3,360.00"
2019-10-20,2019102001002418,SJCL,51,56,20,168.00,"3,360.00"
2019-10-20,2019102001002417,SJCL,51,56,20,168.00,"3,360.00"
2019-10-20,2019102001002416,SJCL,51,56,20,168.00,"3,360.00"
2019-10-20,2019102001002447,SJCL,16,36,20,167.00,"3,340.00"
2019-10-20,2019102001002442,SJCL,16,36,20,167.00,"3,340.00"
2019-10-20,2019102001002437,SJCL,16,36,20,167.00,"3,340.00"
2019-10-20,2019102001002430,SJCL,16,36,20,167.00,"3,340.00"
2019-10-20,2019102001002423,SJCL,51,56,10,168.00,"1,680.00"
2019-10-20,2019102001002422,SJCL,51,56,20,168.00,"3,360.00"
2019-10-20,2019102001002246,SKBBL,6,6,280,917.00,"256,760.00"
2019-10-20,2019102001002143,SKBBL,42,44,60,932.00,"55,920.00"
2019-10-20,2019102001002086,SKBBL,37,37,10,915.00,"9,150.00"
2019-10-20,2019102001002076,SKBBL,37,37,10,915.00,"9,150.00"
2019-10-20,2019102001002072,SKBBL,37,37,10,915.00,"9,150.00"
2019-10-20,2019102001002060,SKBBL,37,37,10,915.00,"9,150.00"
2019-10-20,2019102001002054,SKBBL,37,37,10,915.00,"9,150.00"
2019-10-20,2019102001002041,SKBBL,37,37,10,915.00,"9,150.00"
2019-10-20,2019102001002096,SLICL,40,39,76,258.00,"19,608.00"
2019-10-20,2019102001002095,SLICL,13,39,300,258.00,"77,400.00"
2019-10-20,2019102001002094,SLICL,45,39,24,258.00,"6,192.00"
2019-10-20,2019102001002093,SLICL,36,39,40,258.00,"10,320.00"
2019-10-20,2019102001002092,SLICL,35,39,30,259.00,"7,770.00"
2019-10-20,2019102001002091,SLICL,42,39,30,259.00,"7,770.00"
2019-10-20,2019102001002023,SLICL,1,13,40,260.00,"10,400.00"
2019-10-20,2019102001002224,SMFBS,22,22,10,775.00,"7,750.00"
2019-10-20,2019102001002493,SPARS,35,33,10,528.00,"5,280.00"
2019-10-20,2019102001002408,SPARS,32,16,80,522.00,"41,760.00"
2019-10-20,2019102001002407,SPARS,38,16,10,522.00,"5,220.00"
2019-10-20,2019102001002406,SPARS,45,16,10,523.00,"5,230.00"
2019-10-20,2019102001002464,SRBL,21,42,70,209.00,"14,630.00"
2019-10-20,2019102001002388,SRBL,21,4,248,209.00,"51,832.00"
2019-10-20,2019102001002387,SRBL,45,4,50,209.00,"10,450.00"
2019-10-20,2019102001002386,SRBL,34,4,32,209.00,"6,688.00"
2019-10-20,2019102001002334,SRBL,6,46,35,210.00,"7,350.00"
2019-10-20,2019102001002476,SWBBL,53,57,50,912.00,"45,600.00"
2019-10-20,2019102001002232,TMDBL,57,35,20,149.00,"2,980.00"
2019-10-20,2019102001002152,TRH,34,32,55,283.00,"15,565.00"
2019-10-20,2019102001002404,UNHPL,11,14,100,58.00,"5,800.00"
2019-10-20,2019102001002029,UNHPL,34,14,40,58.00,"2,320.00"
2019-10-20,2019102001002488,UPPER,16,1,40,234.00,"9,360.00"
2019-10-20,2019102001002379,UPPER,48,54,20,235.00,"4,700.00"
2019-10-20,2019102001002088,UPPER,57,57,62,234.00,"14,508.00"
2019-10-20,2019102001002040,UPPER,59,22,74,233.00,"17,242.00"
2019-10-20,2019102001002039,UPPER,59,22,16,233.00,"3,728.00"
2019-10-20,2019102001001844,ADBL,4,21,105,413.00,"43,365.00"
2019-10-20,2019102001001687,ADBL,4,39,300,413.00,"123,900.00"
2019-10-20,2019102001001601,ADBL,4,57,62,413.00,"25,606.00"
2019-10-20,2019102001001744,AKBSL,48,22,10,412.00,"4,120.00"
2019-10-20,2019102001001588,AKBSL,56,56,10,412.00,"4,120.00"
2019-10-20,2019102001001541,AKBSL,56,56,10,412.00,"4,120.00"
2019-10-20,2019102001001581,AKJCL,56,51,10,54.00,540.00
2019-10-20,2019102001001679,ALICL,33,10,"1,358",316.00,"429,128.00"
2019-10-20,2019102001001558,ALICL,21,10,20,316.00,"6,320.00"
2019-10-20,2019102001001997,BFC,58,39,100,92.00,"9,200.00"
2019-10-20,2019102001001780,BFC,34,14,100,91.00,"9,100.00"
2019-10-20,2019102001001779,BFC,57,14,100,91.00,"9,100.00"
2019-10-20,2019102001001660,BFC,42,25,50,92.00,"4,600.00"
2019-10-20,2019102001001789,BOKL,6,39,10,227.00,"2,270.00"
2019-10-20,2019102001001593,BOKL,1,39,25,227.00,"5,675.00"
2019-10-20,2019102001001648,BPCL,13,20,22,357.00,"7,854.00"
2019-10-20,2019102001001810,CBBL,45,54,35,970.00,"33,950.00"
2019-10-20,2019102001001851,CCBL,39,50,77,153.00,"11,781.00"
2019-10-20,2019102001001820,CCBL,34,50,107,152.00,"16,264.00"
2019-10-20,2019102001001655,CCBL,33,50,48,153.00,"7,344.00"
2019-10-20,2019102001001623,CCBL,34,49,61,152.00,"9,272.00"
2019-10-20,2019102001001603,CCBL,14,50,500,153.00,"76,500.00"
2019-10-20,2019102001001549,CCBL,34,45,128,152.00,"19,456.00"
2019-10-20,2019102001001670,CEFL,11,29,230,112.00,"25,760.00"
2019-10-20,2019102001001604,CEFL,52,29,10,112.00,"1,120.00"
2019-10-20,2019102001001727,CMF1,57,22,100,8.66,866.00
2019-10-20,2019102001001683,CZBIL,57,49,50,192.00,"9,600.00"
2019-10-20,2019102001001682,CZBIL,51,49,500,192.00,"96,000.00"
2019-10-20,2019102001001681,CZBIL,5,49,50,192.00,"9,600.00"
2019-10-20,2019102001001965,DBBL,37,16,258,126.00,"32,508.00"
2019-10-20,2019102001001826,DBBL,37,7,527,126.00,"66,402.00"
2019-10-20,2019102001001758,DBBL,37,52,96,126.00,"12,096.00"
2019-10-20,2019102001001551,DBBL,33,7,"1,473",127.00,"187,071.00"
2019-10-20,2019102001001698,DDBL,29,22,50,724.00,"36,200.00"
2019-10-20,2019102001001978,DHPL,34,42,10,56.00,560.00
2019-10-20,2019102001001991,EBL,44,44,"1,000",544.00,"544,000.00"
2019-10-20,2019102001001984,EBL,35,40,115,545.00,"62,675.00"
2019-10-20,2019102001001983,EBL,35,42,370,544.00,"201,280.00"
2019-10-20,2019102001001845,EBL,13,36,13,543.00,"7,059.00"
2019-10-20,2019102001001831,EBL,34,58,50,542.00,"27,100.00"
2019-10-20,2019102001001635,EBL,19,40,50,542.00,"27,100.00"
2019-10-20,2019102001001527,EBL,11,40,150,543.00,"81,450.00"
2019-10-20,2019102001001509,EBL,35,40,50,543.00,"27,150.00"
2019-10-20,2019102001001646,EBL,34,19,155,542.00,"84,010.00"
2019-10-20,2019102001001645,EBL,56,19,440,542.00,"238,480.00"
2019-10-20,2019102001001638,EBL,56,40,60,542.00,"32,520.00"
2019-10-20,2019102001001637,EBL,21,40,50,542.00,"27,100.00"
2019-10-20,2019102001001636,EBL,7,40,40,542.00,"21,680.00"
2019-10-20,2019102001001830,EBL,49,58,100,542.00,"54,200.00"
2019-10-20,2019102001001829,EBL,52,58,50,542.00,"27,100.00"
2019-10-20,2019102001001824,EBL,56,36,37,543.00,"20,091.00"
2019-10-20,2019102001001691,EBL,56,19,63,542.00,"34,146.00"
2019-10-20,2019102001001990,EIC,51,54,240,224.00,"53,760.00"
2019-10-20,2019102001001989,EIC,28,54,500,224.00,"112,000.00"
2019-10-20,2019102001001963,EIC,42,3,20,225.00,"4,500.00"
2019-10-20,2019102001001962,EIC,41,3,55,225.00,"12,375.00"
2019-10-20,2019102001001685,EIC,33,55,48,226.00,"10,848.00"
2019-10-20,2019102001001934,FMDBL,41,25,273,312.00,"85,176.00"
2019-10-20,2019102001001926,FMDBL,41,21,100,312.00,"31,200.00"
2019-10-20,2019102001001611,FMDBL,44,16,50,311.00,"15,550.00"
2019-10-20,2019102001001610,FMDBL,39,16,50,311.00,"15,550.00"
2019-10-20,2019102001001609,FMDBL,34,16,100,312.00,"31,200.00"
2019-10-20,2019102001001544,FMDBL,41,42,50,315.00,"15,750.00"
2019-10-20,2019102001001784,GBBL,39,22,437,213.00,"93,081.00"
2019-10-20,2019102001001642,GBBL,39,42,234,213.00,"49,842.00"
2019-10-20,2019102001001760,GBLBS,14,50,400,311.00,"124,400.00"
2019-10-20,2019102001001970,GFCL,58,59,200,136.00,"27,200.00"
2019-10-20,2019102001001912,GFCL,59,59,70,138.00,"9,660.00"
2019-10-20,2019102001001858,GFCL,28,11,"1,684",136.00,"229,024.00"
2019-10-20,2019102001001857,GFCL,28,42,20,135.00,"2,700.00"
2019-10-20,2019102001001856,GFCL,28,49,106,135.00,"14,310.00"
2019-10-20,2019102001001847,GLBSL,35,43,100,422.00,"42,200.00"
2019-10-20,2019102001001846,GLBSL,34,43,100,423.00,"42,300.00"
2019-10-20,2019102001001584,GLICL,28,38,34,355.00,"12,070.00"
2019-10-20,2019102001001754,GMFBS,39,22,10,452.00,"4,520.00"
2019-10-20,2019102001001720,GMFBS,39,22,10,452.00,"4,520.00"
2019-10-20,2019102001001756,GMFIL,19,49,100,117.00,"11,700.00"
2019-10-20,2019102001001959,GUFL,13,42,20,110.00,"2,200.00"
2019-10-20,2019102001001859,GUFL,13,50,10,110.00,"1,100.00"
2019-10-20,2019102001001613,GUFL,45,38,53,108.00,"5,724.00"
2019-10-20,2019102001001612,GUFL,3,38,47,109.00,"5,123.00"
2019-10-20,2019102001001599,GUFL,3,38,253,109.00,"27,577.00"
2019-10-20,2019102001001986,HBL,25,45,12,500.00,"6,000.00"
2019-10-20,2019102001001823,HBL,58,58,15,495.00,"7,425.00"
2019-10-20,2019102001001822,HBL,57,58,369,495.00,"182,655.00"
2019-10-20,2019102001001821,HBL,39,58,16,496.00,"7,936.00"
2019-10-20,2019102001001863,HDL,34,39,35,"1,455.00","50,925.00"
2019-10-20,2019102001001835,HDL,34,51,20,"1,455.00","29,100.00"
2019-10-20,2019102001001701,HDL,51,39,50,"1,460.00","73,000.00"
2019-10-20,2019102001001557,HGI,36,33,135,265.00,"35,775.00"
2019-10-20,2019102001001555,HGI,36,29,65,265.00,"17,225.00"
2019-10-20,2019102001001982,HIDCL,57,1,81,137.00,"11,097.00"
2019-10-20,2019102001001827,HIDCL,19,22,63,136.00,"8,568.00"
2019-10-20,2019102001001801,HIDCL,34,22,455,137.00,"62,335.00"
2019-10-20,2019102001001800,HIDCL,1,22,33,137.00,"4,521.00"
2019-10-20,2019102001001602,HIDCL,1,38,80,137.00,"10,960.00"
2019-10-20,2019102001001545,HIDCL,1,38,61,137.00,"8,357.00"
2019-10-20,2019102001001543,HIDCL,1,38,26,137.00,"3,562.00"
2019-10-20,2019102001001542,HIDCL,45,38,29,137.00,"3,973.00"
2019-10-20,2019102001001528,HIDCL,34,57,390,138.00,"53,820.00"
2019-10-20,2019102001001943,ICFC,4,43,330,160.00,"52,800.00"
2019-10-20,2019102001001804,ICFC,28,28,100,159.00,"15,900.00"
2019-10-20,2019102001001639,IGI,49,28,200,290.00,"58,000.00"
2019-10-20,2019102001001647,ILBS,13,52,10,418.00,"4,180.00"
2019-10-20,2019102001001619,ILBS,43,58,10,416.00,"4,160.00"
2019-10-20,2019102001001595,ILBS,56,56,10,417.00,"4,170.00"
2019-10-20,2019102001001520,ILBS,43,40,10,416.00,"4,160.00"
2019-10-20,2019102001001945,KBL,25,49,14,181.00,"2,534.00"
2019-10-20,2019102001001944,KBL,25,44,301,179.00,"53,879.00"
2019-10-20,2019102001001938,KBL,48,44,500,179.00,"89,500.00"
2019-10-20,2019102001001904,KBL,19,32,122,178.00,"21,716.00"
2019-10-20,2019102001001898,KBL,19,32,206,178.00,"36,668.00"
2019-10-20,2019102001001897,KBL,35,32,312,178.00,"55,536.00"
2019-10-20,2019102001001699,KBL,49,42,"1,000",178.00,"178,000.00"
2019-10-20,2019102001001566,KBL,53,32,438,179.00,"78,402.00"
2019-10-20,2019102001001531,KBL,49,19,66,178.00,"11,748.00"
2019-10-20,2019102001001530,KBL,25,19,124,178.00,"22,072.00"
2019-10-20,2019102001001885,KBL,35,32,188,178.00,"33,464.00"
2019-10-20,2019102001001884,KBL,22,32,20,178.00,"3,560.00"
2019-10-20,2019102001001883,KBL,41,32,92,178.00,"16,376.00"
2019-10-20,2019102001001726,KBL,41,39,108,178.00,"19,224.00"
2019-10-20,2019102001001725,KBL,49,39,892,178.00,"158,776.00"
2019-10-20,2019102001001702,KBL,49,52,42,178.00,"7,476.00"
2019-10-20,2019102001001958,KKHC,17,17,16,59.00,944.00
2019-10-20,2019102001001942,KKHC,17,17,16,59.00,944.00
2019-10-20,2019102001001923,KKHC,17,17,16,59.00,944.00
2019-10-20,2019102001001761,KKHC,17,17,16,59.00,944.00
2019-10-20,2019102001001908,KSBBL,33,8,"2,000",141.00,"282,000.00"
2019-10-20,2019102001001825,KSBBL,33,59,100,142.00,"14,200.00"
2019-10-20,2019102001001903,LBL,45,36,38,213.00,"8,094.00"
2019-10-20,2019102001001865,LBL,22,36,150,213.00,"31,950.00"
2019-10-20,2019102001001812,LBL,45,51,54,212.00,"11,448.00"
2019-10-20,2019102001001765,LBL,25,22,15,212.00,"3,180.00"
2019-10-20,2019102001001700,LGIL,51,29,143,314.00,"44,902.00"
2019-10-20,2019102001001985,LLBS,55,45,190,650.00,"123,500.00"
2019-10-20,2019102001001538,LLBS,42,45,60,650.00,"39,000.00"
2019-10-20,2019102001001586,MBL,1,49,25,224.00,"5,600.00"
2019-10-20,2019102001001508,MEGA,32,42,23,195.00,"4,485.00"
2019-10-20,2019102001001507,MEGA,56,42,39,195.00,"7,605.00"
2019-10-20,2019102001001506,MEGA,56,42,150,195.00,"29,250.00"
2019-10-20,2019102001001552,MEGA,10,25,196,195.00,"38,220.00"
2019-10-20,2019102001001519,MEGA,32,25,177,195.00,"34,515.00"
2019-10-20,2019102001001556,MEGA,51,25,175,195.00,"34,125.00"
2019-10-20,2019102001001580,MEGA,57,25,124,195.00,"24,180.00"
2019-10-20,2019102001001669,MEGA,57,20,70,195.00,"13,650.00"
2019-10-20,2019102001001668,MEGA,57,10,50,195.00,"9,750.00"
2019-10-20,2019102001001924,MEGA,57,52,16,195.00,"3,120.00"
2019-10-20,2019102001001550,MLBL,40,37,200,215.00,"43,000.00"
2019-10-20,2019102001001734,NABIL,43,58,200,759.00,"151,800.00"
2019-10-20,2019102001001567,NABIL,35,55,50,761.00,"38,050.00"
2019-10-20,2019102001001517,NABIL,51,3,25,763.00,"19,075.00"
2019-10-20,2019102001001957,NBL,54,29,540,317.00,"171,180.00"
2019-10-20,2019102001001893,NBL,4,32,24,316.00,"7,584.00"
2019-10-20,2019102001001817,NBL,4,14,400,316.00,"126,400.00"
2019-10-20,2019102001001721,NBL,44,29,500,317.00,"158,500.00"
2019-10-20,2019102001001617,NBL,4,29,500,316.00,"158,000.00"
2019-10-20,2019102001001592,NBL,33,29,100,317.00,"31,700.00"
2019-10-20,2019102001001523,NBL,4,25,95,316.00,"30,020.00"
2019-10-20,2019102001001522,NBL,59,25,400,316.00,"126,400.00"
2019-10-20,2019102001001901,NCCB,5,35,112,196.00,"21,952.00"
2019-10-20,2019102001001743,NCCB,40,48,100,195.00,"19,500.00"
2019-10-20,2019102001001742,NCCB,40,45,400,195.00,"78,000.00"
2019-10-20,2019102001001589,NCCB,54,45,100,195.00,"19,500.00"
2019-10-20,2019102001001514,NCCB,58,32,146,195.00,"28,470.00"
2019-10-20,2019102001001513,NCCB,58,45,173,195.00,"33,735.00"
2019-10-20,2019102001001512,NCCB,58,42,150,195.00,"29,250.00"
2019-10-20,2019102001001511,NCCB,58,32,578,195.00,"112,710.00"
2019-10-20,2019102001001510,NCCB,58,32,243,195.00,"47,385.00"
2019-10-20,2019102001001929,NHPC,42,1,50,53.00,"2,650.00"
2019-10-20,2019102001001590,NHPC,51,56,580,53.00,"30,740.00"
2019-10-20,2019102001001802,NIB,17,17,6,440.00,"2,640.00"
2019-10-20,2019102001001797,NIB,13,22,182,444.00,"80,808.00"
2019-10-20,2019102001001796,NIB,22,22,18,444.00,"7,992.00"
2019-10-20,2019102001001762,NIB,56,56,3,436.00,"1,308.00"
2019-10-20,2019102001001706,NIB,22,42,24,444.00,"10,656.00"
2019-10-20,2019102001001666,NIB,22,21,10,444.00,"4,440.00"
2019-10-20,2019102001001654,NIB,22,20,44,444.00,"19,536.00"
2019-10-20,2019102001001560,NIB,35,28,50,445.00,"22,250.00"
2019-10-20,2019102001001889,NIBPO,32,32,40,406.00,"16,240.00"
2019-10-20,2019102001001888,NIBPO,45,32,60,407.00,"24,420.00"
2019-10-20,2019102001001937,NICA,38,22,286,384.00,"109,824.00"
2019-10-20,2019102001001936,NICA,38,32,714,384.00,"274,176.00"
2019-10-20,2019102001001900,NICA,39,26,10,383.00,"3,830.00"
2019-10-20,2019102001001899,NICA,52,26,490,383.00,"187,670.00"
2019-10-20,2019102001001769,NICA,52,22,10,383.00,"3,830.00"
2019-10-20,2019102001001695,NICA,50,22,250,383.00,"95,750.00"
2019-10-20,2019102001001694,NICA,33,22,700,383.00,"268,100.00"
2019-10-20,2019102001001626,NICA,33,49,300,383.00,"114,900.00"
2019-10-20,2019102001001781,NICGF,5,57,100,8.30,830.00
2019-10-20,2019102001001539,NICGF,5,5,"10,100",8.30,"83,830.00"
2019-10-20,2019102001001529,NICGF,5,22,100,8.30,830.00
2019-10-20,2019102001001949,NICL,42,38,18,262.00,"4,716.00"
2019-10-20,2019102001001948,NICL,34,38,20,262.00,"5,240.00"
2019-10-20,2019102001001947,NICL,53,38,20,262.00,"5,240.00"
2019-10-20,2019102001001946,NICL,38,38,30,263.00,"7,890.00"
2019-10-20,2019102001001940,NIL,13,39,200,356.00,"71,200.00"
2019-10-20,2019102001001939,NIL,13,42,50,355.00,"17,750.00"
2019-10-20,2019102001001972,NLIC,17,17,22,774.00,"17,028.00"
2019-10-20,2019102001001927,NLIC,17,17,22,774.00,"17,028.00"
2019-10-20,2019102001001886,NLIC,4,32,30,773.00,"23,190.00"
2019-10-20,2019102001001874,NLIC,42,25,300,774.00,"232,200.00"
2019-10-20,2019102001001873,NLIC,42,25,500,774.00,"387,000.00"
2019-10-20,2019102001001618,NLIC,4,49,31,773.00,"23,963.00"
2019-10-20,2019102001001533,NLIC,4,32,191,773.00,"147,643.00"
2019-10-20,2019102001001995,NLICL,56,44,813,450.00,"365,850.00"
2019-10-20,2019102001001994,NLICL,50,44,100,450.00,"45,000.00"
2019-10-20,2019102001001993,NLICL,48,44,87,450.00,"39,150.00"
2019-10-20,2019102001001616,NLICL,48,8,56,450.00,"25,200.00"
2019-10-20,2019102001001975,NMBMF,37,16,41,"1,082.00","44,362.00"
2019-10-20,2019102001001988,NMFBS,47,25,20,"1,690.00","33,800.00"
2019-10-20,2019102001001987,NMFBS,34,25,50,"1,691.00","84,550.00"
2019-10-20,2019102001001866,NMFBS,34,25,230,"1,690.00","388,700.00"
2019-10-20,2019102001001969,NSEWA,29,29,10,375.00,"3,750.00"
2019-10-20,2019102001001931,NSEWA,29,29,10,375.00,"3,750.00"
2019-10-20,2019102001001717,NSEWA,11,22,10,371.00,"3,710.00"
2019-10-20,2019102001001600,NSEWA,38,51,10,372.00,"3,720.00"
2019-10-20,2019102001001815,NUBL,34,45,44,865.00,"38,060.00"
2019-10-20,2019102001001712,OHL,22,57,20,455.00,"9,100.00"
2019-10-20,2019102001001772,OHL,34,22,10,453.00,"4,530.00"
2019-10-20,2019102001001971,PCBL,13,37,300,263.00,"78,900.00"
2019-10-20,2019102001001718,PCBL,33,53,14,264.00,"3,696.00"
2019-10-20,2019102001001622,PCBL,39,45,69,263.00,"18,147.00"
2019-10-20,2019102001001621,PCBL,26,45,11,263.00,"2,893.00"
2019-10-20,2019102001001819,PFL,46,13,13,134.00,"1,742.00"
2019-10-20,2019102001001818,PFL,46,57,39,134.00,"5,226.00"
2019-10-20,2019102001001608,PFL,13,38,13,133.00,"1,729.00"
2019-10-20,2019102001001607,PFL,13,51,14,133.00,"1,862.00"
2019-10-20,2019102001001606,PFL,49,51,12,134.00,"1,608.00"
2019-10-20,2019102001001814,PIC,17,17,11,364.00,"4,004.00"
2019-10-20,2019102001001770,PIC,17,17,11,364.00,"4,004.00"
2019-10-20,2019102001001749,PIC,17,17,20,364.00,"7,280.00"
2019-10-20,2019102001001709,PIC,40,29,40,364.00,"14,560.00"
2019-10-20,2019102001001620,PIC,39,51,11,363.00,"3,993.00"
2019-10-20,2019102001001854,PLIC,39,22,77,312.00,"24,024.00"
2019-10-20,2019102001001799,PLIC,45,22,20,312.00,"6,240.00"
2019-10-20,2019102001001798,PLIC,38,22,100,312.00,"31,200.00"
2019-10-20,2019102001001973,PPCL,34,42,10,93.00,930.00
2019-10-20,2019102001001632,PPCL,34,51,10,93.00,930.00
2019-10-20,2019102001001624,PPCL,34,38,10,93.00,930.00
2019-10-20,2019102001001922,PRVU,38,57,27,269.00,"7,263.00"
2019-10-20,2019102001001921,PRVU,38,16,11,268.00,"2,948.00"
2019-10-20,2019102001001920,PRVU,38,56,100,267.00,"26,700.00"
2019-10-20,2019102001001919,PRVU,38,28,50,267.00,"13,350.00"
2019-10-20,2019102001001918,PRVU,38,50,140,267.00,"37,380.00"
2019-10-20,2019102001001910,PRVU,38,43,450,266.00,"119,700.00"
2019-10-20,2019102001001569,PRVU,42,45,250,265.00,"66,250.00"
2019-10-20,2019102001001757,PRVU,10,22,10,264.00,"2,640.00"
2019-10-20,2019102001001697,PRVU,57,54,32,265.00,"8,480.00"
2019-10-20,2019102001001696,PRVU,57,45,"1,472",265.00,"390,080.00"
2019-10-20,2019102001001693,PRVU,39,45,500,265.00,"132,500.00"
2019-10-20,2019102001001644,PRVU,41,45,80,265.00,"21,200.00"
2019-10-20,2019102001001909,PRVU,38,41,200,266.00,"53,200.00"
2019-10-20,2019102001001907,PRVU,34,43,50,266.00,"13,300.00"
2019-10-20,2019102001001864,PRVU,48,16,200,265.00,"53,000.00"
2019-10-20,2019102001001862,PRVU,38,22,22,264.00,"5,808.00"
2019-10-20,2019102001001861,PRVU,10,22,178,264.00,"46,992.00"
2019-10-20,2019102001001961,RADHI,49,49,11,145.00,"1,595.00"
2019-10-20,2019102001001930,RADHI,17,17,12,145.00,"1,740.00"
2019-10-20,2019102001001896,RADHI,33,16,11,146.00,"1,606.00"
2019-10-20,2019102001001932,RBCL,45,18,10,"8,450.00","84,500.00"
2019-10-20,2019102001001788,RHPC,11,33,16,78.00,"1,248.00"
2019-10-20,2019102001001787,RHPC,11,37,19,78.00,"1,482.00"
2019-10-20,2019102001001786,RHPC,11,37,19,78.00,"1,482.00"
2019-10-20,2019102001001785,RHPC,11,16,19,78.00,"1,482.00"
2019-10-20,2019102001002002,RHPL,51,57,60,163.00,"9,780.00"
2019-10-20,2019102001002001,RHPL,19,57,150,163.00,"24,450.00"
2019-10-20,2019102001002000,RHPL,14,57,30,163.00,"4,890.00"
2019-10-20,2019102001001999,RHPL,59,57,760,163.00,"123,880.00"
2019-10-20,2019102001001992,RHPL,59,40,10,163.00,"1,630.00"
2019-10-20,2019102001001977,RHPL,59,40,10,163.00,"1,630.00"
2019-10-20,2019102001001524,RHPL,39,14,40,163.00,"6,520.00"
2019-10-20,2019102001001515,RHPL,39,40,10,163.00,"1,630.00"
2019-10-20,2019102001001554,RHPL,59,37,30,164.00,"4,920.00"
2019-10-20,2019102001001553,RHPL,59,37,30,164.00,"4,920.00"
2019-10-20,2019102001001546,RHPL,39,14,40,163.00,"6,520.00"
2019-10-20,2019102001001535,RHPL,59,41,630,164.00,"103,320.00"
2019-10-20,2019102001001534,RHPL,39,37,30,163.00,"4,890.00"
2019-10-20,2019102001001532,RHPL,39,37,30,163.00,"4,890.00"
2019-10-20,2019102001001579,RHPL,59,29,40,164.00,"6,560.00"
2019-10-20,2019102001001576,RHPL,59,37,30,164.00,"4,920.00"
2019-10-20,2019102001001565,RHPL,59,56,30,164.00,"4,920.00"
2019-10-20,2019102001001564,RHPL,59,37,20,164.00,"3,280.00"
2019-10-20,2019102001001563,RHPL,56,21,30,165.00,"4,950.00"
2019-10-20,2019102001001559,RHPL,59,37,20,164.00,"3,280.00"
2019-10-20,2019102001001640,RHPL,59,29,40,164.00,"6,560.00"
2019-10-20,2019102001001633,RHPL,59,29,40,164.00,"6,560.00"
2019-10-20,2019102001001625,RHPL,59,29,40,164.00,"6,560.00"
2019-10-20,2019102001001605,RHPL,59,29,40,164.00,"6,560.00"
2019-10-20,2019102001001591,RHPL,59,29,40,164.00,"6,560.00"
2019-10-20,2019102001001583,RHPL,59,29,40,164.00,"6,560.00"
2019-10-20,2019102001001680,RHPL,40,44,110,164.00,"18,040.00"
2019-10-20,2019102001001672,RHPL,19,44,350,164.00,"57,400.00"
2019-10-20,2019102001001671,RHPL,59,44,470,164.00,"77,080.00"
2019-10-20,2019102001001661,RHPL,59,29,40,164.00,"6,560.00"
2019-10-20,2019102001001651,RHPL,59,29,40,164.00,"6,560.00"
2019-10-20,2019102001001641,RHPL,59,51,10,164.00,"1,640.00"
2019-10-20,2019102001001715,RHPL,59,29,30,163.00,"4,890.00"
2019-10-20,2019102001001714,RHPL,39,29,10,163.00,"1,630.00"
2019-10-20,2019102001001710,RHPL,39,29,40,163.00,"6,520.00"
2019-10-20,2019102001001707,RHPL,39,29,40,163.00,"6,520.00"
2019-10-20,2019102001001692,RHPL,39,29,40,163.00,"6,520.00"
2019-10-20,2019102001001686,RHPL,39,29,40,163.00,"6,520.00"
2019-10-20,2019102001001736,RHPL,59,29,40,163.00,"6,520.00"
2019-10-20,2019102001001733,RHPL,59,29,40,163.00,"6,520.00"
2019-10-20,2019102001001730,RHPL,59,28,50,163.00,"8,150.00"
2019-10-20,2019102001001728,RHPL,59,29,40,163.00,"6,520.00"
2019-10-20,2019102001001722,RHPL,59,29,40,163.00,"6,520.00"
2019-10-20,2019102001001719,RHPL,59,45,40,163.00,"6,520.00"
2019-10-20,2019102001001775,RHPL,59,29,40,163.00,"6,520.00"
2019-10-20,2019102001001773,RHPL,59,56,30,163.00,"4,890.00"
2019-10-20,2019102001001771,RHPL,59,29,40,163.00,"6,520.00"
2019-10-20,2019102001001763,RHPL,59,29,40,163.00,"6,520.00"
2019-10-20,2019102001001759,RHPL,59,7,10,163.00,"1,630.00"
2019-10-20,2019102001001745,RHPL,59,29,40,163.00,"6,520.00"
2019-10-20,2019102001001833,RHPL,59,56,20,163.00,"3,260.00"
2019-10-20,2019102001001828,RHPL,56,39,30,164.00,"4,920.00"
2019-10-20,2019102001001811,RHPL,13,39,50,164.00,"8,200.00"
2019-10-20,2019102001001792,RHPL,58,39,60,164.00,"9,840.00"
2019-10-20,2019102001001791,RHPL,58,44,40,164.00,"6,560.00"
2019-10-20,2019102001001776,RHPL,56,44,30,164.00,"4,920.00"
2019-10-20,2019102001001968,RHPL,59,40,10,163.00,"1,630.00"
2019-10-20,2019102001001956,RHPL,59,42,20,163.00,"3,260.00"
2019-10-20,2019102001001902,RHPL,59,58,10,163.00,"1,630.00"
2019-10-20,2019102001001892,RHPL,59,39,30,163.00,"4,890.00"
2019-10-20,2019102001001848,RHPL,59,21,140,163.00,"22,820.00"
2019-10-20,2019102001001834,RHPL,59,56,10,163.00,"1,630.00"
2019-10-20,2019102001001585,RRHP,47,22,100,100.00,"10,000.00"
2019-10-20,2019102001001960,SABSL,1,17,10,452.00,"4,520.00"
2019-10-20,2019102001001955,SABSL,1,47,100,452.00,"45,200.00"
2019-10-20,2019102001001954,SABSL,1,36,10,451.00,"4,510.00"
2019-10-20,2019102001001953,SABSL,1,47,10,451.00,"4,510.00"
2019-10-20,2019102001001952,SABSL,1,47,10,451.00,"4,510.00"
2019-10-20,2019102001001951,SABSL,1,38,10,451.00,"4,510.00"
2019-10-20,2019102001001751,SABSL,50,58,10,448.00,"4,480.00"
2019-10-20,2019102001001748,SABSL,50,58,10,448.00,"4,480.00"
2019-10-20,2019102001001737,SABSL,48,22,10,449.00,"4,490.00"
2019-10-20,2019102001001711,SABSL,48,7,10,449.00,"4,490.00"
2019-10-20,2019102001001662,SABSL,43,47,10,450.00,"4,500.00"
2019-10-20,2019102001001568,SABSL,48,1,10,449.00,"4,490.00"
2019-10-20,2019102001001941,SABSL,57,22,10,448.00,"4,480.00"
2019-10-20,2019102001001887,SABSL,57,58,10,448.00,"4,480.00"
2019-10-20,2019102001001855,SABSL,57,26,10,448.00,"4,480.00"
2019-10-20,2019102001001852,SABSL,57,49,10,448.00,"4,480.00"
2019-10-20,2019102001001836,SABSL,57,36,10,448.00,"4,480.00"
2019-10-20,2019102001001790,SABSL,50,57,10,448.00,"4,480.00"
2019-10-20,2019102001001809,SADBL,22,45,10,140.00,"1,400.00"
2019-10-20,2019102001001928,SANIMA,59,21,100,305.00,"30,500.00"
2019-10-20,2019102001001877,SANIMA,59,26,256,305.00,"78,080.00"
2019-10-20,2019102001001876,SANIMA,37,26,219,305.00,"66,795.00"
2019-10-20,2019102001001875,SANIMA,29,26,25,306.00,"7,650.00"
2019-10-20,2019102001001747,SANIMA,29,50,75,306.00,"22,950.00"
2019-10-20,2019102001001746,SANIMA,14,50,10,306.00,"3,060.00"
2019-10-20,2019102001001525,SANIMA,35,48,17,307.00,"5,219.00"
2019-10-20,2019102001001967,SBL,25,29,10,291.00,"2,910.00"
2019-10-20,2019102001001966,SBL,25,39,10,289.00,"2,890.00"
2019-10-20,2019102001001933,SBL,40,39,390,289.00,"112,710.00"
2019-10-20,2019102001001917,SBL,21,10,390,288.00,"112,320.00"
2019-10-20,2019102001001916,SBL,34,10,200,288.00,"57,600.00"
2019-10-20,2019102001001915,SBL,28,10,500,288.00,"144,000.00"
2019-10-20,2019102001001705,SBL,32,45,30,290.00,"8,700.00"
2019-10-20,2019102001001704,SBL,32,1,"1,000",290.00,"290,000.00"
2019-10-20,2019102001001703,SBL,32,6,66,290.00,"19,140.00"
2019-10-20,2019102001001914,SBL,35,10,500,288.00,"144,000.00"
2019-10-20,2019102001001913,SBL,28,10,410,288.00,"118,080.00"
2019-10-20,2019102001001895,SBL,28,5,90,288.00,"25,920.00"
2019-10-20,2019102001001894,SBL,47,5,10,288.00,"2,880.00"
2019-10-20,2019102001001879,SBL,28,39,500,289.00,"144,500.00"
2019-10-20,2019102001001878,SBL,41,39,100,289.00,"28,900.00"
2019-10-20,2019102001001840,SCB,35,13,10,568.00,"5,680.00"
2019-10-20,2019102001001839,SCB,41,22,10,564.00,"5,640.00"
2019-10-20,2019102001001838,SCB,35,22,10,564.00,"5,640.00"
2019-10-20,2019102001001803,SCB,17,58,50,565.00,"28,250.00"
2019-10-20,2019102001001793,SCB,10,58,30,565.00,"16,950.00"
2019-10-20,2019102001001767,SCB,35,13,10,568.00,"5,680.00"
2019-10-20,2019102001001766,SCB,35,39,140,567.00,"79,380.00"
2019-10-20,2019102001001667,SCB,10,20,20,565.00,"11,300.00"
2019-10-20,2019102001001574,SCB,35,39,10,567.00,"5,670.00"
2019-10-20,2019102001001573,SCB,35,29,10,566.00,"5,660.00"
2019-10-20,2019102001001547,SCB,35,29,50,566.00,"28,300.00"
2019-10-20,2019102001001976,SDESI,17,17,23,608.00,"13,984.00"
2019-10-20,2019102001001964,SDESI,17,17,23,608.00,"13,984.00"
2019-10-20,2019102001001860,SDESI,17,17,23,608.00,"13,984.00"
2019-10-20,2019102001001777,SDESI,17,17,23,608.00,"13,984.00"
2019-10-20,2019102001001753,SDESI,48,41,20,610.00,"12,200.00"
2019-10-20,2019102001001752,SDESI,48,29,11,609.00,"6,699.00"
2019-10-20,2019102001001677,SDESI,35,45,50,606.00,"30,300.00"
2019-10-20,2019102001001731,SEF,3,22,"1,000",8.76,"8,760.00"
2019-10-20,2019102001001650,SHINE,41,26,40,252.00,"10,080.00"
2019-10-20,2019102001001935,SHIVM,39,54,200,489.00,"97,800.00"
2019-10-20,2019102001001925,SHIVM,10,48,30,489.00,"14,670.00"
2019-10-20,2019102001001882,SHIVM,28,48,100,489.00,"48,900.00"
2019-10-20,2019102001001881,SHIVM,22,48,50,489.00,"24,450.00"
2019-10-20,2019102001001880,SHIVM,50,48,20,489.00,"9,780.00"
2019-10-20,2019102001001842,SHIVM,50,36,10,489.00,"4,890.00"
2019-10-20,2019102001001597,SHIVM,53,45,50,490.00,"24,500.00"
2019-10-20,2019102001001596,SHIVM,21,45,125,490.00,"61,250.00"
2019-10-20,2019102001001658,SHIVM,42,28,20,490.00,"9,800.00"
2019-10-20,2019102001001657,SHIVM,58,28,250,490.00,"122,500.00"
2019-10-20,2019102001001656,SHIVM,57,28,36,490.00,"17,640.00"
2019-10-20,2019102001001649,SHIVM,57,51,50,490.00,"24,500.00"
2019-10-20,2019102001001630,SHIVM,57,16,600,490.00,"294,000.00"
2019-10-20,2019102001001598,SHIVM,57,45,45,490.00,"22,050.00"
2019-10-20,2019102001001841,SHIVM,47,36,20,489.00,"9,780.00"
2019-10-20,2019102001001805,SHIVM,6,28,50,490.00,"24,500.00"
2019-10-20,2019102001001659,SHIVM,22,28,500,490.00,"245,000.00"
2019-10-20,2019102001001740,SIC,28,16,138,475.00,"65,550.00"
2019-10-20,2019102001001739,SIC,35,16,10,476.00,"4,760.00"
2019-10-20,2019102001001738,SIC,42,16,30,477.00,"14,310.00"
2019-10-20,2019102001001832,SIL,33,36,30,375.00,"11,250.00"
2019-10-20,2019102001001996,SJCL,51,40,10,167.00,"1,670.00"
2019-10-20,2019102001001981,SJCL,51,28,10,167.00,"1,670.00"
2019-10-20,2019102001001980,SJCL,51,33,10,167.00,"1,670.00"
2019-10-20,2019102001001979,SJCL,51,39,40,167.00,"6,680.00"
2019-10-20,2019102001001974,SJCL,39,40,10,166.00,"1,660.00"
2019-10-20,2019102001001950,SJCL,39,22,10,166.00,"1,660.00"
2019-10-20,2019102001001516,SJCL,39,56,20,166.00,"3,320.00"
2019-10-20,2019102001001548,SJCL,39,14,10,166.00,"1,660.00"
2019-10-20,2019102001001540,SJCL,39,40,10,166.00,"1,660.00"
2019-10-20,2019102001001526,SJCL,39,14,10,166.00,"1,660.00"
2019-10-20,2019102001001518,SJCL,39,40,10,166.00,"1,660.00"
2019-10-20,2019102001001572,SJCL,39,33,20,166.00,"3,320.00"
2019-10-20,2019102001001571,SJCL,56,29,10,167.00,"1,670.00"
2019-10-20,2019102001001570,SJCL,56,29,10,167.00,"1,670.00"
2019-10-20,2019102001001562,SJCL,21,29,10,167.00,"1,670.00"
2019-10-20,2019102001001561,SJCL,21,36,20,167.00,"3,340.00"
2019-10-20,2019102001001587,SJCL,41,29,20,167.00,"3,340.00"
2019-10-20,2019102001001582,SJCL,41,29,20,167.00,"3,340.00"
2019-10-20,2019102001001578,SJCL,41,29,10,167.00,"1,670.00"
2019-10-20,2019102001001577,SJCL,41,7,20,167.00,"3,340.00"
2019-10-20,2019102001001575,SJCL,39,56,20,166.00,"3,320.00"
2019-10-20,2019102001001643,SJCL,39,29,20,166.00,"3,320.00"
2019-10-20,2019102001001634,SJCL,39,29,20,166.00,"3,320.00"
2019-10-20,2019102001001631,SJCL,39,29,20,166.00,"3,320.00"
2019-10-20,2019102001001615,SJCL,39,29,10,166.00,"1,660.00"
2019-10-20,2019102001001614,SJCL,41,29,10,167.00,"1,670.00"
2019-10-20,2019102001001594,SJCL,41,29,20,167.00,"3,340.00"
2019-10-20,2019102001001676,SJCL,39,29,20,166.00,"3,320.00"
2019-10-20,2019102001001664,SJCL,39,29,20,166.00,"3,320.00"
2019-10-20,2019102001001653,SJCL,39,51,10,166.00,"1,660.00"
2019-10-20,2019102001001652,SJCL,39,29,20,166.00,"3,320.00"
2019-10-20,2019102001001713,SJCL,39,29,20,166.00,"3,320.00"
2019-10-20,2019102001001708,SJCL,39,29,20,166.00,"3,320.00"
2019-10-20,2019102001001690,SJCL,40,39,70,167.00,"11,690.00"
2019-10-20,2019102001001689,SJCL,40,37,20,167.00,"3,340.00"
2019-10-20,2019102001001688,SJCL,40,37,20,167.00,"3,340.00"
2019-10-20,2019102001001684,SJCL,39,29,20,166.00,"3,320.00"
2019-10-20,2019102001001741,SJCL,39,29,20,166.00,"3,320.00"
2019-10-20,2019102001001735,SJCL,39,29,10,166.00,"1,660.00"
2019-10-20,2019102001001729,SJCL,39,29,20,166.00,"3,320.00"
2019-10-20,2019102001001724,SJCL,39,29,20,166.00,"3,320.00"
2019-10-20,2019102001001723,SJCL,39,45,20,166.00,"3,320.00"
2019-10-20,2019102001001716,SJCL,39,29,20,166.00,"3,320.00"
2019-10-20,2019102001001782,SJCL,39,56,20,166.00,"3,320.00"
2019-10-20,2019102001001778,SJCL,39,29,20,166.00,"3,320.00"
2019-10-20,2019102001001774,SJCL,39,29,20,166.00,"3,320.00"
2019-10-20,2019102001001764,SJCL,39,29,20,166.00,"3,320.00"
2019-10-20,2019102001001755,SJCL,39,7,10,166.00,"1,660.00"
2019-10-20,2019102001001750,SJCL,39,29,20,166.00,"3,320.00"
2019-10-20,2019102001001906,SJCL,39,58,20,166.00,"3,320.00"
2019-10-20,2019102001001850,SJCL,39,21,70,166.00,"11,620.00"
2019-10-20,2019102001001843,SJCL,39,56,20,166.00,"3,320.00"
2019-10-20,2019102001001837,SJCL,56,39,20,167.00,"3,340.00"
2019-10-20,2019102001001783,SJCL,56,39,20,167.00,"3,340.00"
2019-10-20,2019102001001998,SKBBL,37,37,13,915.00,"11,895.00"
2019-10-20,2019102001001795,SLICL,59,52,80,264.00,"21,120.00"
2019-10-20,2019102001001794,SLICL,59,7,20,263.00,"5,260.00"
2019-10-20,2019102001001521,SLICL,1,29,100,260.00,"26,000.00"
2019-10-20,2019102001001732,SMATA,44,45,10,530.00,"5,300.00"
2019-10-20,2019102001001890,SMB,21,37,10,414.00,"4,140.00"
2019-10-20,2019102001001678,SMB,21,20,10,414.00,"4,140.00"
2019-10-20,2019102001001665,SMB,21,51,10,414.00,"4,140.00"
2019-10-20,2019102001001911,SPARS,45,37,10,523.00,"5,230.00"
2019-10-20,2019102001001905,SPARS,45,37,10,523.00,"5,230.00"
2019-10-20,2019102001001673,SPARS,38,45,10,522.00,"5,220.00"
2019-10-20,2019102001001768,SRBL,37,37,17,210.00,"3,570.00"
2019-10-20,2019102001001663,SRBL,35,42,10,211.00,"2,110.00"
2019-10-20,2019102001001629,SRBL,34,4,100,210.00,"21,000.00"
2019-10-20,2019102001001628,SRBL,45,4,200,210.00,"42,000.00"
2019-10-20,2019102001001627,SRBL,56,4,93,210.00,"19,530.00"
2019-10-20,2019102001002005,UPPER,41,57,40,234.00,"9,360.00"
2019-10-20,2019102001002004,UPPER,41,37,200,234.00,"46,800.00"
2019-10-20,2019102001002003,UPPER,41,33,100,234.00,"23,400.00"
2019-10-20,2019102001001891,UPPER,59,49,50,233.00,"11,650.00"
2019-10-20,2019102001001872,UPPER,59,39,34,233.00,"7,922.00"
2019-10-20,2019102001001871,UPPER,41,39,120,233.00,"27,960.00"
2019-10-20,2019102001001536,UPPER,56,51,40,234.00,"9,360.00"
2019-10-20,2019102001001816,UPPER,59,22,50,233.00,"11,650.00"
2019-10-20,2019102001001813,UPPER,59,49,50,233.00,"11,650.00"
2019-10-20,2019102001001675,UPPER,59,51,40,233.00,"9,320.00"
2019-10-20,2019102001001674,UPPER,56,51,10,234.00,"2,340.00"
2019-10-20,2019102001001537,UPPER,56,36,50,234.00,"11,700.00"
2019-10-20,2019102001001870,UPPER,45,39,50,233.00,"11,650.00"
2019-10-20,2019102001001869,UPPER,19,39,50,233.00,"11,650.00"
2019-10-20,2019102001001868,UPPER,10,39,"1,000",233.00,"233,000.00"
2019-10-20,2019102001001867,UPPER,59,39,246,233.00,"57,318.00"
2019-10-20,2019102001001853,UPPER,59,21,80,233.00,"18,640.00"
2019-10-20,2019102001001849,UPPER,59,57,50,233.00,"11,650.00"
2019-10-20,2019102001001808,VLBS,45,57,296,571.00,"169,016.00"
2019-10-20,2019102001001807,VLBS,45,37,13,571.00,"7,423.00"
2019-10-20,2019102001001806,VLBS,45,16,204,570.00,"116,280.00"
2019-10-20,2019102001001496,ADBL,4,25,244,413.00,"100,772.00"
2019-10-20,2019102001001467,ADBL,4,43,118,413.00,"48,734.00"
2019-10-20,2019102001001412,ADBL,4,19,133,413.00,"54,929.00"
2019-10-20,2019102001001403,ADBL,4,19,133,413.00,"54,929.00"
2019-10-20,2019102001001391,ADBL,25,29,66,414.00,"27,324.00"
2019-10-20,2019102001001390,ADBL,25,25,252,414.00,"104,328.00"
2019-10-20,2019102001001108,ADBL,4,14,"1,703",413.00,"703,339.00"
2019-10-20,2019102001001253,ADBL,4,14,26,413.00,"10,738.00"
2019-10-20,2019102001001252,ADBL,54,14,15,413.00,"6,195.00"
2019-10-20,2019102001001251,ADBL,57,14,153,413.00,"63,189.00"
2019-10-20,2019102001001111,ADBL,57,14,247,413.00,"102,011.00"
2019-10-20,2019102001001110,ADBL,22,14,450,413.00,"185,850.00"
2019-10-20,2019102001001109,ADBL,21,14,100,413.00,"41,300.00"
2019-10-20,2019102001001383,ADBL,29,14,400,414.00,"165,600.00"
2019-10-20,2019102001001307,ADBL,4,32,100,413.00,"41,300.00"
2019-10-20,2019102001001285,ADBL,4,14,700,413.00,"289,100.00"
2019-10-20,2019102001001280,ADBL,4,59,150,413.00,"61,950.00"
2019-10-20,2019102001001276,ADBL,4,42,100,413.00,"41,300.00"
2019-10-20,2019102001001262,ADBL,48,14,100,414.00,"41,400.00"
2019-10-20,2019102001001215,AHPC,32,29,100,93.00,"9,300.00"
2019-10-20,2019102001001175,AHPC,25,21,412,94.00,"38,728.00"
2019-10-20,2019102001001076,AHPC,59,21,50,94.00,"4,700.00"
2019-10-20,2019102001001147,AKBSL,26,42,10,410.00,"4,100.00"
2019-10-20,2019102001001096,AKJCL,56,22,20,54.00,"1,080.00"
2019-10-20,2019102001001055,AKJCL,56,6,20,54.00,"1,080.00"
2019-10-20,2019102001001401,AKPL,29,51,13,134.00,"1,742.00"
2019-10-20,2019102001001174,AKPL,29,34,13,134.00,"1,742.00"
2019-10-20,2019102001001306,ALICL,41,44,120,315.00,"37,800.00"
2019-10-20,2019102001001305,ALICL,14,44,200,315.00,"63,000.00"
2019-10-20,2019102001001304,ALICL,43,44,300,315.00,"94,500.00"
2019-10-20,2019102001001303,ALICL,6,44,20,315.00,"6,300.00"
2019-10-20,2019102001001287,ALICL,28,10,489,316.00,"154,524.00"
2019-10-20,2019102001001286,ALICL,28,10,133,316.00,"42,028.00"
2019-10-20,2019102001001486,BOKL,49,39,45,227.00,"10,215.00"
2019-10-20,2019102001001289,BOKL,35,48,"1,000",227.00,"227,000.00"
2019-10-20,2019102001001226,BOKL,45,42,29,227.00,"6,583.00"
2019-10-20,2019102001001155,BOKL,45,57,21,227.00,"4,767.00"
2019-10-20,2019102001001154,BOKL,22,57,60,227.00,"13,620.00"
2019-10-20,2019102001001153,BOKL,40,57,200,227.00,"45,400.00"
2019-10-20,2019102001001152,BOKL,28,57,229,227.00,"51,983.00"
2019-10-20,2019102001001090,BOKL,28,22,100,227.00,"22,700.00"
2019-10-20,2019102001001380,BPCL,13,49,100,357.00,"35,700.00"
2019-10-20,2019102001001311,BPCL,13,57,22,357.00,"7,854.00"
2019-10-20,2019102001001241,BPCL,13,21,32,357.00,"11,424.00"
2019-10-20,2019102001001240,BPCL,39,21,50,357.00,"17,850.00"
2019-10-20,2019102001001239,BPCL,49,21,50,358.00,"17,900.00"
2019-10-20,2019102001001238,BPCL,57,21,100,358.00,"35,800.00"
2019-10-20,2019102001001237,BPCL,41,21,68,358.00,"24,344.00"
2019-10-20,2019102001001165,BPCL,41,29,11,358.00,"3,938.00"
2019-10-20,2019102001001061,BPCL,41,6,22,358.00,"7,876.00"
2019-10-20,2019102001001434,CBBL,51,54,15,970.00,"14,550.00"
2019-10-20,2019102001001416,CBL,7,19,26,141.00,"3,666.00"
2019-10-20,2019102001001414,CBL,7,19,26,141.00,"3,666.00"
2019-10-20,2019102001001259,CBL,7,39,50,141.00,"7,050.00"
2019-10-20,2019102001001078,CBL,7,22,55,141.00,"7,755.00"
2019-10-20,2019102001001490,CCBL,34,40,365,152.00,"55,480.00"
2019-10-20,2019102001001489,CCBL,51,40,50,152.00,"7,600.00"
2019-10-20,2019102001001488,CCBL,11,40,19,153.00,"2,907.00"
2019-10-20,2019102001001487,CCBL,17,40,218,153.00,"33,354.00"
2019-10-20,2019102001001478,CCBL,17,40,782,153.00,"119,646.00"
2019-10-20,2019102001001477,CCBL,52,40,419,153.00,"64,107.00"
2019-10-20,2019102001001074,CCBL,6,32,536,153.00,"82,008.00"
2019-10-20,2019102001001066,CCBL,6,32,692,153.00,"105,876.00"
2019-10-20,2019102001001057,CCBL,6,32,772,153.00,"118,116.00"
2019-10-20,2019102001001056,CCBL,17,32,228,153.00,"34,884.00"
2019-10-20,2019102001001457,CCBL,49,26,40,154.00,"6,160.00"
2019-10-20,2019102001001400,CCBL,52,29,81,153.00,"12,393.00"
2019-10-20,2019102001001399,CCBL,58,29,100,153.00,"15,300.00"
2019-10-20,2019102001001398,CCBL,49,29,319,153.00,"48,807.00"
2019-10-20,2019102001001257,CCBL,49,43,217,153.00,"33,201.00"
2019-10-20,2019102001001075,CCBL,49,32,464,153.00,"70,992.00"
2019-10-20,2019102001001407,CEFL,42,29,10,114.00,"1,140.00"
2019-10-20,2019102001001132,CMF1,43,6,"1,000",8.80,"8,800.00"
2019-10-20,2019102001001411,CZBIL,28,29,202,193.00,"38,986.00"
2019-10-20,2019102001001302,CZBIL,28,51,130,193.00,"25,090.00"
2019-10-20,2019102001001301,CZBIL,34,51,20,193.00,"3,860.00"
2019-10-20,2019102001001105,CZBIL,1,37,10,193.00,"1,930.00"
2019-10-20,2019102001001104,CZBIL,1,49,128,193.00,"24,704.00"
2019-10-20,2019102001001493,DBBL,33,53,527,127.00,"66,929.00"
2019-10-20,2019102001001444,DBBL,1,29,250,126.00,"31,500.00"
2019-10-20,2019102001001443,DBBL,1,7,719,126.00,"90,594.00"
2019-10-20,2019102001001139,DBBL,32,44,"1,900",126.00,"239,400.00"
2019-10-20,2019102001001125,DBBL,39,44,100,126.00,"12,600.00"
2019-10-20,2019102001001423,EBL,11,40,165,543.00,"89,595.00"
2019-10-20,2019102001001370,EBL,41,40,25,543.00,"13,575.00"
2019-10-20,2019102001001356,EBL,35,40,10,543.00,"5,430.00"
2019-10-20,2019102001001300,EBL,35,42,10,544.00,"5,440.00"
2019-10-20,2019102001001081,EBL,35,51,10,543.00,"5,430.00"
2019-10-20,2019102001001040,EBL,13,42,20,544.00,"10,880.00"
2019-10-20,2019102001001038,EBL,32,42,150,544.00,"81,600.00"
2019-10-20,2019102001001299,EBL,35,51,130,543.00,"70,590.00"
2019-10-20,2019102001001275,EBL,59,59,438,542.00,"237,396.00"
2019-10-20,2019102001001246,EBL,48,51,20,543.00,"10,860.00"
2019-10-20,2019102001001206,EBL,28,40,500,542.00,"271,000.00"
2019-10-20,2019102001001205,EBL,13,40,50,542.00,"27,100.00"
2019-10-20,2019102001001087,EBL,35,51,30,543.00,"16,290.00"
2019-10-20,2019102001001227,EIC,38,42,20,224.00,"4,480.00"
2019-10-20,2019102001001209,EIC,58,3,18,228.00,"4,104.00"
2019-10-20,2019102001001136,EIC,38,22,74,224.00,"16,576.00"
2019-10-20,2019102001001135,EIC,21,22,14,224.00,"3,136.00"
2019-10-20,2019102001001103,EIC,36,32,45,228.00,"10,260.00"
2019-10-20,2019102001001050,EIC,21,25,26,224.00,"5,824.00"
2019-10-20,2019102001001218,FMDBL,22,39,10,321.00,"3,210.00"
2019-10-20,2019102001001438,FOWAD,37,39,29,"1,270.00","36,830.00"
2019-10-20,2019102001001437,FOWAD,19,39,200,"1,271.00","254,200.00"
2019-10-20,2019102001001436,FOWAD,14,39,186,"1,275.00","237,150.00"
2019-10-20,2019102001001428,FOWAD,14,35,14,"1,275.00","17,850.00"
2019-10-20,2019102001001466,GBBL,51,39,52,214.00,"11,128.00"
2019-10-20,2019102001001465,GBBL,51,32,28,214.00,"5,992.00"
2019-10-20,2019102001001410,GBBL,39,45,517,213.00,"110,121.00"
2019-10-20,2019102001001348,GBBL,39,29,500,213.00,"106,500.00"
2019-10-20,2019102001001168,GBBL,39,32,397,214.00,"84,958.00"
2019-10-20,2019102001001335,GBLBS,56,6,15,312.00,"4,680.00"
2019-10-20,2019102001001321,GBLBS,56,58,100,312.00,"31,200.00"
2019-10-20,2019102001001310,GBLBS,56,37,15,312.00,"4,680.00"
2019-10-20,2019102001001309,GBLBS,56,29,35,312.00,"10,920.00"
2019-10-20,2019102001001308,GBLBS,56,57,30,311.00,"9,330.00"
2019-10-20,2019102001001247,GBLBS,49,42,45,309.00,"13,905.00"
2019-10-20,2019102001001233,GBLBS,59,42,50,309.00,"15,450.00"
2019-10-20,2019102001001166,GBLBS,32,42,130,309.00,"40,170.00"
2019-10-20,2019102001001123,GBLBS,32,22,15,309.00,"4,635.00"
2019-10-20,2019102001001397,GLBSL,38,7,10,423.00,"4,230.00"
2019-10-20,2019102001001068,GLBSL,56,56,10,424.00,"4,240.00"
2019-10-20,2019102001001106,GLICL,28,42,20,355.00,"7,100.00"
2019-10-20,2019102001001250,GUFL,3,35,200,109.00,"21,800.00"
2019-10-20,2019102001001464,HBL,39,28,34,496.00,"16,864.00"
2019-10-20,2019102001001071,HDL,37,34,20,"1,450.00","29,000.00"
2019-10-20,2019102001001372,HGI,35,55,10,266.00,"2,660.00"
2019-10-20,2019102001001485,HIDCL,45,25,61,137.00,"8,357.00"
2019-10-20,2019102001001463,HIDCL,1,57,110,138.00,"15,180.00"
2019-10-20,2019102001001462,HIDCL,1,45,90,138.00,"12,420.00"
2019-10-20,2019102001001433,HIDCL,43,45,10,138.00,"1,380.00"
2019-10-20,2019102001001234,HIDCL,34,22,200,138.00,"27,600.00"
2019-10-20,2019102001001117,HIDCL,45,22,110,137.00,"15,070.00"
2019-10-20,2019102001001058,HIDCL,34,32,240,138.00,"33,120.00"
2019-10-20,2019102001001357,ILBS,56,56,10,418.00,"4,180.00"
2019-10-20,2019102001001283,ILBS,43,45,10,416.00,"4,160.00"
2019-10-20,2019102001001282,ILBS,43,42,10,416.00,"4,160.00"
2019-10-20,2019102001001149,ILBS,36,36,10,417.00,"4,170.00"
2019-10-20,2019102001001271,JBBL,35,42,12,156.00,"1,872.00"
