Date,Transact. No.,Symbol,Buyer,Seller,Quantity,Rate,Amount
2020-09-02,2020090201044813,ACLBSL,32,46,10,706.00,"7,060.00"
2020-09-02,2020090201044812,ACLBSL,32,45,10,705.00,"7,050.00"
2020-09-02,2020090201044811,ACLBSL,32,35,10,705.00,"7,050.00"
2020-09-02,2020090201044810,ACLBSL,32,6,10,704.00,"7,040.00"
2020-09-02,2020090201044809,ACLBSL,32,44,10,703.00,"7,030.00"
2020-09-02,2020090201044797,ACLBSL,50,38,10,702.00,"7,020.00"
2020-09-02,2020090201044878,ADBL,22,37,13,436.00,"5,668.00"
2020-09-02,2020090201044834,ADBL,49,47,373,439.00,"163,747.00"
2020-09-02,2020090201044833,ADBL,49,59,15,439.00,"6,585.00"
2020-09-02,2020090201044832,ADBL,49,14,155,439.00,"68,045.00"
2020-09-02,2020090201044831,ADBL,49,53,457,438.00,"200,166.00"
2020-09-02,2020090201045191,AIL,53,47,10,519.00,"5,190.00"
2020-09-02,2020090201045085,AIL,53,57,170,519.00,"88,230.00"
2020-09-02,2020090201045084,AIL,21,57,330,519.00,"171,270.00"
2020-09-02,2020090201045020,AIL,21,37,10,519.00,"5,190.00"
2020-09-02,2020090201044908,AIL,6,45,60,520.00,"31,200.00"
2020-09-02,2020090201044907,AIL,6,25,10,520.00,"5,200.00"
2020-09-02,2020090201044906,AIL,6,59,10,520.00,"5,200.00"
2020-09-02,2020090201044905,AIL,6,40,10,520.00,"5,200.00"
2020-09-02,2020090201044904,AIL,6,41,10,520.00,"5,200.00"
2020-09-02,2020090201044823,AIL,21,59,10,519.00,"5,190.00"
2020-09-02,2020090201045238,ALBSL,43,16,10,809.00,"8,090.00"
2020-09-02,2020090201045202,ALBSL,43,37,11,800.00,"8,800.00"
2020-09-02,2020090201045201,ALBSL,43,7,11,800.00,"8,800.00"
2020-09-02,2020090201045151,ALICL,4,36,300,720.00,"216,000.00"
2020-09-02,2020090201045143,ALICL,29,50,100,721.00,"72,100.00"
2020-09-02,2020090201045050,ALICL,4,37,100,720.00,"72,000.00"
2020-09-02,2020090201045049,ALICL,4,35,100,720.00,"72,000.00"
2020-09-02,2020090201045048,ALICL,4,48,200,720.00,"144,000.00"
2020-09-02,2020090201045047,ALICL,4,38,500,720.00,"360,000.00"
2020-09-02,2020090201045046,ALICL,4,56,500,720.00,"360,000.00"
2020-09-02,2020090201045045,ALICL,4,34,500,720.00,"360,000.00"
2020-09-02,2020090201045044,ALICL,4,18,150,720.00,"108,000.00"
2020-09-02,2020090201044914,ALICL,34,36,173,718.00,"124,214.00"
2020-09-02,2020090201045107,API,29,42,26,132.00,"3,432.00"
2020-09-02,2020090201045073,BOKL,8,25,354,236.00,"83,544.00"
2020-09-02,2020090201045072,BOKL,22,25,146,236.00,"34,456.00"
2020-09-02,2020090201045268,BPCL,32,34,10,399.00,"3,990.00"
2020-09-02,2020090201045008,BPCL,25,32,400,397.00,"158,800.00"
2020-09-02,2020090201044947,BPCL,16,32,50,397.00,"19,850.00"
2020-09-02,2020090201044946,BPCL,34,32,50,397.00,"19,850.00"
2020-09-02,2020090201044842,BPCL,33,34,100,399.00,"39,900.00"
2020-09-02,2020090201045127,CBL,14,19,50,148.00,"7,400.00"
2020-09-02,2020090201045124,CBL,32,19,912,148.00,"134,976.00"
2020-09-02,2020090201045123,CBL,32,44,88,148.00,"13,024.00"
2020-09-02,2020090201045172,CCBL,14,18,790,176.00,"139,040.00"
2020-09-02,2020090201045171,CCBL,52,18,36,176.00,"6,336.00"
2020-09-02,2020090201045056,CCBL,35,17,"1,000",176.00,"176,000.00"
2020-09-02,2020090201045057,CHCL,42,1,100,452.00,"45,200.00"
2020-09-02,2020090201045248,CIT,45,56,10,"2,915.00","29,150.00"
2020-09-02,2020090201045230,CIT,45,52,10,"2,915.00","29,150.00"
2020-09-02,2020090201044793,CIT,45,32,37,"2,915.00","107,855.00"
2020-09-02,2020090201045065,DDBL,43,49,100,880.00,"88,000.00"
2020-09-02,2020090201045064,DDBL,49,49,50,880.00,"44,000.00"
2020-09-02,2020090201045042,DDBL,39,57,34,885.00,"30,090.00"
2020-09-02,2020090201045041,DDBL,39,54,99,884.00,"87,516.00"
2020-09-02,2020090201045040,DDBL,39,16,300,881.00,"264,300.00"
2020-09-02,2020090201045039,DDBL,39,38,67,881.00,"59,027.00"
2020-09-02,2020090201045257,EBL,56,25,10,744.00,"7,440.00"
2020-09-02,2020090201045063,EIC,46,5,100,491.00,"49,100.00"
2020-09-02,2020090201045060,EIC,46,13,100,491.00,"49,100.00"
2020-09-02,2020090201045059,EIC,10,13,200,491.00,"98,200.00"
2020-09-02,2020090201045058,EIC,49,13,160,491.00,"78,560.00"
2020-09-02,2020090201044814,EIC,49,44,100,491.00,"49,100.00"
2020-09-02,2020090201045242,FMDBL,54,44,"2,000",570.00,"1,140,000.00"
2020-09-02,2020090201045106,FMDBL,56,56,10,566.00,"5,660.00"
2020-09-02,2020090201045038,FOWAD,32,26,138,"1,574.00","217,212.00"
2020-09-02,2020090201045037,FOWAD,32,17,12,"1,574.00","18,888.00"
2020-09-02,2020090201045000,GBBL,53,4,142,242.00,"34,364.00"
2020-09-02,2020090201044894,GBBL,37,4,10,242.00,"2,420.00"
2020-09-02,2020090201045243,GBIME,59,34,200,264.00,"52,800.00"
2020-09-02,2020090201045198,GBIME,58,34,30,264.00,"7,920.00"
2020-09-02,2020090201045173,GBIME,45,59,200,263.00,"52,600.00"
2020-09-02,2020090201045150,GBIME,21,34,30,264.00,"7,920.00"
2020-09-02,2020090201045132,GBIME,54,34,32,264.00,"8,448.00"
2020-09-02,2020090201045131,GBIME,54,59,318,264.00,"83,952.00"
2020-09-02,2020090201044891,GBIME,34,6,10,265.00,"2,650.00"
2020-09-02,2020090201044890,GBIME,34,41,60,265.00,"15,900.00"
2020-09-02,2020090201044864,GBIME,32,35,58,264.00,"15,312.00"
2020-09-02,2020090201044969,GBIME,48,6,230,265.00,"60,950.00"
2020-09-02,2020090201044968,GBIME,48,38,100,265.00,"26,500.00"
2020-09-02,2020090201044967,GBIME,48,49,100,265.00,"26,500.00"
2020-09-02,2020090201044966,GBIME,48,5,570,265.00,"151,050.00"
2020-09-02,2020090201044893,GBIME,34,5,430,265.00,"113,950.00"
2020-09-02,2020090201044892,GBIME,34,48,500,265.00,"132,500.00"
2020-09-02,2020090201044992,GBIME,22,26,150,264.00,"39,600.00"
2020-09-02,2020090201044991,GBIME,48,26,500,264.00,"132,000.00"
2020-09-02,2020090201044990,GBIME,8,26,200,264.00,"52,800.00"
2020-09-02,2020090201044989,GBIME,41,26,350,264.00,"92,400.00"
2020-09-02,2020090201044988,GBIME,38,26,20,264.00,"5,280.00"
2020-09-02,2020090201044987,GBIME,13,26,700,264.00,"184,800.00"
2020-09-02,2020090201045122,GBIME,57,59,10,264.00,"2,640.00"
2020-09-02,2020090201045075,GBIME,43,59,60,264.00,"15,840.00"
2020-09-02,2020090201045074,GBIME,17,59,150,264.00,"39,600.00"
2020-09-02,2020090201044995,GBIME,17,26,10,264.00,"2,640.00"
2020-09-02,2020090201044994,GBIME,42,26,50,264.00,"13,200.00"
2020-09-02,2020090201044993,GBIME,38,26,20,264.00,"5,280.00"
2020-09-02,2020090201044936,GBLBS,38,59,10,528.00,"5,280.00"
2020-09-02,2020090201044836,GILB,44,16,50,"1,195.00","59,750.00"
2020-09-02,2020090201044808,GILB,44,52,3,"1,204.00","3,612.00"
2020-09-02,2020090201044807,GILB,44,52,34,"1,204.00","40,936.00"
2020-09-02,2020090201044806,GILB,44,13,20,"1,203.00","24,060.00"
2020-09-02,2020090201044805,GILB,44,57,50,"1,202.00","60,100.00"
2020-09-02,2020090201044804,GILB,44,47,50,"1,200.00","60,000.00"
2020-09-02,2020090201044803,GILB,44,41,43,"1,198.00","51,514.00"
2020-09-02,2020090201045181,GLBSL,44,39,10,807.00,"8,070.00"
2020-09-02,2020090201045256,GLICL,5,39,300,568.00,"170,400.00"
2020-09-02,2020090201045217,GLICL,54,52,50,566.00,"28,300.00"
2020-09-02,2020090201045024,GLICL,54,39,290,566.00,"164,140.00"
2020-09-02,2020090201045023,GLICL,50,39,10,566.00,"5,660.00"
2020-09-02,2020090201045178,GUFL,5,58,21,127.00,"2,667.00"
2020-09-02,2020090201045177,GUFL,5,3,300,126.00,"37,800.00"
2020-09-02,2020090201045176,GUFL,5,36,29,126.00,"3,654.00"
2020-09-02,2020090201045175,GUFL,5,1,100,125.00,"12,500.00"
2020-09-02,2020090201044978,HBL,41,44,100,572.00,"57,200.00"
2020-09-02,2020090201045189,HDHPC,25,39,50,97.00,"4,850.00"
2020-09-02,2020090201044876,HGI,25,17,20,478.00,"9,560.00"
2020-09-02,2020090201045264,HIDCL,16,43,"2,000",154.00,"308,000.00"
2020-09-02,2020090201045169,HIDCL,35,6,534,156.00,"83,304.00"
2020-09-02,2020090201045168,HIDCL,35,55,100,156.00,"15,600.00"
2020-09-02,2020090201045167,HIDCL,35,37,366,156.00,"57,096.00"
2020-09-02,2020090201045149,HIDCL,40,37,57,156.00,"8,892.00"
2020-09-02,2020090201044886,HIDCL,44,37,200,156.00,"31,200.00"
2020-09-02,2020090201045162,HURJA,57,10,20,107.00,"2,140.00"
2020-09-02,2020090201044964,HURJA,42,10,20,107.00,"2,140.00"
2020-09-02,2020090201045078,IGI,38,17,170,525.00,"89,250.00"
2020-09-02,2020090201045077,IGI,11,17,100,526.00,"52,600.00"
2020-09-02,2020090201045076,IGI,7,17,70,526.00,"36,820.00"
2020-09-02,2020090201044983,IGI,7,57,382,526.00,"200,932.00"
2020-09-02,2020090201044982,IGI,46,57,36,526.00,"18,936.00"
2020-09-02,2020090201044981,IGI,49,57,182,527.00,"95,914.00"
2020-09-02,2020090201044951,IGI,49,11,100,527.00,"52,700.00"
2020-09-02,2020090201045142,ILBS,51,36,100,775.00,"77,500.00"
2020-09-02,2020090201045157,JBBL,35,49,10,174.00,"1,740.00"
2020-09-02,2020090201044792,JFL,29,13,50,167.00,"8,350.00"
2020-09-02,2020090201044791,JFL,6,13,100,167.00,"16,700.00"
2020-09-02,2020090201045105,JSLBB,25,44,10,"1,400.00","14,000.00"
2020-09-02,2020090201045104,JSLBB,56,44,43,"1,405.00","60,415.00"
2020-09-02,2020090201045103,JSLBB,45,44,66,"1,406.00","92,796.00"
2020-09-02,2020090201045203,KBL,59,29,200,193.00,"38,600.00"
2020-09-02,2020090201045025,KMCDB,35,16,20,762.00,"15,240.00"
2020-09-02,2020090201044900,KMCDB,53,50,50,761.00,"38,050.00"
2020-09-02,2020090201045101,KSBBL,35,53,200,148.00,"29,600.00"
2020-09-02,2020090201045100,KSBBL,35,34,400,148.00,"59,200.00"
2020-09-02,2020090201045099,KSBBL,35,42,200,148.00,"29,600.00"
2020-09-02,2020090201045098,KSBBL,35,34,703,148.00,"104,044.00"
2020-09-02,2020090201045097,KSBBL,35,25,"1,000",148.00,"148,000.00"
2020-09-02,2020090201045096,KSBBL,35,45,569,148.00,"84,212.00"
2020-09-02,2020090201045095,KSBBL,35,45,240,148.00,"35,520.00"
2020-09-02,2020090201045254,LGIL,35,42,50,517.00,"25,850.00"
2020-09-02,2020090201045114,LGIL,34,11,100,515.00,"51,500.00"
2020-09-02,2020090201045001,LGIL,34,16,100,515.00,"51,500.00"
2020-09-02,2020090201044818,LLBS,25,35,26,"1,142.00","29,692.00"
2020-09-02,2020090201045183,MBL,32,5,100,232.00,"23,200.00"
2020-09-02,2020090201045182,MBL,8,5,400,232.00,"92,800.00"
2020-09-02,2020090201044957,MBL,52,59,50,232.00,"11,600.00"
2020-09-02,2020090201044956,MBL,25,59,150,232.00,"34,800.00"
2020-09-02,2020090201044882,MBL,25,44,50,232.00,"11,600.00"
2020-09-02,2020090201045166,MEGA,21,35,569,226.00,"128,594.00"
2020-09-02,2020090201045165,MEGA,33,35,200,226.00,"45,200.00"
2020-09-02,2020090201045164,MEGA,35,35,692,226.00,"156,392.00"
2020-09-02,2020090201045163,MEGA,14,35,200,227.00,"45,400.00"
2020-09-02,2020090201045061,MEGA,43,36,10,228.00,"2,280.00"
2020-09-02,2020090201044884,MEGA,47,17,500,227.00,"113,500.00"
2020-09-02,2020090201044883,MEGA,16,17,200,227.00,"45,400.00"
2020-09-02,2020090201044986,MEGA,46,36,100,228.00,"22,800.00"
2020-09-02,2020090201044885,MEGA,14,17,300,227.00,"68,100.00"
2020-09-02,2020090201045240,MFIL,43,17,10,282.00,"2,820.00"
2020-09-02,2020090201045136,MFIL,49,55,117,278.00,"32,526.00"
2020-09-02,2020090201044849,MNBBL,59,42,10,330.00,"3,300.00"
2020-09-02,2020090201044958,NABIL,25,29,10,858.00,"8,580.00"
2020-09-02,2020090201045156,NBB,37,17,236,201.00,"47,436.00"
2020-09-02,2020090201045155,NBB,32,17,200,202.00,"40,400.00"
2020-09-02,2020090201045154,NBB,56,17,300,202.00,"60,600.00"
2020-09-02,2020090201045153,NBB,43,17,100,202.00,"20,200.00"
2020-09-02,2020090201044954,NBB,59,22,38,203.00,"7,714.00"
2020-09-02,2020090201044953,NBB,59,41,42,203.00,"8,526.00"
2020-09-02,2020090201045272,NBL,52,18,132,299.00,"39,468.00"
2020-09-02,2020090201045271,NBL,58,18,20,299.00,"5,980.00"
2020-09-02,2020090201045255,NBL,35,17,200,300.00,"60,000.00"
2020-09-02,2020090201045220,NBL,52,17,178,300.00,"53,400.00"
2020-09-02,2020090201045219,NBL,52,10,822,299.00,"245,778.00"
2020-09-02,2020090201045216,NBL,13,10,50,299.00,"14,950.00"
2020-09-02,2020090201044778,NBL,45,17,100,299.00,"29,900.00"
2020-09-02,2020090201044777,NBL,25,17,300,299.00,"89,700.00"
2020-09-02,2020090201044776,NBL,52,17,100,299.00,"29,900.00"
2020-09-02,2020090201044775,NBL,38,17,40,299.00,"11,960.00"
2020-09-02,2020090201044774,NBL,59,17,"1,000",299.00,"299,000.00"
2020-09-02,2020090201044773,NBL,22,17,"1,000",299.00,"299,000.00"
2020-09-02,2020090201044959,NBL,6,17,13,299.00,"3,887.00"
2020-09-02,2020090201044909,NBL,17,17,50,299.00,"14,950.00"
2020-09-02,2020090201044887,NBL,35,25,"1,000",298.00,"298,000.00"
2020-09-02,2020090201044781,NBL,36,17,400,299.00,"119,600.00"
2020-09-02,2020090201044780,NBL,36,17,"3,300",299.00,"986,700.00"
2020-09-02,2020090201044779,NBL,29,17,200,299.00,"59,800.00"
2020-09-02,2020090201045215,NBL,41,10,500,299.00,"149,500.00"
2020-09-02,2020090201045214,NBL,49,10,500,299.00,"149,500.00"
2020-09-02,2020090201045213,NBL,1,10,500,299.00,"149,500.00"
2020-09-02,2020090201045212,NBL,28,10,"1,128",299.00,"337,272.00"
2020-09-02,2020090201045032,NBL,28,17,"1,872",299.00,"559,728.00"
2020-09-02,2020090201044996,NBL,38,17,300,299.00,"89,700.00"
2020-09-02,2020090201044998,NCCB,34,17,184,197.00,"36,248.00"
2020-09-02,2020090201044997,NCCB,34,50,74,197.00,"14,578.00"
2020-09-02,2020090201045125,NHDL,45,41,10,151.00,"1,510.00"
2020-09-02,2020090201045115,NIB,22,8,49,430.00,"21,070.00"
2020-09-02,2020090201045031,NIBLPF,7,28,100,8.67,867.00
2020-09-02,2020090201045188,NICA,7,41,90,599.00,"53,910.00"
2020-09-02,2020090201045187,NICA,7,13,69,599.00,"41,331.00"
2020-09-02,2020090201045133,NICA,47,13,20,599.00,"11,980.00"
2020-09-02,2020090201045030,NICA,53,13,11,599.00,"6,589.00"
2020-09-02,2020090201045029,NICA,53,45,39,599.00,"23,361.00"
2020-09-02,2020090201044901,NICA,39,39,150,598.00,"89,700.00"
2020-09-02,2020090201044961,NICGF,21,22,"1,000",10.90,"10,900.00"
2020-09-02,2020090201045128,NICL,6,8,100,537.00,"53,700.00"
2020-09-02,2020090201045036,NICL,8,37,329,537.00,"176,673.00"
2020-09-02,2020090201045035,NICL,8,57,100,536.00,"53,600.00"
2020-09-02,2020090201045034,NICL,8,10,200,536.00,"107,200.00"
2020-09-02,2020090201044902,NICL,52,17,50,535.00,"26,750.00"
2020-09-02,2020090201044881,NICL,50,25,41,535.00,"21,935.00"
2020-09-02,2020090201044822,NICL,50,17,159,535.00,"85,065.00"
2020-09-02,2020090201044821,NICL,25,17,50,535.00,"26,750.00"
2020-09-02,2020090201044820,NICL,52,17,50,535.00,"26,750.00"
2020-09-02,2020090201044802,NICL,43,10,10,536.00,"5,360.00"
2020-09-02,2020090201045197,NIL,7,14,20,772.00,"15,440.00"
2020-09-02,2020090201045196,NIL,7,41,50,772.00,"38,600.00"
2020-09-02,2020090201045195,NIL,7,6,294,772.00,"226,968.00"
2020-09-02,2020090201045141,NIL,10,57,85,770.00,"65,450.00"
2020-09-02,2020090201045140,NIL,44,57,100,771.00,"77,100.00"
2020-09-02,2020090201045139,NIL,52,57,15,771.00,"11,565.00"
2020-09-02,2020090201044903,NIL,10,52,200,770.00,"154,000.00"
2020-09-02,2020090201044888,NIL,10,36,300,770.00,"231,000.00"
2020-09-02,2020090201044874,NIL,25,32,40,771.00,"30,840.00"
2020-09-02,2020090201044873,NIL,25,29,160,771.00,"123,360.00"
2020-09-02,2020090201044835,NIL,10,47,10,770.00,"7,700.00"
2020-09-02,2020090201045092,NIL,10,51,200,770.00,"154,000.00"
2020-09-02,2020090201045081,NIL,10,21,50,770.00,"38,500.00"
2020-09-02,2020090201045069,NIL,6,6,76,772.00,"58,672.00"
2020-09-02,2020090201045068,NIL,6,22,24,771.00,"18,504.00"
2020-09-02,2020090201044979,NIL,34,22,200,771.00,"154,200.00"
2020-09-02,2020090201044960,NIL,34,32,40,771.00,"30,840.00"
2020-09-02,2020090201045249,NLIC,26,14,100,"1,385.00","138,500.00"
2020-09-02,2020090201045152,NLIC,26,49,63,"1,385.00","87,255.00"
2020-09-02,2020090201044973,NLIC,33,49,37,"1,385.00","51,245.00"
2020-09-02,2020090201044913,NLIC,33,5,91,"1,385.00","126,035.00"
2020-09-02,2020090201044912,NLIC,33,52,50,"1,385.00","69,250.00"
2020-09-02,2020090201045270,NLICL,51,53,50,777.00,"38,850.00"
2020-09-02,2020090201045237,NLICL,11,49,20,780.00,"15,600.00"
2020-09-02,2020090201045236,NLICL,11,22,201,780.00,"156,780.00"
2020-09-02,2020090201045235,NLICL,11,34,50,780.00,"39,000.00"
2020-09-02,2020090201045234,NLICL,11,51,20,780.00,"15,600.00"
2020-09-02,2020090201045233,NLICL,11,46,109,780.00,"85,020.00"
2020-09-02,2020090201045232,NLICL,11,49,100,779.00,"77,900.00"
2020-09-02,2020090201045231,NLICL,11,43,500,779.00,"389,500.00"
2020-09-02,2020090201045066,NLICL,43,57,100,777.00,"77,700.00"
2020-09-02,2020090201044895,NLICL,32,52,41,777.00,"31,857.00"
2020-09-02,2020090201045266,NMB,54,33,300,435.00,"130,500.00"
2020-09-02,2020090201045258,NMB,35,33,100,435.00,"43,500.00"
2020-09-02,2020090201045186,NMB,35,57,74,435.00,"32,190.00"
2020-09-02,2020090201045185,NMB,35,38,200,435.00,"87,000.00"
2020-09-02,2020090201045184,NMB,35,48,226,435.00,"98,310.00"
2020-09-02,2020090201045043,NMB,14,42,229,434.00,"99,386.00"
2020-09-02,2020090201045010,NMB,14,57,100,434.00,"43,400.00"
2020-09-02,2020090201045009,NMB,14,40,182,434.00,"78,988.00"
2020-09-02,2020090201044829,NMB,46,48,30,433.00,"12,990.00"
2020-09-02,2020090201045026,NMB,14,50,250,434.00,"108,500.00"
2020-09-02,2020090201045015,NMB,14,36,50,434.00,"21,700.00"
2020-09-02,2020090201045014,NMB,14,45,100,434.00,"43,400.00"
2020-09-02,2020090201045013,NMB,14,57,165,434.00,"71,610.00"
2020-09-02,2020090201045012,NMB,14,59,400,434.00,"173,600.00"
2020-09-02,2020090201045011,NMB,14,51,"1,000",434.00,"434,000.00"
2020-09-02,2020090201045159,NMFBS,57,35,10,"1,560.00","15,600.00"
2020-09-02,2020090201045269,NRIC,53,47,100,901.00,"90,100.00"
2020-09-02,2020090201045265,NRIC,53,11,500,901.00,"450,500.00"
2020-09-02,2020090201045263,NRIC,35,59,160,904.00,"144,640.00"
2020-09-02,2020090201045262,NRIC,35,59,200,903.00,"180,600.00"
2020-09-02,2020090201045261,NRIC,35,52,100,903.00,"90,300.00"
2020-09-02,2020090201045260,NRIC,35,5,40,902.00,"36,080.00"
2020-09-02,2020090201044796,NRIC,46,54,40,901.00,"36,040.00"
2020-09-02,2020090201044795,NRIC,46,56,500,900.00,"450,000.00"
2020-09-02,2020090201044794,NRIC,46,21,269,900.00,"242,100.00"
2020-09-02,2020090201044827,NRIC,42,26,50,903.00,"45,150.00"
2020-09-02,2020090201044826,NRIC,42,59,30,903.00,"27,090.00"
2020-09-02,2020090201044819,NRIC,46,50,40,901.00,"36,040.00"
2020-09-02,2020090201044815,NRIC,46,42,10,901.00,"9,010.00"
2020-09-02,2020090201044801,NRIC,46,38,40,901.00,"36,040.00"
2020-09-02,2020090201044800,NRIC,46,37,40,901.00,"36,040.00"
2020-09-02,2020090201044846,NRIC,59,56,40,905.00,"36,200.00"
2020-09-02,2020090201044845,NRIC,41,35,40,904.00,"36,160.00"
2020-09-02,2020090201044844,NRIC,41,57,40,904.00,"36,160.00"
2020-09-02,2020090201044843,NRIC,42,57,40,903.00,"36,120.00"
2020-09-02,2020090201044838,NRIC,42,42,20,903.00,"18,060.00"
2020-09-02,2020090201044828,NRIC,42,19,200,903.00,"180,600.00"
2020-09-02,2020090201044853,NRIC,46,6,61,901.00,"54,961.00"
2020-09-02,2020090201044852,NRIC,44,6,80,903.00,"72,240.00"
2020-09-02,2020090201044851,NRIC,42,6,"2,360",903.00,"2,131,080.00"
2020-09-02,2020090201044850,NRIC,41,6,40,904.00,"36,160.00"
2020-09-02,2020090201044848,NRIC,59,45,20,905.00,"18,100.00"
2020-09-02,2020090201044847,NRIC,59,41,40,905.00,"36,200.00"
2020-09-02,2020090201044859,NRIC,44,6,100,896.00,"89,600.00"
2020-09-02,2020090201044858,NRIC,57,6,20,899.00,"17,980.00"
2020-09-02,2020090201044857,NRIC,41,6,15,900.00,"13,500.00"
2020-09-02,2020090201044856,NRIC,46,6,12,900.00,"10,800.00"
2020-09-02,2020090201044855,NRIC,20,6,100,900.00,"90,000.00"
2020-09-02,2020090201044854,NRIC,36,6,200,901.00,"180,200.00"
2020-09-02,2020090201044866,NRIC,57,6,100,895.00,"89,500.00"
2020-09-02,2020090201044865,NRIC,49,6,110,895.00,"98,450.00"
2020-09-02,2020090201044863,NRIC,26,6,100,895.00,"89,500.00"
2020-09-02,2020090201044862,NRIC,49,6,50,895.00,"44,750.00"
2020-09-02,2020090201044861,NRIC,26,6,100,895.00,"89,500.00"
2020-09-02,2020090201044860,NRIC,6,6,100,895.00,"89,500.00"
2020-09-02,2020090201044880,NRIC,57,6,60,895.00,"53,700.00"
2020-09-02,2020090201044879,NRIC,13,6,200,895.00,"179,000.00"
2020-09-02,2020090201044877,NRIC,56,6,100,895.00,"89,500.00"
2020-09-02,2020090201044872,NRIC,33,6,20,895.00,"17,900.00"
2020-09-02,2020090201044870,NRIC,22,6,400,895.00,"358,000.00"
2020-09-02,2020090201044869,NRIC,35,6,50,895.00,"44,750.00"
2020-09-02,2020090201044920,NRIC,55,32,40,895.00,"35,800.00"
2020-09-02,2020090201044919,NRIC,55,6,42,895.00,"37,590.00"
2020-09-02,2020090201044917,NRIC,33,6,400,895.00,"358,000.00"
2020-09-02,2020090201044916,NRIC,59,6,100,895.00,"89,500.00"
2020-09-02,2020090201044915,NRIC,44,6,50,895.00,"44,750.00"
2020-09-02,2020090201044898,NRIC,25,6,30,895.00,"26,850.00"
2020-09-02,2020090201044977,NRIC,51,49,10,903.00,"9,030.00"
2020-09-02,2020090201044976,NRIC,51,36,40,901.00,"36,040.00"
2020-09-02,2020090201044975,NRIC,13,34,50,901.00,"45,050.00"
2020-09-02,2020090201044974,NRIC,13,48,30,900.00,"27,000.00"
2020-09-02,2020090201044952,NRIC,34,40,40,899.00,"35,960.00"
2020-09-02,2020090201044945,NRIC,34,22,50,897.00,"44,850.00"
2020-09-02,2020090201045083,NRIC,44,59,30,903.00,"27,090.00"
2020-09-02,2020090201045082,NRIC,42,59,10,903.00,"9,030.00"
2020-09-02,2020090201045021,NRIC,42,49,30,903.00,"27,090.00"
2020-09-02,2020090201045002,NRIC,42,1,40,900.00,"36,000.00"
2020-09-02,2020090201044985,NRIC,44,45,170,905.00,"153,850.00"
2020-09-02,2020090201044984,NRIC,44,49,30,903.00,"27,090.00"
2020-09-02,2020090201045113,NRIC,59,59,50,904.00,"45,200.00"
2020-09-02,2020090201045112,NRIC,59,1,40,903.00,"36,120.00"
2020-09-02,2020090201045111,NRIC,59,47,10,903.00,"9,030.00"
2020-09-02,2020090201045094,NRIC,53,14,870,900.00,"783,000.00"
2020-09-02,2020090201045093,NRIC,57,14,130,900.00,"117,000.00"
2020-09-02,2020090201045091,NRIC,59,47,30,903.00,"27,090.00"
2020-09-02,2020090201045144,NRIC,47,13,40,900.00,"36,000.00"
2020-09-02,2020090201045137,NRIC,47,36,20,900.00,"18,000.00"
2020-09-02,2020090201045130,NRIC,47,49,40,900.00,"36,000.00"
2020-09-02,2020090201045126,NRIC,47,54,370,900.00,"333,000.00"
2020-09-02,2020090201045119,NRIC,34,44,40,899.00,"35,960.00"
2020-09-02,2020090201045118,NRIC,53,54,130,900.00,"117,000.00"
2020-09-02,2020090201045211,NRIC,10,59,50,904.00,"45,200.00"
2020-09-02,2020090201045204,NRIC,7,59,50,904.00,"45,200.00"
2020-09-02,2020090201045190,NRIC,13,59,20,904.00,"18,080.00"
2020-09-02,2020090201045170,NRIC,18,13,40,901.00,"36,040.00"
2020-09-02,2020090201045161,NRIC,44,13,10,900.00,"9,000.00"
2020-09-02,2020090201045160,NRIC,47,13,30,900.00,"27,000.00"
2020-09-02,2020090201045259,NRIC,53,4,50,901.00,"45,050.00"
2020-09-02,2020090201045241,NRIC,53,52,40,901.00,"36,040.00"
2020-09-02,2020090201045229,NRIC,53,56,140,901.00,"126,140.00"
2020-09-02,2020090201045228,NRIC,18,56,60,901.00,"54,060.00"
2020-09-02,2020090201045221,NRIC,59,59,100,904.00,"90,400.00"
2020-09-02,2020090201045218,NRIC,56,59,50,904.00,"45,200.00"
2020-09-02,2020090201044972,NRN,32,36,10,489.00,"4,890.00"
2020-09-02,2020090201044911,NRN,32,47,10,489.00,"4,890.00"
2020-09-02,2020090201044871,NSEWA,38,51,50,705.00,"35,250.00"
2020-09-02,2020090201045200,NUBL,34,35,384,977.00,"375,168.00"
2020-09-02,2020090201045199,NUBL,52,35,10,979.00,"9,790.00"
2020-09-02,2020090201045117,NUBL,52,7,15,979.00,"14,685.00"
2020-09-02,2020090201045116,NUBL,28,7,35,979.00,"34,265.00"
2020-09-02,2020090201044918,NUBL,28,47,15,979.00,"14,685.00"
2020-09-02,2020090201045007,PCBL,26,22,116,285.00,"33,060.00"
2020-09-02,2020090201045006,PCBL,14,22,100,285.00,"28,500.00"
2020-09-02,2020090201045005,PCBL,7,22,99,285.00,"28,215.00"
2020-09-02,2020090201045004,PCBL,7,22,50,285.00,"14,250.00"
2020-09-02,2020090201045003,PCBL,10,22,141,285.00,"40,185.00"
2020-09-02,2020090201044817,PCBL,10,4,159,285.00,"45,315.00"
2020-09-02,2020090201044816,PCBL,14,4,250,285.00,"71,250.00"
2020-09-02,2020090201045194,PIC,47,32,13,750.00,"9,750.00"
2020-09-02,2020090201045193,PIC,47,42,20,750.00,"15,000.00"
2020-09-02,2020090201045192,PIC,47,38,17,750.00,"12,750.00"
2020-09-02,2020090201045110,PIC,13,38,50,750.00,"37,500.00"
2020-09-02,2020090201045071,PIC,19,38,60,750.00,"45,000.00"
2020-09-02,2020090201045033,PIC,48,55,100,746.00,"74,600.00"
2020-09-02,2020090201044840,PIC,54,38,330,750.00,"247,500.00"
2020-09-02,2020090201044839,PIC,54,41,170,747.00,"126,990.00"
2020-09-02,2020090201045138,PICL,29,57,110,527.00,"57,970.00"
2020-09-02,2020090201045120,PICL,52,44,100,530.00,"53,000.00"
2020-09-02,2020090201044944,PICL,29,17,770,527.00,"405,790.00"
2020-09-02,2020090201044943,PICL,16,17,100,528.00,"52,800.00"
2020-09-02,2020090201044942,PICL,21,17,75,529.00,"39,675.00"
2020-09-02,2020090201044941,PICL,11,17,55,530.00,"29,150.00"
2020-09-02,2020090201045087,PLIC,16,22,200,635.00,"127,000.00"
2020-09-02,2020090201044970,PLIC,52,32,42,634.00,"26,628.00"
2020-09-02,2020090201044962,PLIC,52,25,100,634.00,"63,400.00"
2020-09-02,2020090201045210,PRIN,28,53,473,585.00,"276,705.00"
2020-09-02,2020090201045209,PRIN,19,53,100,585.00,"58,500.00"
2020-09-02,2020090201045208,PRIN,43,53,40,586.00,"23,440.00"
2020-09-02,2020090201044789,PRIN,40,17,34,583.00,"19,822.00"
2020-09-02,2020090201044788,PRIN,8,17,100,583.00,"58,300.00"
2020-09-02,2020090201044787,PRIN,3,17,200,583.00,"116,600.00"
2020-09-02,2020090201044786,PRIN,3,17,50,583.00,"29,150.00"
2020-09-02,2020090201044785,PRIN,51,17,10,583.00,"5,830.00"
2020-09-02,2020090201044784,PRIN,56,17,10,584.00,"5,840.00"
2020-09-02,2020090201044783,PRIN,46,17,72,584.00,"42,048.00"
2020-09-02,2020090201044782,PRIN,43,17,100,585.00,"58,500.00"
2020-09-02,2020090201044963,PRVU,57,28,50,237.00,"11,850.00"
2020-09-02,2020090201045227,RADHI,10,59,12,209.00,"2,508.00"
2020-09-02,2020090201045226,RADHI,10,14,218,209.00,"45,562.00"
2020-09-02,2020090201045225,RADHI,10,25,50,209.00,"10,450.00"
2020-09-02,2020090201045224,RADHI,10,34,20,209.00,"4,180.00"
2020-09-02,2020090201045223,RADHI,10,6,12,209.00,"2,508.00"
2020-09-02,2020090201045222,RADHI,10,28,11,208.00,"2,288.00"
2020-09-02,2020090201045239,RHPC,40,52,200,99.00,"19,800.00"
2020-09-02,2020090201045067,RHPL,34,36,50,173.00,"8,650.00"
2020-09-02,2020090201045206,RRHP,47,28,10,116.00,"1,160.00"
2020-09-02,2020090201045205,RRHP,47,14,10,116.00,"1,160.00"
2020-09-02,2020090201045245,RSDC,42,35,51,533.00,"27,183.00"
2020-09-02,2020090201045244,RSDC,13,35,140,533.00,"74,620.00"
2020-09-02,2020090201044799,RSDC,49,35,10,533.00,"5,330.00"
2020-09-02,2020090201045079,SABSL,13,41,11,825.00,"9,075.00"
2020-09-02,2020090201045088,SAEF,56,49,"1,060",10.08,"10,684.80"
2020-09-02,2020090201045055,SBL,33,57,10,308.00,"3,080.00"
2020-09-02,2020090201045054,SBL,33,42,330,308.00,"101,640.00"
2020-09-02,2020090201045053,SBL,33,41,200,308.00,"61,600.00"
2020-09-02,2020090201045052,SBL,33,57,24,308.00,"7,392.00"
2020-09-02,2020090201045051,SBL,33,48,704,308.00,"216,832.00"
2020-09-02,2020090201045207,SCB,7,22,65,668.00,"43,420.00"
2020-09-02,2020090201045180,SCB,13,22,25,668.00,"16,700.00"
2020-09-02,2020090201045179,SCB,13,33,175,668.00,"116,900.00"
2020-09-02,2020090201045109,SCB,17,33,100,668.00,"66,800.00"
2020-09-02,2020090201045062,SCB,59,33,100,668.00,"66,800.00"
2020-09-02,2020090201044980,SCB,17,33,100,668.00,"66,800.00"
2020-09-02,2020090201044790,SCB,10,33,400,668.00,"267,200.00"
2020-09-02,2020090201045090,SDLBSL,49,37,10,829.00,"8,290.00"
2020-09-02,2020090201044825,SHINE,34,34,141,239.00,"33,699.00"
2020-09-02,2020090201044824,SHINE,26,34,59,239.00,"14,101.00"
2020-09-02,2020090201045121,SHIVM,4,8,80,741.00,"59,280.00"
2020-09-02,2020090201045102,SHIVM,4,33,100,741.00,"74,100.00"
2020-09-02,2020090201044971,SHIVM,4,8,400,741.00,"296,400.00"
2020-09-02,2020090201044940,SHIVM,4,48,"2,000",741.00,"1,482,000.00"
2020-09-02,2020090201044939,SHIVM,4,58,80,741.00,"59,280.00"
2020-09-02,2020090201044938,SHIVM,4,28,150,740.00,"111,000.00"
2020-09-02,2020090201044937,SHIVM,4,16,190,740.00,"140,600.00"
2020-09-02,2020090201044897,SHIVM,34,16,10,740.00,"7,400.00"
2020-09-02,2020090201044896,SHIVM,34,41,20,740.00,"14,800.00"
2020-09-02,2020090201044889,SHIVM,34,41,50,740.00,"37,000.00"
2020-09-02,2020090201045080,SHL,38,57,225,157.00,"35,325.00"
2020-09-02,2020090201045086,SICL,44,6,526,"1,295.00","681,170.00"
2020-09-02,2020090201044935,SICL,49,40,102,"1,310.00","133,620.00"
2020-09-02,2020090201044934,SICL,49,14,32,"1,305.00","41,760.00"
2020-09-02,2020090201044933,SICL,49,50,200,"1,300.00","260,000.00"
2020-09-02,2020090201044932,SICL,49,1,753,"1,300.00","978,900.00"
2020-09-02,2020090201044931,SICL,49,49,150,"1,300.00","195,000.00"
2020-09-02,2020090201044924,SICL,49,50,500,"1,299.00","649,500.00"
2020-09-02,2020090201044923,SICL,49,56,30,"1,299.00","38,970.00"
2020-09-02,2020090201044922,SICL,49,33,36,"1,299.00","46,764.00"
2020-09-02,2020090201044921,SICL,49,25,30,"1,298.00","38,940.00"
2020-09-02,2020090201044830,SICL,44,49,60,"1,295.00","77,700.00"
2020-09-02,2020090201044930,SICL,49,32,30,"1,300.00","39,000.00"
2020-09-02,2020090201044929,SICL,49,7,100,"1,300.00","130,000.00"
2020-09-02,2020090201044928,SICL,49,17,300,"1,300.00","390,000.00"
2020-09-02,2020090201044927,SICL,49,53,100,"1,300.00","130,000.00"
2020-09-02,2020090201044926,SICL,49,5,60,"1,300.00","78,000.00"
2020-09-02,2020090201044925,SICL,49,56,77,"1,300.00","100,100.00"
2020-09-02,2020090201045148,SIL,44,10,85,750.00,"63,750.00"
2020-09-02,2020090201045147,SIL,44,41,50,750.00,"37,500.00"
2020-09-02,2020090201045146,SIL,44,41,100,749.00,"74,900.00"
2020-09-02,2020090201045145,SIL,44,36,65,746.00,"48,490.00"
2020-09-02,2020090201045070,SIL,17,36,85,746.00,"63,410.00"
2020-09-02,2020090201044899,SIL,43,6,10,748.00,"7,480.00"
2020-09-02,2020090201044841,SIL,17,59,"1,000",746.00,"746,000.00"
2020-09-02,2020090201045129,SJCL,13,36,20,156.00,"3,120.00"
2020-09-02,2020090201044950,SJCL,34,39,100,157.00,"15,700.00"
2020-09-02,2020090201044949,SJCL,37,39,200,157.00,"31,400.00"
2020-09-02,2020090201044948,SJCL,37,39,41,157.00,"6,437.00"
2020-09-02,2020090201044910,SJCL,37,49,20,157.00,"3,140.00"
2020-09-02,2020090201044868,SKBBL,57,22,10,"1,345.00","13,450.00"
2020-09-02,2020090201044867,SKBBL,50,22,29,"1,345.00","39,005.00"
2020-09-02,2020090201045174,SLBSL,45,35,13,818.00,"10,634.00"
2020-09-02,2020090201045158,SLICL,18,7,100,561.00,"56,100.00"
2020-09-02,2020090201045135,SLICL,34,1,277,560.00,"155,120.00"
2020-09-02,2020090201045134,SLICL,16,1,223,560.00,"124,880.00"
2020-09-02,2020090201045108,SLICL,16,7,102,560.00,"57,120.00"
2020-09-02,2020090201045028,SLICL,16,35,325,560.00,"182,000.00"
2020-09-02,2020090201045027,SLICL,33,35,75,560.00,"42,000.00"
2020-09-02,2020090201045022,SLICL,33,10,140,560.00,"78,400.00"
2020-09-02,2020090201045019,SLICL,33,52,285,560.00,"159,600.00"
2020-09-02,2020090201045018,SLICL,22,52,75,560.00,"42,000.00"
2020-09-02,2020090201045017,SLICL,43,52,100,561.00,"56,100.00"
2020-09-02,2020090201045016,SLICL,18,52,100,561.00,"56,100.00"
2020-09-02,2020090201044837,SLICL,19,41,100,562.00,"56,200.00"
2020-09-02,2020090201045089,SMFBS,39,36,50,"1,002.00","50,100.00"
2020-09-02,2020090201045247,UIC,37,7,428,419.00,"179,332.00"
2020-09-02,2020090201045246,UIC,38,7,372,419.00,"155,868.00"
2020-09-02,2020090201044798,UPCL,35,44,50,83.00,"4,150.00"
2020-09-02,2020090201044955,UPPER,57,22,10,254.00,"2,540.00"
2020-09-02,2020090201044875,UPPER,57,44,40,254.00,"10,160.00"
2020-09-02,2020090201045267,USLB,48,14,16,827.00,"13,232.00"
2020-09-02,2020090201044999,VLBS,42,47,15,947.00,"14,205.00"
2020-09-02,2020090201044965,VLBS,42,44,13,947.00,"12,311.00"
2020-09-02,2020090201045253,WOMI,33,14,30,890.00,"26,700.00"
2020-09-02,2020090201045252,WOMI,47,14,10,890.00,"8,900.00"
2020-09-02,2020090201045251,WOMI,18,14,50,890.00,"44,500.00"
2020-09-02,2020090201045250,WOMI,17,14,10,891.00,"8,910.00"
2020-09-02,2020090201044355,ACLBSL,47,58,15,701.00,"10,515.00"
2020-09-02,2020090201044354,ACLBSL,6,58,100,701.00,"70,100.00"
2020-09-02,2020090201044353,ACLBSL,25,58,100,701.00,"70,100.00"
2020-09-02,2020090201044352,ACLBSL,34,58,50,701.00,"35,050.00"
2020-09-02,2020090201044351,ACLBSL,21,58,35,701.00,"24,535.00"
2020-09-02,2020090201044668,ADBL,49,53,43,438.00,"18,834.00"
2020-09-02,2020090201044667,ADBL,49,40,200,438.00,"87,600.00"
2020-09-02,2020090201044666,ADBL,49,45,200,438.00,"87,600.00"
2020-09-02,2020090201044665,ADBL,49,17,20,438.00,"8,760.00"
2020-09-02,2020090201044664,ADBL,49,54,50,438.00,"21,900.00"
2020-09-02,2020090201044663,ADBL,49,44,487,438.00,"213,306.00"
2020-09-02,2020090201044488,ADBL,26,51,200,437.00,"87,400.00"
2020-09-02,2020090201044487,ADBL,26,44,"1,400",437.00,"611,800.00"
2020-09-02,2020090201044752,AIL,21,41,30,519.00,"15,570.00"
2020-09-02,2020090201044677,AIL,21,37,10,519.00,"5,190.00"
2020-09-02,2020090201044538,AIL,21,45,10,519.00,"5,190.00"
2020-09-02,2020090201044423,AIL,21,40,100,519.00,"51,900.00"
2020-09-02,2020090201044689,ALBSL,28,16,39,809.00,"31,551.00"
2020-09-02,2020090201044688,ALBSL,28,42,25,808.00,"20,200.00"
2020-09-02,2020090201044687,ALBSL,28,5,26,808.00,"21,008.00"
2020-09-02,2020090201044686,ALBSL,28,53,100,807.00,"80,700.00"
2020-09-02,2020090201044685,ALBSL,28,1,11,807.00,"8,877.00"
2020-09-02,2020090201044684,ALBSL,28,57,149,807.00,"120,243.00"
2020-09-02,2020090201044425,ALBSL,28,39,30,804.00,"24,120.00"
2020-09-02,2020090201044424,ALBSL,28,6,100,802.00,"80,200.00"
2020-09-02,2020090201044431,ALBSL,28,57,22,807.00,"17,754.00"
2020-09-02,2020090201044430,ALBSL,28,38,15,807.00,"12,105.00"
2020-09-02,2020090201044429,ALBSL,28,29,100,807.00,"80,700.00"
2020-09-02,2020090201044428,ALBSL,28,33,50,806.00,"40,300.00"
2020-09-02,2020090201044427,ALBSL,28,43,50,806.00,"40,300.00"
2020-09-02,2020090201044426,ALBSL,28,29,133,805.00,"107,065.00"
2020-09-02,2020090201044521,ALICL,16,18,50,720.00,"36,000.00"
2020-09-02,2020090201044446,BARUN,59,41,58,106.00,"6,148.00"
2020-09-02,2020090201044445,BARUN,42,41,42,106.00,"4,452.00"
2020-09-02,2020090201044525,BFC,5,32,100,105.00,"10,500.00"
2020-09-02,2020090201044604,BNT,42,14,30,"6,400.00","192,000.00"
2020-09-02,2020090201044657,BOKL,22,49,100,236.00,"23,600.00"
2020-09-02,2020090201044656,BOKL,22,25,106,236.00,"25,016.00"
2020-09-02,2020090201044655,BOKL,22,19,123,236.00,"29,028.00"
2020-09-02,2020090201044654,BOKL,22,16,500,236.00,"118,000.00"
2020-09-02,2020090201044653,BOKL,22,49,25,236.00,"5,900.00"
2020-09-02,2020090201044556,BOKL,33,49,25,236.00,"5,900.00"
2020-09-02,2020090201044651,BPCL,34,33,50,397.00,"19,850.00"
2020-09-02,2020090201044650,BPCL,42,33,50,397.00,"19,850.00"
2020-09-02,2020090201044649,BPCL,55,33,400,397.00,"158,800.00"
2020-09-02,2020090201044628,BPCL,37,34,250,399.00,"99,750.00"
2020-09-02,2020090201044528,BPCL,55,19,100,397.00,"39,700.00"
2020-09-02,2020090201044527,BPCL,55,19,400,397.00,"158,800.00"
2020-09-02,2020090201044285,BPCL,8,49,200,399.00,"79,800.00"
2020-09-02,2020090201044635,CBBL,22,47,30,"1,103.00","33,090.00"
2020-09-02,2020090201044701,CBL,40,44,412,148.00,"60,976.00"
2020-09-02,2020090201044700,CBL,40,25,100,148.00,"14,800.00"
2020-09-02,2020090201044699,CBL,40,40,52,148.00,"7,696.00"
2020-09-02,2020090201044698,CBL,40,17,436,148.00,"64,528.00"
2020-09-02,2020090201044562,CBL,40,22,98,147.00,"14,406.00"
2020-09-02,2020090201044503,CBL,43,17,10,148.00,"1,480.00"
2020-09-02,2020090201044306,CBL,40,29,18,147.00,"2,646.00"
2020-09-02,2020090201044742,CCBL,51,56,791,176.00,"139,216.00"
2020-09-02,2020090201044738,CHCL,42,51,60,452.00,"27,120.00"
2020-09-02,2020090201044629,CHCL,42,26,100,452.00,"45,200.00"
2020-09-02,2020090201044619,CZBIL,57,16,100,197.00,"19,700.00"
2020-09-02,2020090201044618,CZBIL,34,16,257,197.00,"50,629.00"
2020-09-02,2020090201044617,CZBIL,44,16,59,197.00,"11,623.00"
2020-09-02,2020090201044706,DDBL,49,25,50,880.00,"44,000.00"
2020-09-02,2020090201044676,DDBL,1,38,10,881.00,"8,810.00"
2020-09-02,2020090201044583,EBL,41,51,50,743.00,"37,150.00"
2020-09-02,2020090201044582,EBL,41,51,75,743.00,"55,725.00"
2020-09-02,2020090201044530,EDBL,38,44,463,308.00,"142,604.00"
2020-09-02,2020090201044580,EIC,49,1,100,491.00,"49,100.00"
2020-09-02,2020090201044485,EIC,49,41,100,491.00,"49,100.00"
2020-09-02,2020090201044484,EIC,49,49,40,491.00,"19,640.00"
2020-09-02,2020090201044417,EIC,1,8,72,490.00,"35,280.00"
2020-09-02,2020090201044325,EIC,34,8,200,490.00,"98,000.00"
2020-09-02,2020090201044324,EIC,4,8,186,490.00,"91,140.00"
2020-09-02,2020090201044323,EIC,56,8,50,490.00,"24,500.00"
2020-09-02,2020090201044322,EIC,37,8,30,490.00,"14,700.00"
2020-09-02,2020090201044551,FMDBL,55,43,500,567.00,"283,500.00"
2020-09-02,2020090201044550,FMDBL,40,43,20,568.00,"11,360.00"
2020-09-02,2020090201044549,FMDBL,43,43,20,568.00,"11,360.00"
2020-09-02,2020090201044548,FMDBL,13,43,50,568.00,"28,400.00"
2020-09-02,2020090201044547,FMDBL,40,43,28,568.00,"15,904.00"
2020-09-02,2020090201044433,FMDBL,10,35,150,569.00,"85,350.00"
2020-09-02,2020090201044432,FMDBL,10,29,200,569.00,"113,800.00"
2020-09-02,2020090201044524,FOWAD,13,49,50,"1,575.00","78,750.00"
2020-09-02,2020090201044731,GBIME,36,41,300,265.00,"79,500.00"
2020-09-02,2020090201044695,GBIME,32,39,22,264.00,"5,808.00"
2020-09-02,2020090201044694,GBIME,13,39,178,264.00,"46,992.00"
2020-09-02,2020090201044679,GBIME,57,41,100,265.00,"26,500.00"
2020-09-02,2020090201044607,GBIME,13,48,300,264.00,"79,200.00"
2020-09-02,2020090201044421,GBIME,13,8,870,264.00,"229,680.00"
2020-09-02,2020090201044277,GBIME,42,16,50,264.00,"13,200.00"
2020-09-02,2020090201044276,GBIME,41,16,18,264.00,"4,752.00"
2020-09-02,2020090201044327,GBIME,22,1,150,264.00,"39,600.00"
2020-09-02,2020090201044326,GBIME,45,1,198,264.00,"52,272.00"
2020-09-02,2020090201044281,GBIME,45,16,182,264.00,"48,048.00"
2020-09-02,2020090201044280,GBIME,34,16,30,264.00,"7,920.00"
2020-09-02,2020090201044279,GBIME,41,16,500,264.00,"132,000.00"
2020-09-02,2020090201044278,GBIME,36,16,220,264.00,"58,080.00"
2020-09-02,2020090201044346,GBIME,40,41,40,265.00,"10,600.00"
2020-09-02,2020090201044345,GBIME,40,44,31,265.00,"8,215.00"
2020-09-02,2020090201044344,GBIME,40,1,500,265.00,"132,500.00"
2020-09-02,2020090201044343,GBIME,40,8,300,265.00,"79,500.00"
2020-09-02,2020090201044342,GBIME,40,33,129,265.00,"34,185.00"
2020-09-02,2020090201044328,GBIME,13,1,152,264.00,"40,128.00"
2020-09-02,2020090201044581,GBLBS,44,45,202,529.00,"106,858.00"
2020-09-02,2020090201044568,GILB,44,52,200,"1,195.00","239,000.00"
2020-09-02,2020090201044567,GILB,44,41,120,"1,190.00","142,800.00"
2020-09-02,2020090201044566,GILB,44,14,90,"1,190.00","107,100.00"
2020-09-02,2020090201044565,GILB,44,51,144,"1,188.00","171,072.00"
2020-09-02,2020090201044504,GLBSL,44,32,10,807.00,"8,070.00"
2020-09-02,2020090201044693,GLICL,1,41,79,565.00,"44,635.00"
2020-09-02,2020090201044441,GLICL,53,17,50,570.00,"28,500.00"
2020-09-02,2020090201044440,GLICL,53,48,25,570.00,"14,250.00"
2020-09-02,2020090201044439,GLICL,53,1,23,570.00,"13,110.00"
2020-09-02,2020090201044438,GLICL,53,50,100,569.00,"56,900.00"
2020-09-02,2020090201044621,HBL,10,44,50,572.00,"28,600.00"
2020-09-02,2020090201044623,HDHPC,14,29,10,96.00,960.00
2020-09-02,2020090201044636,HDL,45,6,200,"1,829.00","365,800.00"
2020-09-02,2020090201044540,HDL,5,14,100,"1,824.00","182,400.00"
2020-09-02,2020090201044749,HGI,11,34,196,476.00,"93,296.00"
2020-09-02,2020090201044748,HGI,45,34,104,476.00,"49,504.00"
2020-09-02,2020090201044592,HGI,45,17,50,476.00,"23,800.00"
2020-09-02,2020090201044444,HIDCL,44,37,200,156.00,"31,200.00"
2020-09-02,2020090201044303,IGI,49,29,770,527.00,"405,790.00"
2020-09-02,2020090201044486,JFL,6,6,100,167.00,"16,700.00"
2020-09-02,2020090201044741,JOSHI,53,10,20,66.00,"1,320.00"
2020-09-02,2020090201044321,JOSHI,53,29,20,66.00,"1,320.00"
2020-09-02,2020090201044683,JSLBB,45,40,14,"1,406.00","19,684.00"
2020-09-02,2020090201044559,JSLBB,45,35,29,"1,410.00","40,890.00"
2020-09-02,2020090201044529,KBL,49,37,135,191.00,"25,785.00"
2020-09-02,2020090201044422,KBL,49,29,11,191.00,"2,101.00"
2020-09-02,2020090201044333,KBL,49,34,11,191.00,"2,101.00"
2020-09-02,2020090201044730,KMCDB,33,16,100,762.00,"76,200.00"
2020-09-02,2020090201044729,KMCDB,53,16,260,762.00,"198,120.00"
2020-09-02,2020090201044681,KPCL,6,25,124,126.00,"15,624.00"
2020-09-02,2020090201044680,KPCL,52,25,300,126.00,"37,800.00"
2020-09-02,2020090201044310,KPCL,52,44,10,126.00,"1,260.00"
2020-09-02,2020090201044516,KRBL,48,49,200,107.00,"21,400.00"
2020-09-02,2020090201044735,KSBBL,35,45,450,148.00,"66,600.00"
2020-09-02,2020090201044734,KSBBL,35,45,200,148.00,"29,600.00"
2020-09-02,2020090201044733,KSBBL,35,35,350,148.00,"51,800.00"
2020-09-02,2020090201044732,KSBBL,35,59,"2,000",147.00,"294,000.00"
2020-09-02,2020090201044579,KSBBL,35,17,200,147.00,"29,400.00"
2020-09-02,2020090201044578,KSBBL,35,14,540,147.00,"79,380.00"
2020-09-02,2020090201044577,KSBBL,35,57,100,147.00,"14,700.00"
2020-09-02,2020090201044576,KSBBL,35,29,713,147.00,"104,811.00"
2020-09-02,2020090201044575,KSBBL,35,28,100,146.00,"14,600.00"
2020-09-02,2020090201044574,KSBBL,35,56,68,146.00,"9,928.00"
2020-09-02,2020090201044646,LBBL,7,16,50,187.00,"9,350.00"
2020-09-02,2020090201044645,LBBL,7,44,500,187.00,"93,500.00"
2020-09-02,2020090201044644,LBBL,7,53,400,187.00,"74,800.00"
2020-09-02,2020090201044510,LBBL,25,41,200,186.00,"37,200.00"
2020-09-02,2020090201044755,LGIL,34,16,"1,251",515.00,"644,265.00"
2020-09-02,2020090201044740,LGIL,43,16,200,515.00,"103,000.00"
2020-09-02,2020090201044620,LGIL,45,16,200,515.00,"103,000.00"
2020-09-02,2020090201044511,LGIL,45,16,100,515.00,"51,500.00"
2020-09-02,2020090201044497,LGIL,25,16,149,515.00,"76,735.00"
2020-09-02,2020090201044489,LGIL,32,16,100,515.00,"51,500.00"
2020-09-02,2020090201044469,LGIL,41,26,50,517.00,"25,850.00"
2020-09-02,2020090201044468,LGIL,38,26,56,517.00,"28,952.00"
2020-09-02,2020090201044475,LGIL,35,26,94,515.00,"48,410.00"
2020-09-02,2020090201044474,LGIL,45,26,100,515.00,"51,500.00"
2020-09-02,2020090201044473,LGIL,49,26,100,515.00,"51,500.00"
2020-09-02,2020090201044472,LGIL,45,26,10,515.00,"5,150.00"
2020-09-02,2020090201044471,LGIL,7,26,10,515.00,"5,150.00"
2020-09-02,2020090201044470,LGIL,25,26,80,516.00,"41,280.00"
2020-09-02,2020090201044705,MBL,25,49,"4,000",232.00,"928,000.00"
2020-09-02,2020090201044627,MEGA,43,36,10,228.00,"2,280.00"
2020-09-02,2020090201044502,MEGA,45,16,100,227.00,"22,700.00"
2020-09-02,2020090201044501,MEGA,45,49,39,227.00,"8,853.00"
2020-09-02,2020090201044500,MEGA,45,44,50,227.00,"11,350.00"
2020-09-02,2020090201044499,MEGA,45,6,"2,399",227.00,"544,573.00"
2020-09-02,2020090201044736,MERO,45,32,28,681.00,"19,068.00"
2020-09-02,2020090201044437,MLBBL,14,13,45,760.00,"34,200.00"
2020-09-02,2020090201044436,MLBBL,7,13,200,761.00,"152,200.00"
2020-09-02,2020090201044435,MLBBL,45,13,20,762.00,"15,240.00"
2020-09-02,2020090201044434,MLBBL,21,13,100,763.00,"76,300.00"
2020-09-02,2020090201044375,MNBBL,19,44,300,329.00,"98,700.00"
2020-09-02,2020090201044460,MSMBS,38,44,11,718.00,"7,898.00"
2020-09-02,2020090201044769,NABIL,39,25,289,861.00,"248,829.00"
2020-09-02,2020090201044768,NABIL,39,33,200,860.00,"172,000.00"
2020-09-02,2020090201044767,NABIL,39,34,205,860.00,"176,300.00"
2020-09-02,2020090201044766,NABIL,39,44,200,860.00,"172,000.00"
2020-09-02,2020090201044765,NABIL,39,49,75,860.00,"64,500.00"
2020-09-02,2020090201044764,NABIL,39,40,31,858.00,"26,598.00"
2020-09-02,2020090201044507,NABIL,53,8,34,859.00,"29,206.00"
2020-09-02,2020090201044506,NABIL,21,8,10,859.00,"8,590.00"
2020-09-02,2020090201044300,NABIL,25,28,10,859.00,"8,590.00"
2020-09-02,2020090201044591,NABIL,37,40,350,858.00,"300,300.00"
2020-09-02,2020090201044590,NABIL,49,40,15,858.00,"12,870.00"
2020-09-02,2020090201044589,NABIL,57,40,260,858.00,"223,080.00"
2020-09-02,2020090201044588,NABIL,49,40,94,859.00,"80,746.00"
2020-09-02,2020090201044509,NABIL,49,8,40,859.00,"34,360.00"
2020-09-02,2020090201044508,NABIL,34,8,50,859.00,"42,950.00"
2020-09-02,2020090201044757,NBB,25,41,158,203.00,"32,074.00"
2020-09-02,2020090201044756,NBB,25,47,42,203.00,"8,526.00"
2020-09-02,2020090201044331,NBB,37,35,176,202.00,"35,552.00"
2020-09-02,2020090201044330,NBB,47,35,250,202.00,"50,500.00"
2020-09-02,2020090201044329,NBB,47,35,"1,000",202.00,"202,000.00"
2020-09-02,2020090201044772,NBL,51,17,100,299.00,"29,900.00"
2020-09-02,2020090201044771,NBL,6,17,225,299.00,"67,275.00"
2020-09-02,2020090201044641,NBL,52,17,200,300.00,"60,000.00"
2020-09-02,2020090201044632,NBL,39,17,"1,000",300.00,"300,000.00"
2020-09-02,2020090201044495,NBL,40,17,198,300.00,"59,400.00"
2020-09-02,2020090201044494,NBL,40,44,100,300.00,"30,000.00"
2020-09-02,2020090201044317,NBL,49,25,885,300.00,"265,500.00"
2020-09-02,2020090201044406,NBL,29,8,300,299.00,"89,700.00"
2020-09-02,2020090201044405,NBL,14,8,13,299.00,"3,887.00"
2020-09-02,2020090201044404,NBL,1,8,400,299.00,"119,600.00"
2020-09-02,2020090201044403,NBL,49,8,100,299.00,"29,900.00"
2020-09-02,2020090201044402,NBL,29,8,152,299.00,"45,448.00"
2020-09-02,2020090201044318,NBL,49,49,115,300.00,"34,500.00"
2020-09-02,2020090201044493,NBL,40,25,150,300.00,"45,000.00"
2020-09-02,2020090201044492,NBL,40,49,52,300.00,"15,600.00"
2020-09-02,2020090201044410,NBL,6,8,275,299.00,"82,225.00"
2020-09-02,2020090201044409,NBL,33,8,500,299.00,"149,500.00"
2020-09-02,2020090201044408,NBL,53,8,60,299.00,"17,940.00"
2020-09-02,2020090201044407,NBL,48,8,200,299.00,"59,800.00"
2020-09-02,2020090201044660,NCCB,56,50,10,197.00,"1,970.00"
2020-09-02,2020090201044376,NEF,56,36,"5,040",9.08,"45,763.20"
2020-09-02,2020090201044637,NIB,57,47,100,429.00,"42,900.00"
2020-09-02,2020090201044605,NIB,57,42,19,429.00,"8,151.00"
2020-09-02,2020090201044539,NIB,57,44,19,429.00,"8,151.00"
2020-09-02,2020090201044746,NICA,39,35,100,598.00,"59,800.00"
2020-09-02,2020090201044520,NICA,39,32,100,598.00,"59,800.00"
2020-09-02,2020090201044519,NICA,39,7,33,598.00,"19,734.00"
2020-09-02,2020090201044498,NICA,35,33,"1,100",597.00,"656,700.00"
2020-09-02,2020090201044336,NICBF,41,57,300,10.00,"3,000.00"
2020-09-02,2020090201044615,NICL,33,45,500,537.00,"268,500.00"
2020-09-02,2020090201044614,NICL,33,1,50,537.00,"26,850.00"
2020-09-02,2020090201044613,NICL,33,53,13,537.00,"6,981.00"
2020-09-02,2020090201044612,NICL,33,5,150,537.00,"80,550.00"
2020-09-02,2020090201044388,NICL,52,13,50,535.00,"26,750.00"
2020-09-02,2020090201044387,NICL,34,13,300,535.00,"160,500.00"
2020-09-02,2020090201044386,NICL,50,13,150,536.00,"80,400.00"
2020-09-02,2020090201044332,NICL,50,50,850,536.00,"455,600.00"
2020-09-02,2020090201044305,NICL,34,51,200,535.00,"107,000.00"
2020-09-02,2020090201044302,NICL,13,50,150,536.00,"80,400.00"
2020-09-02,2020090201044717,NIL,10,49,290,770.00,"223,300.00"
2020-09-02,2020090201044715,NIL,25,29,200,771.00,"154,200.00"
2020-09-02,2020090201044709,NIL,10,6,250,770.00,"192,500.00"
2020-09-02,2020090201044697,NIL,26,29,500,771.00,"385,500.00"
2020-09-02,2020090201044678,NIL,10,42,84,770.00,"64,680.00"
2020-09-02,2020090201044662,NIL,48,29,100,771.00,"77,100.00"
2020-09-02,2020090201044309,NIL,18,32,100,771.00,"77,100.00"
2020-09-02,2020090201044284,NIL,10,54,150,770.00,"115,500.00"
2020-09-02,2020090201044552,NIL,10,44,"1,000",770.00,"770,000.00"
2020-09-02,2020090201044531,NIL,14,29,30,771.00,"23,130.00"
2020-09-02,2020090201044526,NIL,6,29,10,771.00,"7,710.00"
2020-09-02,2020090201044401,NIL,10,59,50,770.00,"38,500.00"
2020-09-02,2020090201044400,NIL,10,46,100,770.00,"77,000.00"
2020-09-02,2020090201044691,NLBBL,33,36,400,720.00,"288,000.00"
2020-09-02,2020090201044670,NLG,1,14,20,728.00,"14,560.00"
2020-09-02,2020090201044669,NLG,1,52,120,727.00,"87,240.00"
2020-09-02,2020090201044496,NLG,51,52,130,727.00,"94,510.00"
2020-09-02,2020090201044622,NLIC,43,5,20,"1,385.00","27,700.00"
2020-09-02,2020090201044385,NLIC,33,17,22,"1,384.00","30,448.00"
2020-09-02,2020090201044743,NLICL,32,47,15,777.00,"11,655.00"
2020-09-02,2020090201044600,NLICL,16,46,50,780.00,"39,000.00"
2020-09-02,2020090201044467,NLICL,32,41,444,777.00,"344,988.00"
2020-09-02,2020090201044466,NLICL,44,41,100,778.00,"77,800.00"
2020-09-02,2020090201044465,NLICL,57,41,100,779.00,"77,900.00"
2020-09-02,2020090201044464,NLICL,50,41,187,779.00,"145,673.00"
2020-09-02,2020090201044463,NLICL,42,41,119,780.00,"92,820.00"
2020-09-02,2020090201044462,NLICL,8,41,50,780.00,"39,000.00"
2020-09-02,2020090201044725,NMB,56,40,268,434.00,"116,312.00"
2020-09-02,2020090201044724,NMB,56,44,732,434.00,"317,688.00"
2020-09-02,2020090201044341,NMB,46,44,124,433.00,"53,692.00"
2020-09-02,2020090201044340,NMB,42,44,"1,000",433.00,"433,000.00"
2020-09-02,2020090201044339,NMB,26,44,100,433.00,"43,300.00"
2020-09-02,2020090201044751,NMBHF1,11,21,"1,000",10.03,"10,030.00"
2020-09-02,2020090201044750,NMBHF1,51,21,"2,007",10.03,"20,130.20"
2020-09-02,2020090201044398,NMFBS,33,45,10,"1,577.00","15,770.00"
2020-09-02,2020090201044762,NRIC,10,21,140,900.00,"126,000.00"
2020-09-02,2020090201044761,NRIC,38,21,10,900.00,"9,000.00"
2020-09-02,2020090201044760,NRIC,6,21,10,900.00,"9,000.00"
2020-09-02,2020090201044759,NRIC,21,21,56,900.00,"50,400.00"
2020-09-02,2020090201044758,NRIC,34,21,15,901.00,"13,515.00"
2020-09-02,2020090201044753,NRIC,34,41,40,901.00,"36,040.00"
2020-09-02,2020090201044293,NRIC,14,45,40,900.00,"36,000.00"
2020-09-02,2020090201044292,NRIC,14,50,40,900.00,"36,000.00"
2020-09-02,2020090201044291,NRIC,14,53,180,900.00,"162,000.00"
2020-09-02,2020090201044290,NRIC,57,53,100,900.00,"90,000.00"
2020-09-02,2020090201044283,NRIC,16,53,30,900.00,"27,000.00"
2020-09-02,2020090201044282,NRIC,16,3,20,899.00,"17,980.00"
2020-09-02,2020090201044301,NRIC,41,33,10,900.00,"9,000.00"
2020-09-02,2020090201044298,NRIC,14,33,50,900.00,"45,000.00"
2020-09-02,2020090201044297,NRIC,14,7,50,900.00,"45,000.00"
2020-09-02,2020090201044296,NRIC,14,50,100,900.00,"90,000.00"
2020-09-02,2020090201044295,NRIC,14,25,500,900.00,"450,000.00"
2020-09-02,2020090201044294,NRIC,14,7,40,900.00,"36,000.00"
2020-09-02,2020090201044316,NRIC,26,25,20,900.00,"18,000.00"
2020-09-02,2020090201044315,NRIC,26,49,100,900.00,"90,000.00"
2020-09-02,2020090201044314,NRIC,26,32,240,900.00,"216,000.00"
2020-09-02,2020090201044313,NRIC,26,49,50,900.00,"45,000.00"
2020-09-02,2020090201044312,NRIC,26,11,40,900.00,"36,000.00"
2020-09-02,2020090201044311,NRIC,26,20,50,900.00,"45,000.00"
2020-09-02,2020090201044365,NRIC,34,10,40,900.00,"36,000.00"
2020-09-02,2020090201044364,NRIC,34,34,70,900.00,"63,000.00"
2020-09-02,2020090201044338,NRIC,59,34,30,900.00,"27,000.00"
2020-09-02,2020090201044337,NRIC,59,14,120,900.00,"108,000.00"
2020-09-02,2020090201044320,NRIC,43,14,130,900.00,"117,000.00"
2020-09-02,2020090201044319,NRIC,43,25,20,900.00,"18,000.00"
2020-09-02,2020090201044394,NRIC,16,53,200,900.00,"180,000.00"
2020-09-02,2020090201044393,NRIC,28,53,100,900.00,"90,000.00"
2020-09-02,2020090201044392,NRIC,34,53,810,900.00,"729,000.00"
2020-09-02,2020090201044374,NRIC,10,13,50,901.00,"45,050.00"
2020-09-02,2020090201044373,NRIC,34,52,40,900.00,"36,000.00"
2020-09-02,2020090201044366,NRIC,34,16,40,900.00,"36,000.00"
2020-09-02,2020090201044448,NRIC,22,54,360,898.00,"323,280.00"
2020-09-02,2020090201044443,NRIC,10,53,100,900.00,"90,000.00"
2020-09-02,2020090201044418,NRIC,22,21,40,898.00,"35,920.00"
2020-09-02,2020090201044397,NRIC,42,53,66,900.00,"59,400.00"
2020-09-02,2020090201044396,NRIC,1,53,30,900.00,"27,000.00"
2020-09-02,2020090201044395,NRIC,13,53,100,900.00,"90,000.00"
2020-09-02,2020090201044454,NRIC,38,54,15,895.00,"13,425.00"
2020-09-02,2020090201044453,NRIC,34,54,50,896.00,"44,800.00"
2020-09-02,2020090201044452,NRIC,56,54,180,896.00,"161,280.00"
2020-09-02,2020090201044451,NRIC,32,54,100,896.00,"89,600.00"
2020-09-02,2020090201044450,NRIC,38,54,100,897.00,"89,700.00"
2020-09-02,2020090201044449,NRIC,59,54,190,897.00,"170,430.00"
2020-09-02,2020090201044476,NRIC,57,53,10,900.00,"9,000.00"
2020-09-02,2020090201044459,NRIC,8,54,630,895.00,"563,850.00"
2020-09-02,2020090201044458,NRIC,39,54,225,895.00,"201,375.00"
2020-09-02,2020090201044457,NRIC,16,54,50,895.00,"44,750.00"
2020-09-02,2020090201044456,NRIC,14,54,100,895.00,"89,500.00"
2020-09-02,2020090201044455,NRIC,51,54,"1,000",895.00,"895,000.00"
2020-09-02,2020090201044523,NRIC,45,6,50,895.00,"44,750.00"
2020-09-02,2020090201044513,NRIC,33,6,"1,000",895.00,"895,000.00"
2020-09-02,2020090201044491,NRIC,35,6,10,895.00,"8,950.00"
2020-09-02,2020090201044483,NRIC,40,6,500,895.00,"447,500.00"
2020-09-02,2020090201044482,NRIC,29,6,50,895.00,"44,750.00"
2020-09-02,2020090201044481,NRIC,8,6,"1,370",895.00,"1,226,150.00"
2020-09-02,2020090201044545,NRIC,28,48,102,891.00,"90,882.00"
2020-09-02,2020090201044544,NRIC,57,48,38,891.00,"33,858.00"
2020-09-02,2020090201044543,NRIC,42,48,100,892.00,"89,200.00"
2020-09-02,2020090201044542,NRIC,28,48,100,892.00,"89,200.00"
2020-09-02,2020090201044541,NRIC,35,48,20,892.00,"17,840.00"
2020-09-02,2020090201044537,NRIC,26,6,20,895.00,"17,900.00"
2020-09-02,2020090201044560,NRIC,1,6,260,895.00,"232,700.00"
2020-09-02,2020090201044558,NRIC,42,6,160,895.00,"143,200.00"
2020-09-02,2020090201044557,NRIC,55,6,100,895.00,"89,500.00"
2020-09-02,2020090201044555,NRIC,28,29,50,891.00,"44,550.00"
2020-09-02,2020090201044554,NRIC,42,6,20,895.00,"17,900.00"
2020-09-02,2020090201044553,NRIC,42,21,40,893.00,"35,720.00"
2020-09-02,2020090201044571,NRIC,45,6,10,895.00,"8,950.00"
2020-09-02,2020090201044570,NRIC,17,6,100,895.00,"89,500.00"
2020-09-02,2020090201044569,NRIC,1,6,110,895.00,"98,450.00"
2020-09-02,2020090201044564,NRIC,8,6,500,895.00,"447,500.00"
2020-09-02,2020090201044563,NRIC,36,6,150,895.00,"134,250.00"
2020-09-02,2020090201044561,NRIC,21,6,100,895.00,"89,500.00"
2020-09-02,2020090201044598,NRIC,38,53,584,900.00,"525,600.00"
2020-09-02,2020090201044597,NRIC,38,6,40,899.00,"35,960.00"
2020-09-02,2020090201044596,NRIC,38,47,25,898.00,"22,450.00"
2020-09-02,2020090201044595,NRIC,38,57,125,897.00,"112,125.00"
2020-09-02,2020090201044594,NRIC,38,25,200,895.00,"179,000.00"
2020-09-02,2020090201044593,NRIC,38,6,490,895.00,"438,550.00"
2020-09-02,2020090201044630,NRIC,34,21,10,895.00,"8,950.00"
2020-09-02,2020090201044625,NRIC,34,36,20,895.00,"17,900.00"
2020-09-02,2020090201044609,NRIC,49,57,10,900.00,"9,000.00"
2020-09-02,2020090201044608,NRIC,34,52,20,893.00,"17,860.00"
2020-09-02,2020090201044602,NRIC,56,52,20,893.00,"17,860.00"
2020-09-02,2020090201044599,NRIC,38,57,536,900.00,"482,400.00"
2020-09-02,2020090201044710,NRIC,10,40,40,901.00,"36,040.00"
2020-09-02,2020090201044673,NRIC,21,37,50,900.00,"45,000.00"
2020-09-02,2020090201044672,NRIC,21,43,40,900.00,"36,000.00"
2020-09-02,2020090201044671,NRIC,21,57,54,900.00,"48,600.00"
2020-09-02,2020090201044642,NRIC,34,20,50,895.00,"44,750.00"
2020-09-02,2020090201044631,NRIC,34,21,30,895.00,"26,850.00"
2020-09-02,2020090201044720,NRIC,44,54,480,902.00,"432,960.00"
2020-09-02,2020090201044719,NRIC,44,38,"1,000",902.00,"902,000.00"
2020-09-02,2020090201044718,NRIC,44,54,395,902.00,"356,290.00"
2020-09-02,2020090201044713,NRIC,10,54,"1,570",902.00,"1,416,140.00"
2020-09-02,2020090201044712,NRIC,10,16,350,901.00,"315,350.00"
2020-09-02,2020090201044711,NRIC,10,42,40,901.00,"36,040.00"
2020-09-02,2020090201044747,NRIC,34,17,10,901.00,"9,010.00"
2020-09-02,2020090201044744,NRIC,34,21,40,901.00,"36,040.00"
2020-09-02,2020090201044727,NRIC,34,13,15,901.00,"13,515.00"
2020-09-02,2020090201044726,NRIC,44,13,35,902.00,"31,570.00"
2020-09-02,2020090201044722,NRIC,44,13,40,902.00,"36,080.00"
2020-09-02,2020090201044721,NRIC,44,57,50,902.00,"45,100.00"
2020-09-02,2020090201044770,NRN,32,37,10,489.00,"4,890.00"
2020-09-02,2020090201044763,NRN,32,47,10,489.00,"4,890.00"
2020-09-02,2020090201044714,NRN,32,20,10,489.00,"4,890.00"
2020-09-02,2020090201044658,NRN,59,50,50,489.00,"24,450.00"
2020-09-02,2020090201044640,NRN,32,47,10,489.00,"4,890.00"
2020-09-02,2020090201044512,NRN,32,47,10,489.00,"4,890.00"
2020-09-02,2020090201044477,NRN,32,37,10,489.00,"4,890.00"
2020-09-02,2020090201044461,NRN,32,34,10,489.00,"4,890.00"
2020-09-02,2020090201044307,NRN,32,37,10,489.00,"4,890.00"
2020-09-02,2020090201044601,NUBL,28,41,50,979.00,"48,950.00"
2020-09-02,2020090201044643,PCBL,35,4,100,285.00,"28,500.00"
2020-09-02,2020090201044522,PCBL,44,19,400,286.00,"114,400.00"
2020-09-02,2020090201044419,PCBL,56,49,997,285.00,"284,145.00"
2020-09-02,2020090201044367,PCBL,56,36,82,285.00,"23,370.00"
2020-09-02,2020090201044447,PIC,8,17,300,745.00,"223,500.00"
2020-09-02,2020090201044413,PIC,8,59,35,745.00,"26,075.00"
2020-09-02,2020090201044412,PIC,8,21,50,744.00,"37,200.00"
2020-09-02,2020090201044411,PIC,8,57,300,744.00,"223,200.00"
2020-09-02,2020090201044289,PICL,11,17,265,530.00,"140,450.00"
2020-09-02,2020090201044288,PICL,45,17,25,530.00,"13,250.00"
2020-09-02,2020090201044287,PICL,44,17,110,530.00,"58,300.00"
2020-09-02,2020090201044286,PICL,57,17,50,531.00,"26,550.00"
2020-09-02,2020090201044704,PLIC,34,10,151,639.00,"96,489.00"
2020-09-02,2020090201044703,PLIC,34,25,100,638.00,"63,800.00"
2020-09-02,2020090201044702,PLIC,34,47,36,637.00,"22,932.00"
2020-09-02,2020090201044603,PLIC,34,47,201,637.00,"128,037.00"
2020-09-02,2020090201044490,PLIC,34,47,100,637.00,"63,700.00"
2020-09-02,2020090201044335,PLIC,34,45,10,637.00,"6,370.00"
2020-09-02,2020090201044334,PLIC,34,57,200,637.00,"127,400.00"
2020-09-02,2020090201044616,PPCL,14,44,10,143.00,"1,430.00"
2020-09-02,2020090201044648,PRIN,46,17,236,584.00,"137,824.00"
2020-09-02,2020090201044647,PRIN,34,17,100,585.00,"58,500.00"
2020-09-02,2020090201044639,PRIN,46,37,92,584.00,"53,728.00"
2020-09-02,2020090201044638,PRIN,25,37,15,584.00,"8,760.00"
2020-09-02,2020090201044535,PRIN,37,40,200,584.00,"116,800.00"
2020-09-02,2020090201044534,PRIN,32,40,50,585.00,"29,250.00"
2020-09-02,2020090201044533,PRIN,1,40,237,585.00,"138,645.00"
2020-09-02,2020090201044532,PRIN,52,40,10,586.00,"5,860.00"
2020-09-02,2020090201044308,PRIN,38,42,100,590.00,"59,000.00"
2020-09-02,2020090201044304,PRIN,38,44,500,590.00,"295,000.00"
2020-09-02,2020090201044480,PRVU,33,45,"1,715",236.00,"404,740.00"
2020-09-02,2020090201044479,PRVU,17,45,"1,000",237.00,"237,000.00"
2020-09-02,2020090201044478,PRVU,33,45,285,237.00,"67,545.00"
2020-09-02,2020090201044299,RHPL,34,52,40,173.00,"6,920.00"
2020-09-02,2020090201044716,RMDC,43,4,33,876.00,"28,908.00"
2020-09-02,2020090201044611,RMDC,43,53,14,876.00,"12,264.00"
2020-09-02,2020090201044610,RMDC,13,53,50,878.00,"43,900.00"
2020-09-02,2020090201044347,RMDC,43,26,200,876.00,"175,200.00"
2020-09-02,2020090201044634,RSDC,49,1,24,533.00,"12,792.00"
2020-09-02,2020090201044633,RSDC,25,1,36,533.00,"19,188.00"
2020-09-02,2020090201044363,SABSL,56,41,23,829.00,"19,067.00"
2020-09-02,2020090201044362,SABSL,56,6,11,828.00,"9,108.00"
2020-09-02,2020090201044361,SABSL,56,10,21,828.00,"17,388.00"
2020-09-02,2020090201044360,SABSL,56,29,11,828.00,"9,108.00"
2020-09-02,2020090201044359,SABSL,56,6,100,826.00,"82,600.00"
2020-09-02,2020090201044358,SABSL,56,26,112,826.00,"92,512.00"
2020-09-02,2020090201044357,SABSL,56,47,11,826.00,"9,086.00"
2020-09-02,2020090201044356,SABSL,56,44,11,825.00,"9,075.00"
2020-09-02,2020090201044739,SADBL,36,32,"1,000",147.00,"147,000.00"
2020-09-02,2020090201044754,SANIMA,41,45,100,354.00,"35,400.00"
2020-09-02,2020090201044390,SCB,35,39,311,669.00,"208,059.00"
2020-09-02,2020090201044389,SCB,35,51,58,669.00,"38,802.00"
2020-09-02,2020090201044384,SCB,10,3,200,668.00,"133,600.00"
2020-09-02,2020090201044383,SCB,28,3,100,668.00,"66,800.00"
2020-09-02,2020090201044372,SCB,28,16,300,668.00,"200,400.00"
2020-09-02,2020090201044692,SHIVM,42,41,50,740.00,"37,000.00"
2020-09-02,2020090201044690,SHIVM,4,25,393,740.00,"290,820.00"
2020-09-02,2020090201044682,SHIVM,16,58,20,741.00,"14,820.00"
2020-09-02,2020090201044675,SHIVM,32,32,100,742.00,"74,200.00"
2020-09-02,2020090201044652,SHIVM,16,57,10,741.00,"7,410.00"
2020-09-02,2020090201044399,SHIVM,4,53,500,740.00,"370,000.00"
2020-09-02,2020090201044275,SHIVM,4,39,"2,107",740.00,"1,559,180.00"
2020-09-02,2020090201044274,SHIVM,50,39,"1,580",740.00,"1,169,200.00"
2020-09-02,2020090201044273,SHIVM,21,39,50,741.00,"37,050.00"
2020-09-02,2020090201044661,SHPC,14,1,100,273.00,"27,300.00"
2020-09-02,2020090201044659,SHPC,14,53,121,273.00,"33,033.00"
2020-09-02,2020090201044606,SHPC,29,53,17,273.00,"4,641.00"
2020-09-02,2020090201044370,SHPC,29,25,83,273.00,"22,659.00"
2020-09-02,2020090201044369,SHPC,10,25,250,273.00,"68,250.00"
2020-09-02,2020090201044368,SHPC,49,25,667,273.00,"182,091.00"
2020-09-02,2020090201044674,SIC,41,45,56,864.00,"48,384.00"
2020-09-02,2020090201044536,SICL,34,36,39,"1,293.00","50,427.00"
2020-09-02,2020090201044518,SICL,34,45,10,"1,293.00","12,930.00"
2020-09-02,2020090201044517,SICL,41,45,80,"1,293.00","103,440.00"
2020-09-02,2020090201044626,SIL,17,49,15,746.00,"11,190.00"
2020-09-02,2020090201044515,SIL,6,6,50,748.00,"37,400.00"
2020-09-02,2020090201044514,SIL,6,44,50,748.00,"37,400.00"
2020-09-02,2020090201044381,SIL,17,51,500,747.00,"373,500.00"
2020-09-02,2020090201044380,SIL,17,1,161,747.00,"120,267.00"
2020-09-02,2020090201044379,SIL,17,39,27,747.00,"20,169.00"
2020-09-02,2020090201044378,SIL,17,36,42,747.00,"31,374.00"
2020-09-02,2020090201044377,SIL,17,49,170,746.00,"126,820.00"
2020-09-02,2020090201044723,SINDU,42,35,50,127.00,"6,350.00"
2020-09-02,2020090201044572,SINDU,45,35,69,125.00,"8,625.00"
2020-09-02,2020090201044696,SJCL,37,29,10,157.00,"1,570.00"
2020-09-02,2020090201044382,SJCL,37,10,20,157.00,"3,140.00"
2020-09-02,2020090201044737,SKBBL,50,17,200,"1,345.00","269,000.00"
2020-09-02,2020090201044745,SLICL,44,57,100,561.00,"56,100.00"
2020-09-02,2020090201044728,SLICL,22,7,25,560.00,"14,000.00"
2020-09-02,2020090201044587,SLICL,16,16,360,559.00,"201,240.00"
2020-09-02,2020090201044586,SLICL,16,16,500,559.00,"279,500.00"
2020-09-02,2020090201044585,SLICL,18,16,100,560.00,"56,000.00"
2020-09-02,2020090201044584,SLICL,34,16,40,560.00,"22,400.00"
2020-09-02,2020090201044442,SLICL,34,47,80,560.00,"44,800.00"
2020-09-02,2020090201044371,SLICL,6,47,20,560.00,"11,200.00"
2020-09-02,2020090201044391,SPARS,6,38,38,956.00,"36,328.00"
2020-09-02,2020090201044707,SPDL,55,44,15,137.00,"2,055.00"
2020-09-02,2020090201044624,SRBL,14,16,100,234.00,"23,400.00"
2020-09-02,2020090201044350,TMDBL,32,40,86,174.00,"14,964.00"
2020-09-02,2020090201044349,TMDBL,32,58,104,174.00,"18,096.00"
2020-09-02,2020090201044348,TMDBL,32,57,10,174.00,"1,740.00"
2020-09-02,2020090201044708,UIC,42,16,26,420.00,"10,920.00"
2020-09-02,2020090201044505,UIC,42,17,24,420.00,"10,080.00"
2020-09-02,2020090201044416,UIC,40,47,125,422.00,"52,750.00"
2020-09-02,2020090201044415,UIC,40,32,200,422.00,"84,400.00"
2020-09-02,2020090201044414,UIC,40,41,75,422.00,"31,650.00"
2020-09-02,2020090201044573,UMHL,46,42,10,114.00,"1,140.00"
2020-09-02,2020090201044546,UPPER,57,41,50,254.00,"12,700.00"
2020-09-02,2020090201044420,VLBS,42,16,50,947.00,"47,350.00"
2020-09-02,2020090201043922,ACLBSL,21,39,10,701.00,"7,010.00"
2020-09-02,2020090201044204,ADBL,22,8,491,436.00,"214,076.00"
2020-09-02,2020090201044203,ADBL,36,8,282,436.00,"122,952.00"
2020-09-02,2020090201044132,AIL,50,16,20,518.00,"10,360.00"
2020-09-02,2020090201044062,AIL,50,4,10,518.00,"5,180.00"
2020-09-02,2020090201043996,AIL,50,51,50,518.00,"25,900.00"
2020-09-02,2020090201043978,AIL,50,4,10,518.00,"5,180.00"
2020-09-02,2020090201043951,AIL,50,21,10,518.00,"5,180.00"
2020-09-02,2020090201043930,AIL,50,49,10,518.00,"5,180.00"
2020-09-02,2020090201043929,AIL,50,54,110,518.00,"56,980.00"
2020-09-02,2020090201043787,ALBSL,43,56,100,805.00,"80,500.00"
2020-09-02,2020090201043786,ALBSL,43,48,10,805.00,"8,050.00"
2020-09-02,2020090201043785,ALBSL,43,54,11,805.00,"8,855.00"
2020-09-02,2020090201043784,ALBSL,43,49,11,805.00,"8,855.00"
2020-09-02,2020090201043783,ALBSL,43,49,11,805.00,"8,855.00"
2020-09-02,2020090201043782,ALBSL,43,7,11,805.00,"8,855.00"
2020-09-02,2020090201043781,ALBSL,43,16,380,805.00,"305,900.00"
2020-09-02,2020090201043780,ALBSL,43,16,80,804.00,"64,320.00"
2020-09-02,2020090201043779,ALBSL,43,7,11,804.00,"8,844.00"
2020-09-02,2020090201043778,ALBSL,43,19,30,804.00,"24,120.00"
2020-09-02,2020090201043777,ALBSL,43,17,11,804.00,"8,844.00"
2020-09-02,2020090201043776,ALBSL,43,34,13,800.00,"10,400.00"
2020-09-02,2020090201044111,ALICL,34,50,51,721.00,"36,771.00"
2020-09-02,2020090201043953,ALICL,34,54,19,721.00,"13,699.00"
2020-09-02,2020090201043952,ALICL,34,25,130,720.00,"93,600.00"
2020-09-02,2020090201043919,ALICL,50,25,500,720.00,"360,000.00"
2020-09-02,2020090201043853,ALICL,41,25,300,720.00,"216,000.00"
2020-09-02,2020090201043852,ALICL,50,25,500,720.00,"360,000.00"
2020-09-02,2020090201043851,ALICL,17,25,500,720.00,"360,000.00"
2020-09-02,2020090201043850,ALICL,17,25,70,720.00,"50,400.00"
2020-09-02,2020090201043808,ALICL,32,54,381,721.00,"274,701.00"
2020-09-02,2020090201043807,ALICL,50,47,100,724.00,"72,400.00"
2020-09-02,2020090201043806,ALICL,50,5,200,724.00,"144,800.00"
2020-09-02,2020090201043805,ALICL,50,37,200,723.00,"144,600.00"
2020-09-02,2020090201043942,API,29,43,31,132.00,"4,092.00"
2020-09-02,2020090201043941,API,33,43,19,132.00,"2,508.00"
2020-09-02,2020090201043918,API,33,42,11,132.00,"1,452.00"
2020-09-02,2020090201044160,BOKL,33,49,50,236.00,"11,800.00"
2020-09-02,2020090201044107,BOKL,10,38,200,236.00,"47,200.00"
2020-09-02,2020090201044106,BOKL,10,55,800,236.00,"188,800.00"
2020-09-02,2020090201044052,BOKL,6,29,11,235.00,"2,585.00"
2020-09-02,2020090201044055,BPCL,11,22,5,398.00,"1,990.00"
2020-09-02,2020090201044054,BPCL,11,52,10,398.00,"3,980.00"
2020-09-02,2020090201043957,BPCL,8,37,200,399.00,"79,800.00"
2020-09-02,2020090201043956,BPCL,8,22,108,399.00,"43,092.00"
2020-09-02,2020090201043955,BPCL,8,38,400,399.00,"159,600.00"
2020-09-02,2020090201043954,BPCL,8,34,850,399.00,"339,150.00"
2020-09-02,2020090201044266,CBBL,50,21,100,"1,105.00","110,500.00"
2020-09-02,2020090201044192,CBBL,50,6,192,"1,105.00","212,160.00"
2020-09-02,2020090201044020,CBBL,50,6,70,"1,105.00","77,350.00"
2020-09-02,2020090201044019,CBBL,50,29,100,"1,104.00","110,400.00"
2020-09-02,2020090201044018,CBBL,50,45,30,"1,104.00","33,120.00"
2020-09-02,2020090201043983,CCBL,35,46,13,175.00,"2,275.00"
2020-09-02,2020090201043915,CHCL,42,53,50,452.00,"22,600.00"
2020-09-02,2020090201043890,CHCL,42,56,250,452.00,"113,000.00"
2020-09-02,2020090201044207,CIT,49,10,21,"2,917.00","61,257.00"
2020-09-02,2020090201044059,CIT,35,10,10,"2,917.00","29,170.00"
2020-09-02,2020090201044021,DDBL,35,47,30,880.00,"26,400.00"
2020-09-02,2020090201043791,DHPL,35,32,975,56.00,"54,600.00"
2020-09-02,2020090201043790,DHPL,51,32,10,56.00,560.00
2020-09-02,2020090201043789,DHPL,28,32,15,56.00,840.00
2020-09-02,2020090201044120,EBL,11,51,143,742.00,"106,106.00"
2020-09-02,2020090201044206,EIC,6,26,50,492.00,"24,600.00"
2020-09-02,2020090201044179,EIC,39,8,227,491.00,"111,457.00"
2020-09-02,2020090201044061,EIC,39,29,73,491.00,"35,843.00"
2020-09-02,2020090201044060,EIC,40,29,37,491.00,"18,167.00"
2020-09-02,2020090201043927,EIC,37,36,50,490.00,"24,500.00"
2020-09-02,2020090201043775,EIC,37,40,120,490.00,"58,800.00"
2020-09-02,2020090201043774,EIC,45,40,30,490.00,"14,700.00"
2020-09-02,2020090201043773,EIC,1,40,100,490.00,"49,000.00"
2020-09-02,2020090201044218,FMDBL,40,33,172,568.00,"97,696.00"
2020-09-02,2020090201044216,FMDBL,32,29,100,569.00,"56,900.00"
2020-09-02,2020090201043820,FMDBL,13,44,150,570.00,"85,500.00"
2020-09-02,2020090201043819,FMDBL,25,44,500,570.00,"285,000.00"
2020-09-02,2020090201043818,FMDBL,25,44,20,570.00,"11,400.00"
2020-09-02,2020090201043817,FMDBL,25,44,100,570.00,"57,000.00"
2020-09-02,2020090201043810,FMDBL,56,44,100,572.00,"57,200.00"
2020-09-02,2020090201043809,FMDBL,34,44,120,572.00,"68,640.00"
2020-09-02,2020090201043816,FMDBL,35,44,50,570.00,"28,500.00"
2020-09-02,2020090201043815,FMDBL,54,44,"1,000",570.00,"570,000.00"
2020-09-02,2020090201043814,FMDBL,53,44,100,570.00,"57,000.00"
2020-09-02,2020090201043813,FMDBL,10,44,65,571.00,"37,115.00"
2020-09-02,2020090201043812,FMDBL,25,44,200,571.00,"114,200.00"
2020-09-02,2020090201043811,FMDBL,10,44,500,571.00,"285,500.00"
2020-09-02,2020090201044164,GBIME,41,40,136,264.00,"35,904.00"
2020-09-02,2020090201044001,GBIME,53,33,71,265.00,"18,815.00"
2020-09-02,2020090201044000,GBIME,53,29,50,265.00,"13,250.00"
2020-09-02,2020090201043999,GBIME,53,6,100,265.00,"26,500.00"
2020-09-02,2020090201043998,GBIME,53,58,79,265.00,"20,935.00"
2020-09-02,2020090201043990,GBIME,38,58,21,265.00,"5,565.00"
2020-09-02,2020090201043989,GBIME,38,17,150,265.00,"39,750.00"
2020-09-02,2020090201043988,GBIME,38,5,175,265.00,"46,375.00"
2020-09-02,2020090201043987,GBIME,38,48,50,265.00,"13,250.00"
2020-09-02,2020090201043986,GBIME,38,19,320,265.00,"84,800.00"
2020-09-02,2020090201043859,GBIME,41,16,25,264.00,"6,600.00"
2020-09-02,2020090201044254,GBLBS,53,45,15,529.00,"7,935.00"
2020-09-02,2020090201044149,GBLBS,46,52,50,533.00,"26,650.00"
2020-09-02,2020090201043800,GBLBS,44,8,400,530.00,"212,000.00"
2020-09-02,2020090201044193,GLICL,50,1,50,570.00,"28,500.00"
2020-09-02,2020090201044172,GLICL,55,17,200,561.00,"112,200.00"
2020-09-02,2020090201044217,GUFL,5,25,19,123.00,"2,337.00"
2020-09-02,2020090201044040,HDHPC,22,42,80,97.00,"7,760.00"
2020-09-02,2020090201044039,HDHPC,22,47,10,97.00,970.00
2020-09-02,2020090201044038,HDHPC,22,25,70,97.00,"6,790.00"
2020-09-02,2020090201043934,HDHPC,16,25,130,97.00,"12,610.00"
2020-09-02,2020090201043933,HDHPC,16,42,10,97.00,970.00
2020-09-02,2020090201043932,HDHPC,16,39,360,97.00,"34,920.00"
2020-09-02,2020090201043821,HDHPC,14,42,10,96.00,960.00
2020-09-02,2020090201043788,HDHPC,28,39,200,97.00,"19,400.00"
2020-09-02,2020090201044064,HDL,35,53,100,"1,824.00","182,400.00"
2020-09-02,2020090201044170,HGI,45,49,200,476.00,"95,200.00"
2020-09-02,2020090201044162,HGI,45,51,140,476.00,"66,640.00"
2020-09-02,2020090201043917,HGI,35,51,10,477.00,"4,770.00"
2020-09-02,2020090201043916,HGI,21,51,50,477.00,"23,850.00"
2020-09-02,2020090201044169,HIDCL,56,37,177,156.00,"27,612.00"
2020-09-02,2020090201044119,HIDCL,56,51,200,156.00,"31,200.00"
2020-09-02,2020090201044117,HIDCL,56,34,123,156.00,"19,188.00"
2020-09-02,2020090201044116,HIDCL,50,34,200,156.00,"31,200.00"
2020-09-02,2020090201044115,HIDCL,1,34,177,156.00,"27,612.00"
2020-09-02,2020090201044034,HIDCL,1,26,31,156.00,"4,836.00"
2020-09-02,2020090201043893,HIDCL,42,34,"1,728",156.00,"269,568.00"
2020-09-02,2020090201043892,HIDCL,59,34,20,156.00,"3,120.00"
2020-09-02,2020090201043891,HIDCL,45,34,301,156.00,"46,956.00"
2020-09-02,2020090201043844,HIDCL,45,41,100,156.00,"15,600.00"
2020-09-02,2020090201043966,HIDCL,1,16,31,156.00,"4,836.00"
2020-09-02,2020090201043938,HIDCL,1,6,161,156.00,"25,116.00"
2020-09-02,2020090201043937,HIDCL,45,6,400,156.00,"62,400.00"
2020-09-02,2020090201043936,HIDCL,25,6,"1,035",156.00,"161,460.00"
2020-09-02,2020090201043895,HIDCL,25,34,"3,965",156.00,"618,540.00"
2020-09-02,2020090201043894,HIDCL,21,34,100,156.00,"15,600.00"
2020-09-02,2020090201044123,HPPL,49,26,10,177.00,"1,770.00"
2020-09-02,2020090201043825,HPPL,49,44,20,177.00,"3,540.00"
2020-09-02,2020090201044205,HURJA,42,6,20,107.00,"2,140.00"
2020-09-02,2020090201044155,IGI,49,6,87,527.00,"45,849.00"
2020-09-02,2020090201044260,ILBS,41,19,82,776.00,"63,632.00"
2020-09-02,2020090201044259,ILBS,41,51,118,776.00,"91,568.00"
2020-09-02,2020090201044154,ILBS,17,51,11,776.00,"8,536.00"
2020-09-02,2020090201044153,ILBS,32,51,73,776.00,"56,648.00"
2020-09-02,2020090201044152,ILBS,41,51,11,777.00,"8,547.00"
2020-09-02,2020090201044151,ILBS,39,51,100,777.00,"77,700.00"
2020-09-02,2020090201044063,JBBL,59,16,39,173.00,"6,747.00"
2020-09-02,2020090201043947,JOSHI,53,44,20,66.00,"1,320.00"
2020-09-02,2020090201044148,JSLBB,45,35,11,"1,410.00","15,510.00"
2020-09-02,2020090201044247,KBL,49,44,25,191.00,"4,775.00"
2020-09-02,2020090201044199,KBL,45,1,100,192.00,"19,200.00"
2020-09-02,2020090201044198,KBL,45,6,53,192.00,"10,176.00"
2020-09-02,2020090201044197,KBL,45,22,630,192.00,"120,960.00"
2020-09-02,2020090201044196,KBL,45,41,292,192.00,"56,064.00"
2020-09-02,2020090201044195,KBL,45,48,659,192.00,"126,528.00"
2020-09-02,2020090201043946,KBL,6,48,41,192.00,"7,872.00"
2020-09-02,2020090201043945,KBL,6,42,"1,559",192.00,"299,328.00"
2020-09-02,2020090201043993,KMCDB,53,7,140,762.00,"106,680.00"
2020-09-02,2020090201043992,KMCDB,38,7,85,762.00,"64,770.00"
2020-09-02,2020090201043857,KMCDB,38,49,10,762.00,"7,620.00"
2020-09-02,2020090201043849,KMCDB,38,34,40,762.00,"30,480.00"
2020-09-02,2020090201043921,KPCL,52,41,40,126.00,"5,040.00"
2020-09-02,2020090201043985,LBL,52,19,93,241.00,"22,413.00"
2020-09-02,2020090201044004,LICN,49,28,490,"1,472.00","721,280.00"
2020-09-02,2020090201044003,LICN,35,28,20,"1,473.00","29,460.00"
2020-09-02,2020090201044002,LICN,51,28,155,"1,473.00","228,315.00"
2020-09-02,2020090201044262,MBL,25,42,60,232.00,"13,920.00"
2020-09-02,2020090201043799,MBL,59,48,265,233.00,"61,745.00"
2020-09-02,2020090201043798,MBL,59,45,25,233.00,"5,825.00"
2020-09-02,2020090201043797,MBL,59,33,110,233.00,"25,630.00"
2020-09-02,2020090201044171,MEGA,52,6,36,227.00,"8,172.00"
2020-09-02,2020090201044070,MEGA,43,6,100,227.00,"22,700.00"
2020-09-02,2020090201043962,MEGA,14,6,100,227.00,"22,700.00"
2020-09-02,2020090201044131,MFIL,42,55,65,278.00,"18,070.00"
2020-09-02,2020090201044130,MFIL,56,55,"2,000",278.00,"556,000.00"
2020-09-02,2020090201044129,MFIL,52,55,100,278.00,"27,800.00"
2020-09-02,2020090201044128,MFIL,52,55,50,278.00,"13,900.00"
2020-09-02,2020090201044127,MFIL,46,55,299,278.00,"83,122.00"
2020-09-02,2020090201044126,MFIL,51,55,349,280.00,"97,720.00"
2020-09-02,2020090201044125,MFIL,42,55,20,280.00,"5,600.00"
2020-09-02,2020090201043856,MMFDB,48,59,47,918.00,"43,146.00"
2020-09-02,2020090201043855,MMFDB,48,39,271,918.00,"248,778.00"
2020-09-02,2020090201043854,MMFDB,48,10,136,917.00,"124,712.00"
2020-09-02,2020090201044168,MNBBL,42,10,45,329.00,"14,805.00"
2020-09-02,2020090201044251,NABIL,14,49,20,860.00,"17,200.00"
2020-09-02,2020090201044007,NABIL,20,49,200,860.00,"172,000.00"
2020-09-02,2020090201043842,NABIL,42,49,25,860.00,"21,500.00"
2020-09-02,2020090201043841,NABIL,49,49,180,860.00,"154,800.00"
2020-09-02,2020090201044225,NBB,37,1,33,202.00,"6,666.00"
2020-09-02,2020090201044224,NBB,57,1,433,202.00,"87,466.00"
2020-09-02,2020090201044223,NBB,10,1,"1,000",203.00,"203,000.00"
2020-09-02,2020090201044147,NBB,57,34,67,202.00,"13,534.00"
2020-09-02,2020090201043884,NBB,52,38,106,202.00,"21,412.00"
2020-09-02,2020090201043883,NBB,39,38,207,202.00,"41,814.00"
2020-09-02,2020090201043886,NBF2,45,40,250,9.80,"2,450.00"
2020-09-02,2020090201044265,NBL,57,25,100,300.00,"30,000.00"
2020-09-02,2020090201044167,NBL,29,10,705,299.00,"210,795.00"
2020-09-02,2020090201043935,NBL,29,53,28,299.00,"8,372.00"
2020-09-02,2020090201043976,NCCB,42,52,99,196.00,"19,404.00"
2020-09-02,2020090201043975,NCCB,45,52,100,196.00,"19,600.00"
2020-09-02,2020090201043974,NCCB,41,52,100,196.00,"19,600.00"
2020-09-02,2020090201043914,NCCB,51,45,50,197.00,"9,850.00"
2020-09-02,2020090201043913,NCCB,51,22,500,197.00,"98,500.00"
2020-09-02,2020090201043912,NCCB,51,14,500,197.00,"98,500.00"
2020-09-02,2020090201043911,NCCB,51,37,23,197.00,"4,531.00"
2020-09-02,2020090201043910,NCCB,51,52,11,197.00,"2,167.00"
2020-09-02,2020090201043909,NCCB,51,41,100,197.00,"19,700.00"
2020-09-02,2020090201044145,NGPL,22,28,500,143.00,"71,500.00"
2020-09-02,2020090201044239,NHPC,38,45,"1,320",61.00,"80,520.00"
2020-09-02,2020090201044238,NHPC,32,45,"2,000",61.00,"122,000.00"
2020-09-02,2020090201044237,NHPC,25,45,500,61.00,"30,500.00"
2020-09-02,2020090201044236,NHPC,28,45,200,61.00,"12,200.00"
2020-09-02,2020090201044235,NHPC,40,45,50,61.00,"3,050.00"
2020-09-02,2020090201044234,NHPC,45,45,"1,000",61.00,"61,000.00"
2020-09-02,2020090201044227,NHPC,42,45,930,61.00,"56,730.00"
2020-09-02,2020090201044233,NHPC,49,45,"1,500",61.00,"91,500.00"
2020-09-02,2020090201044232,NHPC,42,45,300,61.00,"18,300.00"
2020-09-02,2020090201044231,NHPC,49,45,100,61.00,"6,100.00"
2020-09-02,2020090201044230,NHPC,38,45,"1,000",61.00,"61,000.00"
2020-09-02,2020090201044229,NHPC,43,45,"1,000",61.00,"61,000.00"
2020-09-02,2020090201044228,NHPC,56,45,100,61.00,"6,100.00"
2020-09-02,2020090201044258,NICA,35,51,50,597.00,"29,850.00"
2020-09-02,2020090201044031,NICA,49,7,184,598.00,"110,032.00"
2020-09-02,2020090201044030,NICA,49,1,261,598.00,"156,078.00"
2020-09-02,2020090201043847,NICA,35,32,150,597.00,"89,550.00"
2020-09-02,2020090201043830,NICA,35,1,239,598.00,"142,922.00"
2020-09-02,2020090201043829,NICA,35,45,261,598.00,"156,078.00"
2020-09-02,2020090201044159,NICL,8,5,50,537.00,"26,850.00"
2020-09-02,2020090201044114,NICL,8,36,500,537.00,"268,500.00"
2020-09-02,2020090201044113,NICL,8,11,96,535.00,"51,360.00"
2020-09-02,2020090201043948,NICL,50,59,150,535.00,"80,250.00"
2020-09-02,2020090201043885,NICL,16,14,35,534.00,"18,690.00"
2020-09-02,2020090201044017,NICL,44,11,50,535.00,"26,750.00"
2020-09-02,2020090201043964,NICL,35,44,35,534.00,"18,690.00"
2020-09-02,2020090201043963,NICL,16,44,65,534.00,"34,710.00"
2020-09-02,2020090201043949,NICL,50,21,150,535.00,"80,250.00"
2020-09-02,2020090201044176,NIL,50,6,50,772.00,"38,600.00"
2020-09-02,2020090201044089,NIL,10,28,829,770.00,"638,330.00"
2020-09-02,2020090201044088,NIL,22,28,500,770.00,"385,000.00"
2020-09-02,2020090201044087,NIL,29,28,200,770.00,"154,000.00"
2020-09-02,2020090201044086,NIL,22,28,100,770.00,"77,000.00"
2020-09-02,2020090201044085,NIL,49,28,200,770.00,"154,000.00"
2020-09-02,2020090201043843,NIL,10,28,309,771.00,"238,239.00"
2020-09-02,2020090201043961,NIL,10,28,500,771.00,"385,500.00"
2020-09-02,2020090201043926,NIL,10,28,80,771.00,"61,680.00"
2020-09-02,2020090201043925,NIL,45,28,100,772.00,"77,200.00"
2020-09-02,2020090201043924,NIL,41,28,120,772.00,"92,640.00"
2020-09-02,2020090201043923,NIL,25,28,200,772.00,"154,400.00"
2020-09-02,2020090201043888,NIL,18,44,50,774.00,"38,700.00"
2020-09-02,2020090201044078,NIL,22,28,100,770.00,"77,000.00"
2020-09-02,2020090201044077,NIL,10,28,500,770.00,"385,000.00"
2020-09-02,2020090201044076,NIL,39,28,50,770.00,"38,500.00"
2020-09-02,2020090201044075,NIL,45,28,200,771.00,"154,200.00"
2020-09-02,2020090201044074,NIL,10,28,"1,511",771.00,"1,164,980.00"
2020-09-02,2020090201044073,NIL,34,28,300,773.00,"231,900.00"
2020-09-02,2020090201044084,NIL,44,28,20,770.00,"15,400.00"
2020-09-02,2020090201044083,NIL,29,28,100,770.00,"77,000.00"
2020-09-02,2020090201044082,NIL,49,28,25,770.00,"19,250.00"
2020-09-02,2020090201044081,NIL,6,28,100,770.00,"77,000.00"
2020-09-02,2020090201044080,NIL,7,28,25,770.00,"19,250.00"
2020-09-02,2020090201044079,NIL,52,28,500,770.00,"385,000.00"
2020-09-02,2020090201044036,NLBBL,55,36,100,720.00,"72,000.00"
2020-09-02,2020090201044035,NLBBL,40,36,100,720.00,"72,000.00"
2020-09-02,2020090201043977,NLBBL,40,50,100,720.00,"72,000.00"
2020-09-02,2020090201044166,NLG,51,58,50,727.00,"36,350.00"
2020-09-02,2020090201044037,NLG,44,14,30,728.00,"21,840.00"
2020-09-02,2020090201043958,NLIC,25,28,77,"1,381.00","106,337.00"
2020-09-02,2020090201044200,NLICL,8,45,50,780.00,"39,000.00"
2020-09-02,2020090201044161,NMB,6,44,100,434.00,"43,400.00"
2020-09-02,2020090201044069,NMB,49,56,300,433.00,"129,900.00"
2020-09-02,2020090201044068,NMB,40,56,140,433.00,"60,620.00"
2020-09-02,2020090201043846,NMB,40,52,10,433.00,"4,330.00"
2020-09-02,2020090201043845,NMB,36,52,15,433.00,"6,495.00"
2020-09-02,2020090201044269,NMBHF1,51,33,416,10.03,"4,172.48"
2020-09-02,2020090201044032,NMBMF,45,19,30,786.00,"23,580.00"
2020-09-02,2020090201044264,NRIC,59,1,30,897.00,"26,910.00"
2020-09-02,2020090201044263,NRIC,50,1,10,898.00,"8,980.00"
2020-09-02,2020090201044257,NRIC,50,29,190,898.00,"170,620.00"
2020-09-02,2020090201044256,NRIC,5,29,220,898.00,"197,560.00"
2020-09-02,2020090201044255,NRIC,47,29,100,899.00,"89,900.00"
2020-09-02,2020090201044253,NRIC,44,53,100,900.00,"90,000.00"
2020-09-02,2020090201043834,NRIC,48,45,20,890.00,"17,800.00"
2020-09-02,2020090201043833,NRIC,33,45,100,890.00,"89,000.00"
2020-09-02,2020090201043831,NRIC,46,25,100,891.00,"89,100.00"
2020-09-02,2020090201043826,NRIC,43,25,200,891.00,"178,200.00"
2020-09-02,2020090201043803,NRIC,44,25,"1,150",891.00,"1,024,650.00"
2020-09-02,2020090201043801,NRIC,44,3,850,891.00,"757,350.00"
2020-09-02,2020090201043840,NRIC,34,45,233,888.00,"206,904.00"
2020-09-02,2020090201043839,NRIC,55,45,100,889.00,"88,900.00"
2020-09-02,2020090201043838,NRIC,55,45,"1,000",890.00,"890,000.00"
2020-09-02,2020090201043837,NRIC,6,45,100,890.00,"89,000.00"
2020-09-02,2020090201043836,NRIC,10,45,200,890.00,"178,000.00"
2020-09-02,2020090201043835,NRIC,7,45,50,890.00,"44,500.00"
2020-09-02,2020090201043870,NRIC,59,55,50,891.00,"44,550.00"
2020-09-02,2020090201043869,NRIC,59,25,289,891.00,"257,499.00"
2020-09-02,2020090201043864,NRIC,26,25,11,891.00,"9,801.00"
2020-09-02,2020090201043863,NRIC,22,29,90,890.00,"80,100.00"
2020-09-02,2020090201043862,NRIC,49,29,10,890.00,"8,900.00"
2020-09-02,2020090201043848,NRIC,32,25,250,891.00,"222,750.00"
2020-09-02,2020090201043876,NRIC,59,8,50,894.00,"44,700.00"
2020-09-02,2020090201043875,NRIC,59,6,100,894.00,"89,400.00"
2020-09-02,2020090201043874,NRIC,59,41,110,894.00,"98,340.00"
2020-09-02,2020090201043873,NRIC,59,6,640,894.00,"572,160.00"
2020-09-02,2020090201043872,NRIC,59,36,40,893.00,"35,720.00"
2020-09-02,2020090201043871,NRIC,59,54,10,893.00,"8,930.00"
2020-09-02,2020090201043882,NRIC,59,38,200,895.00,"179,000.00"
2020-09-02,2020090201043881,NRIC,59,20,40,895.00,"35,800.00"
2020-09-02,2020090201043880,NRIC,59,52,50,895.00,"44,750.00"
2020-09-02,2020090201043879,NRIC,59,19,100,895.00,"89,500.00"
2020-09-02,2020090201043878,NRIC,59,39,40,895.00,"35,800.00"
2020-09-02,2020090201043877,NRIC,59,6,"1,281",895.00,"1,146,500.00"
2020-09-02,2020090201043940,NRIC,6,47,20,891.00,"17,820.00"
2020-09-02,2020090201043939,NRIC,6,3,20,891.00,"17,820.00"
2020-09-02,2020090201043931,NRIC,6,13,40,891.00,"35,640.00"
2020-09-02,2020090201043920,NRIC,22,52,100,890.00,"89,000.00"
2020-09-02,2020090201043901,NRIC,22,49,10,890.00,"8,900.00"
2020-09-02,2020090201043887,NRIC,29,51,500,892.00,"446,000.00"
2020-09-02,2020090201043980,NRIC,29,26,80,891.00,"71,280.00"
2020-09-02,2020090201043979,NRIC,54,26,60,892.00,"53,520.00"
2020-09-02,2020090201043965,NRIC,6,45,10,893.00,"8,930.00"
2020-09-02,2020090201043959,NRIC,54,47,40,892.00,"35,680.00"
2020-09-02,2020090201043944,NRIC,22,47,30,890.00,"26,700.00"
2020-09-02,2020090201043943,NRIC,6,47,20,891.00,"17,820.00"
2020-09-02,2020090201044022,NRIC,29,35,358,891.00,"318,978.00"
2020-09-02,2020090201044016,NRIC,29,59,370,891.00,"329,670.00"
2020-09-02,2020090201044015,NRIC,19,59,20,892.00,"17,840.00"
2020-09-02,2020090201044014,NRIC,55,59,510,894.00,"455,940.00"
2020-09-02,2020090201043982,NRIC,45,38,48,895.00,"42,960.00"
2020-09-02,2020090201043981,NRIC,55,45,490,893.00,"437,570.00"
2020-09-02,2020090201044057,NRIC,55,3,20,895.00,"17,900.00"
2020-09-02,2020090201044028,NRIC,55,26,60,895.00,"53,700.00"
2020-09-02,2020090201044027,NRIC,55,29,500,895.00,"447,500.00"
2020-09-02,2020090201044026,NRIC,55,50,200,895.00,"179,000.00"
2020-09-02,2020090201044025,NRIC,55,45,50,892.00,"44,600.00"
2020-09-02,2020090201044023,NRIC,57,35,262,891.00,"233,442.00"
2020-09-02,2020090201044097,NRIC,59,35,580,896.00,"519,680.00"
2020-09-02,2020090201044092,NRIC,38,28,85,895.00,"76,075.00"
2020-09-02,2020090201044091,NRIC,55,28,15,895.00,"13,425.00"
2020-09-02,2020090201044072,NRIC,55,38,40,895.00,"35,800.00"
2020-09-02,2020090201044071,NRIC,55,32,65,895.00,"58,175.00"
2020-09-02,2020090201044058,NRIC,55,51,50,895.00,"44,750.00"
2020-09-02,2020090201044103,NRIC,59,52,40,897.00,"35,880.00"
2020-09-02,2020090201044102,NRIC,59,57,40,897.00,"35,880.00"
2020-09-02,2020090201044101,NRIC,59,17,100,896.00,"89,600.00"
2020-09-02,2020090201044100,NRIC,59,5,40,896.00,"35,840.00"
2020-09-02,2020090201044099,NRIC,59,13,50,896.00,"44,800.00"
2020-09-02,2020090201044098,NRIC,59,13,40,896.00,"35,840.00"
2020-09-02,2020090201044134,NRIC,44,6,50,898.00,"44,900.00"
2020-09-02,2020090201044133,NRIC,44,14,40,898.00,"35,920.00"
2020-09-02,2020090201044124,NRIC,59,6,40,897.00,"35,880.00"
2020-09-02,2020090201044121,NRIC,59,37,500,897.00,"448,500.00"
2020-09-02,2020090201044112,NRIC,59,35,40,897.00,"35,880.00"
2020-09-02,2020090201044104,NRIC,59,51,40,897.00,"35,880.00"
2020-09-02,2020090201044140,NRIC,44,42,500,899.00,"449,500.00"
2020-09-02,2020090201044139,NRIC,44,45,50,899.00,"44,950.00"
2020-09-02,2020090201044138,NRIC,44,28,100,899.00,"89,900.00"
2020-09-02,2020090201044137,NRIC,44,51,200,898.00,"179,600.00"
2020-09-02,2020090201044136,NRIC,44,47,150,898.00,"134,700.00"
2020-09-02,2020090201044135,NRIC,44,17,200,898.00,"179,600.00"
2020-09-02,2020090201044157,NRIC,59,45,10,897.00,"8,970.00"
2020-09-02,2020090201044156,NRIC,59,17,40,897.00,"35,880.00"
2020-09-02,2020090201044146,NRIC,59,45,40,897.00,"35,880.00"
2020-09-02,2020090201044144,NRIC,59,46,90,897.00,"80,730.00"
2020-09-02,2020090201044143,NRIC,44,46,10,899.00,"8,990.00"
2020-09-02,2020090201044141,NRIC,44,45,200,899.00,"179,800.00"
2020-09-02,2020090201044241,NRIC,32,47,10,900.00,"9,000.00"
2020-09-02,2020090201044208,NRIC,5,32,40,898.00,"35,920.00"
2020-09-02,2020090201044187,NRIC,5,52,50,898.00,"44,900.00"
2020-09-02,2020090201044177,NRIC,5,7,40,898.00,"35,920.00"
2020-09-02,2020090201044175,NRIC,59,39,40,897.00,"35,880.00"
2020-09-02,2020090201044158,NRIC,59,34,50,897.00,"44,850.00"
2020-09-02,2020090201044252,NRIC,5,26,10,898.00,"8,980.00"
2020-09-02,2020090201044249,NRIC,28,53,200,900.00,"180,000.00"
2020-09-02,2020090201044248,NRIC,5,57,40,898.00,"35,920.00"
2020-09-02,2020090201044246,NRIC,43,53,300,900.00,"270,000.00"
2020-09-02,2020090201044243,NRIC,5,34,40,898.00,"35,920.00"
2020-09-02,2020090201044242,NRIC,32,53,90,900.00,"81,000.00"
2020-09-02,2020090201044270,NRN,32,14,10,489.00,"4,890.00"
2020-09-02,2020090201044201,NRN,32,45,10,489.00,"4,890.00"
2020-09-02,2020090201044142,NRN,32,8,10,489.00,"4,890.00"
2020-09-02,2020090201044090,NRN,32,21,10,489.00,"4,890.00"
2020-09-02,2020090201043898,NRN,32,21,10,489.00,"4,890.00"
2020-09-02,2020090201043858,NRN,32,46,10,489.00,"4,890.00"
2020-09-02,2020090201044185,PCBL,29,19,100,286.00,"28,600.00"
2020-09-02,2020090201044013,PCBL,56,45,161,285.00,"45,885.00"
2020-09-02,2020090201044012,PCBL,17,45,50,285.00,"14,250.00"
2020-09-02,2020090201044011,PCBL,6,45,20,285.00,"5,700.00"
2020-09-02,2020090201044010,PCBL,58,45,69,285.00,"19,665.00"
2020-09-02,2020090201044250,PIC,25,42,40,743.00,"29,720.00"
2020-09-02,2020090201044178,PIC,25,54,300,743.00,"222,900.00"
2020-09-02,2020090201044053,PIC,57,57,70,744.00,"52,080.00"
2020-09-02,2020090201043991,PIC,25,5,520,743.00,"386,360.00"
2020-09-02,2020090201043868,PIC,25,5,86,743.00,"63,898.00"
2020-09-02,2020090201043867,PIC,51,5,50,743.00,"37,150.00"
2020-09-02,2020090201043866,PIC,29,5,200,743.00,"148,600.00"
2020-09-02,2020090201043865,PIC,45,5,76,743.00,"56,468.00"
2020-09-02,2020090201044184,PLIC,25,34,20,635.00,"12,700.00"
2020-09-02,2020090201044183,PLIC,11,34,100,635.00,"63,500.00"
2020-09-02,2020090201044182,PLIC,53,34,100,635.00,"63,500.00"
2020-09-02,2020090201044181,PLIC,3,34,200,635.00,"127,000.00"
2020-09-02,2020090201044180,PLIC,39,34,279,636.00,"177,444.00"
2020-09-02,2020090201043900,PLIC,50,34,100,637.00,"63,700.00"
2020-09-02,2020090201043899,PLIC,32,34,10,637.00,"6,370.00"
2020-09-02,2020090201044009,PMHPL,10,39,300,93.00,"27,900.00"
2020-09-02,2020090201044226,PRIN,38,59,200,590.00,"118,000.00"
2020-09-02,2020090201044194,PRIN,38,41,500,590.00,"295,000.00"
2020-09-02,2020090201044150,PRIN,38,45,400,590.00,"236,000.00"
2020-09-02,2020090201044110,PRIN,38,17,200,590.00,"118,000.00"
2020-09-02,2020090201043995,PRIN,1,59,15,585.00,"8,775.00"
2020-09-02,2020090201043928,PRIN,1,49,218,585.00,"127,530.00"
2020-09-02,2020090201043828,PRIN,1,22,30,585.00,"17,550.00"
2020-09-02,2020090201043827,PRIN,42,22,10,585.00,"5,850.00"
2020-09-02,2020090201044244,PRVU,33,1,152,237.00,"36,024.00"
2020-09-02,2020090201044222,PRVU,17,43,"1,000",238.00,"238,000.00"
2020-09-02,2020090201044165,PRVU,33,35,500,237.00,"118,500.00"
2020-09-02,2020090201043994,PRVU,33,51,63,237.00,"14,931.00"
2020-09-02,2020090201043796,PRVU,33,40,"1,781",236.00,"420,316.00"
2020-09-02,2020090201043795,PRVU,37,40,500,236.00,"118,000.00"
2020-09-02,2020090201043794,PRVU,36,40,200,236.00,"47,200.00"
2020-09-02,2020090201043793,PRVU,42,40,"1,000",236.00,"236,000.00"
2020-09-02,2020090201043792,PRVU,39,40,769,236.00,"181,484.00"
2020-09-02,2020090201043823,RBCLPO,42,38,200,"8,722.00","1,744,400.00"
2020-09-02,2020090201044006,RHPL,34,29,40,173.00,"6,920.00"
2020-09-02,2020090201044268,RMDC,50,39,6,877.00,"5,262.00"
2020-09-02,2020090201044267,RMDC,50,57,94,877.00,"82,438.00"
2020-09-02,2020090201044005,RMDC,39,51,50,879.00,"43,950.00"
2020-09-02,2020090201044240,RSDC,25,17,18,533.00,"9,594.00"
2020-09-02,2020090201044190,SABSL,13,41,12,820.00,"9,840.00"
2020-09-02,2020090201044189,SABSL,13,36,11,820.00,"9,020.00"
2020-09-02,2020090201044213,SANIMA,1,45,76,352.00,"26,752.00"
2020-09-02,2020090201044212,SANIMA,43,45,500,352.00,"176,000.00"
2020-09-02,2020090201044211,SANIMA,13,45,700,353.00,"247,100.00"
2020-09-02,2020090201044210,SANIMA,28,45,667,353.00,"235,451.00"
2020-09-02,2020090201044209,SANIMA,36,45,57,353.00,"20,121.00"
2020-09-02,2020090201043897,SANIMA,45,45,70,354.00,"24,780.00"
2020-09-02,2020090201043896,SANIMA,45,33,130,354.00,"46,020.00"
2020-09-02,2020090201043802,SANIMA,36,10,335,353.00,"118,255.00"
2020-09-02,2020090201044221,SBL,33,48,"2,000",308.00,"616,000.00"
2020-09-02,2020090201044220,SBL,33,22,"2,000",308.00,"616,000.00"
2020-09-02,2020090201044219,SBL,33,50,"1,000",308.00,"308,000.00"
2020-09-02,2020090201044122,SBL,33,45,100,307.00,"30,700.00"
2020-09-02,2020090201044188,SCB,17,51,100,669.00,"66,900.00"
2020-09-02,2020090201044033,SHINE,26,6,18,239.00,"4,302.00"
2020-09-02,2020090201044272,SHIVM,49,39,298,742.00,"221,116.00"
2020-09-02,2020090201044271,SHIVM,40,39,96,742.00,"71,232.00"
2020-09-02,2020090201044215,SHIVM,40,19,202,742.00,"149,884.00"
2020-09-02,2020090201044214,SHIVM,50,19,298,742.00,"221,116.00"
2020-09-02,2020090201044118,SHIVM,4,35,812,744.00,"604,128.00"
2020-09-02,2020090201044043,SHIVM,4,26,"1,000",744.00,"744,000.00"
2020-09-02,2020090201044042,SHIVM,4,56,40,744.00,"29,760.00"
2020-09-02,2020090201044041,SHIVM,4,57,298,742.00,"221,116.00"
2020-09-02,2020090201044024,SHIVM,21,28,100,741.00,"74,100.00"
2020-09-02,2020090201043804,SHIVM,50,48,100,740.00,"74,000.00"
2020-09-02,2020090201044049,SHIVM,4,38,"1,000",744.00,"744,000.00"
2020-09-02,2020090201044048,SHIVM,4,45,"1,000",744.00,"744,000.00"
2020-09-02,2020090201044047,SHIVM,4,37,100,744.00,"74,400.00"
2020-09-02,2020090201044046,SHIVM,4,38,150,744.00,"111,600.00"
2020-09-02,2020090201044045,SHIVM,4,46,200,744.00,"148,800.00"
2020-09-02,2020090201044044,SHIVM,4,22,400,744.00,"297,600.00"
2020-09-02,2020090201044051,SHL,38,32,140,157.00,"21,980.00"
2020-09-02,2020090201044050,SHL,32,32,"2,000",157.00,"314,000.00"
2020-09-02,2020090201043984,SHPC,49,45,"1,000",273.00,"273,000.00"
2020-09-02,2020090201044029,SIC,28,25,83,863.00,"71,629.00"
2020-09-02,2020090201043908,SIC,44,45,200,864.00,"172,800.00"
2020-09-02,2020090201043907,SIC,51,45,30,865.00,"25,950.00"
2020-09-02,2020090201043906,SIC,29,45,200,865.00,"173,000.00"
2020-09-02,2020090201043905,SIC,14,45,50,865.00,"43,250.00"
2020-09-02,2020090201043904,SIC,6,45,60,865.00,"51,900.00"
2020-09-02,2020090201043903,SIC,22,45,60,865.00,"51,900.00"
2020-09-02,2020090201043902,SIC,7,45,150,866.00,"129,900.00"
2020-09-02,2020090201043861,SIC,38,3,200,870.00,"174,000.00"
2020-09-02,2020090201043860,SIC,52,3,50,870.00,"43,500.00"
2020-09-02,2020090201044245,SICL,41,35,20,"1,293.00","25,860.00"
2020-09-02,2020090201044174,SICL,6,56,23,"1,300.00","29,900.00"
2020-09-02,2020090201044173,SICL,6,56,77,"1,299.00","100,023.00"
2020-09-02,2020090201044109,SICL,58,46,60,"1,292.00","77,520.00"
2020-09-02,2020090201044108,SICL,58,46,40,"1,293.00","51,720.00"
2020-09-02,2020090201044096,SICL,34,25,20,"1,295.00","25,900.00"
2020-09-02,2020090201043960,SICL,34,25,350,"1,295.00","453,250.00"
2020-09-02,2020090201043822,SICL,34,25,70,"1,295.00","90,650.00"
2020-09-02,2020090201044186,SIL,28,49,50,746.00,"37,300.00"
2020-09-02,2020090201043832,SIL,34,8,75,745.00,"55,875.00"
2020-09-02,2020090201044067,SKBBL,50,41,171,"1,345.00","229,995.00"
2020-09-02,2020090201044066,SKBBL,34,41,127,"1,345.00","170,815.00"
2020-09-02,2020090201043950,SKBBL,34,14,100,"1,345.00","134,500.00"
2020-09-02,2020090201044261,SLICL,35,47,20,560.00,"11,200.00"
2020-09-02,2020090201044202,SLICL,16,47,150,560.00,"84,000.00"
2020-09-02,2020090201043997,SLICL,16,47,50,560.00,"28,000.00"
2020-09-02,2020090201043889,SLICL,8,57,50,560.00,"28,000.00"
2020-09-02,2020090201043824,SLICL,16,36,200,559.00,"111,800.00"
2020-09-02,2020090201044105,SMFBS,1,4,30,"1,000.00","30,000.00"
2020-09-02,2020090201044163,SRBL,1,50,147,234.00,"34,398.00"
2020-09-02,2020090201044095,TMDBL,32,49,200,172.00,"34,400.00"
2020-09-02,2020090201044094,TMDBL,32,50,505,172.00,"86,860.00"
2020-09-02,2020090201044093,TMDBL,32,26,797,172.00,"137,084.00"
2020-09-02,2020090201044056,UIC,53,52,70,421.00,"29,470.00"
2020-09-02,2020090201044008,UIC,57,52,30,421.00,"12,630.00"
2020-09-02,2020090201043973,UIC,38,17,425,419.00,"178,075.00"
2020-09-02,2020090201043972,UIC,52,17,20,420.00,"8,400.00"
2020-09-02,2020090201043971,UIC,49,17,70,420.00,"29,400.00"
2020-09-02,2020090201043970,UIC,22,17,500,420.00,"210,000.00"
2020-09-02,2020090201043969,UIC,56,17,230,420.00,"96,600.00"
2020-09-02,2020090201043968,UIC,7,17,775,420.00,"325,500.00"
2020-09-02,2020090201043967,UIC,7,17,310,421.00,"130,510.00"
2020-09-02,2020090201044191,UMHL,46,26,33,114.00,"3,762.00"
2020-09-02,2020090201044065,VLBS,42,37,13,947.00,"12,311.00"
2020-09-02,2020090201043317,ACLBSL,50,17,10,703.00,"7,030.00"
2020-09-02,2020090201043709,ADBL,36,44,"1,000",437.00,"437,000.00"
2020-09-02,2020090201043535,ADBL,36,11,500,436.00,"218,000.00"
2020-09-02,2020090201043292,ADBL,49,44,120,437.00,"52,440.00"
2020-09-02,2020090201043287,ADBL,52,44,430,437.00,"187,910.00"
2020-09-02,2020090201043286,ADBL,38,44,50,437.00,"21,850.00"
2020-09-02,2020090201043725,AIL,34,4,10,517.00,"5,170.00"
2020-09-02,2020090201043722,AIL,34,6,10,517.00,"5,170.00"
2020-09-02,2020090201043573,AIL,34,18,10,517.00,"5,170.00"
2020-09-02,2020090201043571,AIL,34,44,10,517.00,"5,170.00"
2020-09-02,2020090201043455,AIL,34,13,10,517.00,"5,170.00"
2020-09-02,2020090201043342,AIL,34,41,10,517.00,"5,170.00"
2020-09-02,2020090201043367,AKJCL,57,44,10,59.00,590.00
2020-09-02,2020090201043484,AKPL,58,44,13,152.00,"1,976.00"
2020-09-02,2020090201043667,ALBSL,28,34,137,800.00,"109,600.00"
2020-09-02,2020090201043761,ALICL,32,33,50,721.00,"36,050.00"
2020-09-02,2020090201043631,ALICL,32,46,25,721.00,"18,025.00"
2020-09-02,2020090201043382,ALICL,32,17,84,721.00,"60,564.00"
2020-09-02,2020090201043566,API,33,44,17,132.00,"2,244.00"
2020-09-02,2020090201043295,API,33,52,50,132.00,"6,600.00"
2020-09-02,2020090201043604,BARUN,42,44,10,106.00,"1,060.00"
2020-09-02,2020090201043366,BOKL,11,55,200,236.00,"47,200.00"
2020-09-02,2020090201043651,BPCL,11,34,285,398.00,"113,430.00"
2020-09-02,2020090201043568,BPCL,55,42,100,397.00,"39,700.00"
2020-09-02,2020090201043465,BPCL,57,34,700,398.00,"278,600.00"
2020-09-02,2020090201043356,BPCL,56,34,15,398.00,"5,970.00"
2020-09-02,2020090201043326,BPCL,56,34,130,398.00,"51,740.00"
2020-09-02,2020090201043723,CCBL,35,16,21,175.00,"3,675.00"
2020-09-02,2020090201043685,CCBL,14,56,100,176.00,"17,600.00"
2020-09-02,2020090201043683,CFCL,1,44,250,126.00,"31,500.00"
2020-09-02,2020090201043542,CHCL,42,29,350,452.00,"158,200.00"
2020-09-02,2020090201043403,CHCL,42,51,288,452.00,"130,176.00"
2020-09-02,2020090201043402,CHCL,42,6,360,452.00,"162,720.00"
2020-09-02,2020090201043401,CHCL,42,16,500,452.00,"226,000.00"
2020-09-02,2020090201043400,CHCL,42,44,"1,000",452.00,"452,000.00"
2020-09-02,2020090201043399,CHCL,42,55,100,452.00,"45,200.00"
2020-09-02,2020090201043392,CHCL,42,10,"4,600",452.00,"2,079,200.00"
2020-09-02,2020090201043391,CHCL,42,10,"4,380",452.00,"1,979,760.00"
2020-09-02,2020090201043390,CHCL,42,20,802,451.00,"361,702.00"
2020-09-02,2020090201043389,CHCL,42,26,85,450.00,"38,250.00"
2020-09-02,2020090201043341,CHCL,14,26,100,450.00,"45,000.00"
2020-09-02,2020090201043340,CHCL,36,26,204,450.00,"91,800.00"
2020-09-02,2020090201043398,CHCL,42,51,440,452.00,"198,880.00"
2020-09-02,2020090201043397,CHCL,42,10,200,452.00,"90,400.00"
2020-09-02,2020090201043396,CHCL,42,47,50,452.00,"22,600.00"
2020-09-02,2020090201043395,CHCL,42,45,"1,000",452.00,"452,000.00"
2020-09-02,2020090201043394,CHCL,42,34,100,452.00,"45,200.00"
2020-09-02,2020090201043393,CHCL,42,22,130,452.00,"58,760.00"
2020-09-02,2020090201043486,CORBL,36,40,220,122.00,"26,840.00"
2020-09-02,2020090201043485,CORBL,43,40,880,122.00,"107,360.00"
2020-09-02,2020090201043459,DDBL,43,47,50,880.00,"44,000.00"
2020-09-02,2020090201043405,DHPL,28,34,175,56.00,"9,800.00"
2020-09-02,2020090201043404,DHPL,22,34,25,56.00,"1,400.00"
2020-09-02,2020090201043544,EBL,48,1,94,740.00,"69,560.00"
2020-09-02,2020090201043543,EBL,45,1,200,742.00,"148,400.00"
2020-09-02,2020090201043772,EIC,29,40,150,490.00,"73,500.00"
2020-09-02,2020090201043630,EIC,19,40,100,491.00,"49,100.00"
2020-09-02,2020090201043435,EIC,45,8,10,492.00,"4,920.00"
2020-09-02,2020090201043434,EIC,45,34,90,491.00,"44,190.00"
2020-09-02,2020090201043374,EIC,29,40,350,490.00,"171,500.00"
2020-09-02,2020090201043373,EIC,26,40,150,490.00,"73,500.00"
2020-09-02,2020090201043362,EIC,59,34,50,491.00,"24,550.00"
2020-09-02,2020090201043361,EIC,45,34,60,491.00,"29,460.00"
2020-09-02,2020090201043354,EIC,45,45,30,491.00,"14,730.00"
2020-09-02,2020090201043769,FMDBL,39,44,858,574.00,"492,492.00"
2020-09-02,2020090201043768,FMDBL,39,56,142,573.00,"81,366.00"
2020-09-02,2020090201043380,FMDBL,34,16,540,572.00,"308,880.00"
2020-09-02,2020090201043379,FMDBL,32,16,10,573.00,"5,730.00"
2020-09-02,2020090201043378,FMDBL,48,16,50,573.00,"28,650.00"
2020-09-02,2020090201043572,FOWAD,50,7,81,"1,575.00","127,575.00"
2020-09-02,2020090201043724,GBBL,26,59,100,241.00,"24,100.00"
2020-09-02,2020090201043666,GBBL,49,59,10,241.00,"2,410.00"
2020-09-02,2020090201043582,GBBL,53,59,500,241.00,"120,500.00"
2020-09-02,2020090201043767,GBIME,41,22,30,264.00,"7,920.00"
2020-09-02,2020090201043668,GBIME,44,19,100,265.00,"26,500.00"
2020-09-02,2020090201043615,GBIME,41,33,30,264.00,"7,920.00"
2020-09-02,2020090201043481,GBIME,51,19,30,265.00,"7,950.00"
2020-09-02,2020090201043431,GBIME,6,19,50,265.00,"13,250.00"
2020-09-02,2020090201043430,GBIME,6,46,110,265.00,"29,150.00"
2020-09-02,2020090201043424,GBIME,41,55,11,264.00,"2,904.00"
2020-09-02,2020090201043721,GFCL,47,36,120,154.00,"18,480.00"
2020-09-02,2020090201043750,GHL,43,44,30,67.00,"2,010.00"
2020-09-02,2020090201043456,GLICL,41,1,50,570.00,"28,500.00"
2020-09-02,2020090201043738,GUFL,5,29,360,123.00,"44,280.00"
2020-09-02,2020090201043737,GUFL,57,29,50,123.00,"6,150.00"
2020-09-02,2020090201043462,GUFL,49,29,500,124.00,"62,000.00"
2020-09-02,2020090201043461,GUFL,1,29,100,124.00,"12,400.00"
2020-09-02,2020090201043527,HDL,57,57,60,"1,827.00","109,620.00"
2020-09-02,2020090201043526,HDL,1,57,50,"1,828.00","91,400.00"
2020-09-02,2020090201043528,HDL,45,57,390,"1,826.00","712,140.00"
2020-09-02,2020090201043627,HDL,5,6,90,"1,824.00","164,160.00"
2020-09-02,2020090201043626,HDL,14,6,10,"1,824.00","18,240.00"
2020-09-02,2020090201043625,HDL,44,6,100,"1,825.00","182,500.00"
2020-09-02,2020090201043624,HDL,33,6,500,"1,825.00","912,500.00"
2020-09-02,2020090201043623,HDL,45,6,200,"1,826.00","365,200.00"
2020-09-02,2020090201043701,HGI,21,41,50,477.00,"23,850.00"
2020-09-02,2020090201043447,HGI,45,19,296,476.00,"140,896.00"
2020-09-02,2020090201043446,HGI,38,19,20,477.00,"9,540.00"
2020-09-02,2020090201043565,HIDCL,45,54,49,156.00,"7,644.00"
2020-09-02,2020090201043564,HIDCL,13,54,100,156.00,"15,600.00"
2020-09-02,2020090201043563,HIDCL,35,54,100,156.00,"15,600.00"
2020-09-02,2020090201043562,HIDCL,49,54,100,156.00,"15,600.00"
2020-09-02,2020090201043561,HIDCL,37,54,500,156.00,"78,000.00"
2020-09-02,2020090201043560,HIDCL,38,54,50,156.00,"7,800.00"
2020-09-02,2020090201043559,HIDCL,43,54,"1,000",156.00,"156,000.00"
2020-09-02,2020090201043558,HIDCL,8,54,100,156.00,"15,600.00"
2020-09-02,2020090201043557,HIDCL,37,54,"1,000",156.00,"156,000.00"
2020-09-02,2020090201043556,HIDCL,16,54,600,156.00,"93,600.00"
2020-09-02,2020090201043555,HIDCL,59,54,401,156.00,"62,556.00"
2020-09-02,2020090201043429,HIDCL,59,44,31,156.00,"4,836.00"
2020-09-02,2020090201043460,ICFC,56,7,100,180.00,"18,000.00"
2020-09-02,2020090201043351,ICFC,56,57,"1,546",180.00,"278,280.00"
2020-09-02,2020090201043350,ICFC,52,57,40,181.00,"7,240.00"
2020-09-02,2020090201043349,ICFC,52,57,30,181.00,"5,430.00"
2020-09-02,2020090201043348,ICFC,43,57,384,181.00,"69,504.00"
2020-09-02,2020090201043538,IGI,49,57,16,527.00,"8,432.00"
2020-09-02,2020090201043517,IGI,49,8,100,527.00,"52,700.00"
