Date,Transact. No.,Symbol,Buyer,Seller,Quantity,Rate,Amount
2020-12-24,2020122404001420,BBC,43,36,10,"2,690.00","26,900.00"
2020-12-24,2020122404001401,CMF1,25,34,300,10.13,"3,039.00"
2020-12-24,2020122404001334,CMF1,25,53,200,10.13,"2,026.00"
2020-12-24,2020122404001161,CMF1,25,38,200,9.98,"1,996.00"
2020-12-24,2020122404001121,CMF1,14,29,200,9.82,"1,964.00"
2020-12-24,2020122404001115,CMF1,14,34,100,9.82,982.00
2020-12-24,2020122404001059,GBD80/81,57,3,25,"1,071.00","26,775.00"
2020-12-24,2020122404001058,GBD80/81,57,49,25,"1,070.00","26,750.00"
2020-12-24,2020122404001478,GIC,58,26,20,552.00,"11,040.00"
2020-12-24,2020122404001477,GIC,49,29,10,551.00,"5,510.00"
2020-12-24,2020122404001475,GIC,49,26,20,552.00,"11,040.00"
2020-12-24,2020122404001472,GIC,53,29,10,552.00,"5,520.00"
2020-12-24,2020122404001464,GIC,42,29,10,552.00,"5,520.00"
2020-12-24,2020122404001463,GIC,42,18,10,552.00,"5,520.00"
2020-12-24,2020122404000992,GIC,34,43,10,552.00,"5,520.00"
2020-12-24,2020122404000989,GIC,34,10,10,552.00,"5,520.00"
2020-12-24,2020122404000988,GIC,34,6,10,552.00,"5,520.00"
2020-12-24,2020122404000986,GIC,34,22,10,552.00,"5,520.00"
2020-12-24,2020122404000982,GIC,21,21,10,551.00,"5,510.00"
2020-12-24,2020122404000980,GIC,21,43,10,551.00,"5,510.00"
2020-12-24,2020122404001048,GIC,21,7,10,551.00,"5,510.00"
2020-12-24,2020122404001040,GIC,21,7,10,551.00,"5,510.00"
2020-12-24,2020122404001037,GIC,35,7,10,552.00,"5,520.00"
2020-12-24,2020122404001021,GIC,34,45,10,552.00,"5,520.00"
2020-12-24,2020122404001020,GIC,35,35,10,553.00,"5,530.00"
2020-12-24,2020122404001017,GIC,34,21,10,552.00,"5,520.00"
2020-12-24,2020122404001063,GIC,46,38,10,551.00,"5,510.00"
2020-12-24,2020122404001060,GIC,35,35,10,553.00,"5,530.00"
2020-12-24,2020122404001056,GIC,46,7,10,551.00,"5,510.00"
2020-12-24,2020122404001055,GIC,46,57,30,551.00,"16,530.00"
2020-12-24,2020122404001054,GIC,49,57,50,551.00,"27,550.00"
2020-12-24,2020122404001053,GIC,21,57,20,551.00,"11,020.00"
2020-12-24,2020122404001077,GIC,38,7,10,550.00,"5,500.00"
2020-12-24,2020122404001076,GIC,38,17,10,550.00,"5,500.00"
2020-12-24,2020122404001073,GIC,38,38,10,550.00,"5,500.00"
2020-12-24,2020122404001070,GIC,38,8,10,550.00,"5,500.00"
2020-12-24,2020122404001069,GIC,38,7,10,550.00,"5,500.00"
2020-12-24,2020122404001065,GIC,34,44,10,550.00,"5,500.00"
2020-12-24,2020122404001094,GIC,38,7,10,550.00,"5,500.00"
2020-12-24,2020122404001087,GIC,46,58,10,552.00,"5,520.00"
2020-12-24,2020122404001086,GIC,38,38,10,550.00,"5,500.00"
2020-12-24,2020122404001082,GIC,38,38,10,550.00,"5,500.00"
2020-12-24,2020122404001080,GIC,38,44,10,550.00,"5,500.00"
2020-12-24,2020122404001078,GIC,38,38,10,550.00,"5,500.00"
2020-12-24,2020122404001109,GIC,38,38,10,550.00,"5,500.00"
2020-12-24,2020122404001107,GIC,38,38,10,550.00,"5,500.00"
2020-12-24,2020122404001106,GIC,38,17,10,550.00,"5,500.00"
2020-12-24,2020122404001104,GIC,38,7,10,550.00,"5,500.00"
2020-12-24,2020122404001099,GIC,38,44,10,550.00,"5,500.00"
2020-12-24,2020122404001095,GIC,38,29,10,550.00,"5,500.00"
2020-12-24,2020122404001132,GIC,46,14,10,553.00,"5,530.00"
2020-12-24,2020122404001131,GIC,46,35,20,553.00,"11,060.00"
2020-12-24,2020122404001128,GIC,38,55,10,550.00,"5,500.00"
2020-12-24,2020122404001127,GIC,35,35,10,553.00,"5,530.00"
2020-12-24,2020122404001126,GIC,38,51,10,550.00,"5,500.00"
2020-12-24,2020122404001111,GIC,38,20,10,550.00,"5,500.00"
2020-12-24,2020122404001142,GIC,46,51,10,551.00,"5,510.00"
2020-12-24,2020122404001140,GIC,41,38,10,551.00,"5,510.00"
2020-12-24,2020122404001138,GIC,41,53,10,551.00,"5,510.00"
2020-12-24,2020122404001136,GIC,41,7,10,551.00,"5,510.00"
2020-12-24,2020122404001134,GIC,46,41,10,553.00,"5,530.00"
2020-12-24,2020122404001133,GIC,46,4,10,553.00,"5,530.00"
2020-12-24,2020122404001154,GIC,48,51,10,554.00,"5,540.00"
2020-12-24,2020122404001149,GIC,57,55,10,551.00,"5,510.00"
2020-12-24,2020122404001147,GIC,38,7,10,550.00,"5,500.00"
2020-12-24,2020122404001145,GIC,47,38,10,551.00,"5,510.00"
2020-12-24,2020122404001144,GIC,46,50,10,554.00,"5,540.00"
2020-12-24,2020122404001143,GIC,46,58,10,554.00,"5,540.00"
2020-12-24,2020122404001187,GIC,11,7,10,550.00,"5,500.00"
2020-12-24,2020122404001186,GIC,11,17,10,550.00,"5,500.00"
2020-12-24,2020122404001177,GIC,11,17,10,550.00,"5,500.00"
2020-12-24,2020122404001176,GIC,57,45,10,551.00,"5,510.00"
2020-12-24,2020122404001170,GIC,57,56,10,551.00,"5,510.00"
2020-12-24,2020122404001169,GIC,57,17,10,551.00,"5,510.00"
2020-12-24,2020122404001203,GIC,11,17,10,550.00,"5,500.00"
2020-12-24,2020122404001201,GIC,11,18,10,550.00,"5,500.00"
2020-12-24,2020122404001197,GIC,11,7,10,550.00,"5,500.00"
2020-12-24,2020122404001195,GIC,11,45,10,550.00,"5,500.00"
2020-12-24,2020122404001192,GIC,11,55,10,550.00,"5,500.00"
2020-12-24,2020122404001191,GIC,11,45,10,550.00,"5,500.00"
2020-12-24,2020122404001212,GIC,11,32,10,550.00,"5,500.00"
2020-12-24,2020122404001210,GIC,11,18,10,550.00,"5,500.00"
2020-12-24,2020122404001209,GIC,11,38,10,550.00,"5,500.00"
2020-12-24,2020122404001207,GIC,11,32,10,550.00,"5,500.00"
2020-12-24,2020122404001206,GIC,11,16,10,550.00,"5,500.00"
2020-12-24,2020122404001204,GIC,11,7,10,550.00,"5,500.00"
2020-12-24,2020122404001224,GIC,11,7,10,550.00,"5,500.00"
2020-12-24,2020122404001222,GIC,11,45,10,550.00,"5,500.00"
2020-12-24,2020122404001220,GIC,11,21,10,550.00,"5,500.00"
2020-12-24,2020122404001219,GIC,11,58,10,550.00,"5,500.00"
2020-12-24,2020122404001218,GIC,11,38,10,550.00,"5,500.00"
2020-12-24,2020122404001215,GIC,11,21,10,550.00,"5,500.00"
2020-12-24,2020122404001233,GIC,11,38,10,550.00,"5,500.00"
2020-12-24,2020122404001231,GIC,11,8,10,550.00,"5,500.00"
2020-12-24,2020122404001230,GIC,11,37,10,550.00,"5,500.00"
2020-12-24,2020122404001229,GIC,11,18,10,550.00,"5,500.00"
2020-12-24,2020122404001228,GIC,11,38,10,550.00,"5,500.00"
2020-12-24,2020122404001226,GIC,11,37,10,550.00,"5,500.00"
2020-12-24,2020122404001246,GIC,1,51,10,551.00,"5,510.00"
2020-12-24,2020122404001245,GIC,1,21,10,551.00,"5,510.00"
2020-12-24,2020122404001243,GIC,42,49,90,550.00,"49,500.00"
2020-12-24,2020122404001242,GIC,11,49,410,550.00,"225,500.00"
2020-12-24,2020122404001236,GIC,11,58,10,550.00,"5,500.00"
2020-12-24,2020122404001234,GIC,11,37,10,550.00,"5,500.00"
2020-12-24,2020122404001267,GIC,1,39,10,551.00,"5,510.00"
2020-12-24,2020122404001263,GIC,1,7,10,551.00,"5,510.00"
2020-12-24,2020122404001252,GIC,1,18,10,551.00,"5,510.00"
2020-12-24,2020122404001251,GIC,1,38,10,551.00,"5,510.00"
2020-12-24,2020122404001250,GIC,1,39,10,551.00,"5,510.00"
2020-12-24,2020122404001247,GIC,1,44,10,551.00,"5,510.00"
2020-12-24,2020122404001295,GIC,42,51,10,550.00,"5,500.00"
2020-12-24,2020122404001291,GIC,42,39,10,550.00,"5,500.00"
2020-12-24,2020122404001290,GIC,42,45,10,550.00,"5,500.00"
2020-12-24,2020122404001289,GIC,42,17,10,550.00,"5,500.00"
2020-12-24,2020122404001280,GIC,42,44,10,550.00,"5,500.00"
2020-12-24,2020122404001272,GIC,1,49,20,551.00,"11,020.00"
2020-12-24,2020122404001315,GIC,45,26,10,550.00,"5,500.00"
2020-12-24,2020122404001313,GIC,45,17,10,550.00,"5,500.00"
2020-12-24,2020122404001312,GIC,45,17,10,550.00,"5,500.00"
2020-12-24,2020122404001305,GIC,45,39,120,550.00,"66,000.00"
2020-12-24,2020122404001304,GIC,39,49,200,551.00,"110,200.00"
2020-12-24,2020122404001299,GIC,42,26,10,550.00,"5,500.00"
2020-12-24,2020122404001329,GIC,20,14,10,550.00,"5,500.00"
2020-12-24,2020122404001327,GIC,20,17,20,550.00,"11,000.00"
2020-12-24,2020122404001326,GIC,45,17,80,550.00,"44,000.00"
2020-12-24,2020122404001323,GIC,45,13,10,550.00,"5,500.00"
2020-12-24,2020122404001322,GIC,45,58,200,550.00,"110,000.00"
2020-12-24,2020122404001318,GIC,45,17,10,550.00,"5,500.00"
2020-12-24,2020122404001349,GIC,34,36,10,551.00,"5,510.00"
2020-12-24,2020122404001348,GIC,34,49,80,551.00,"44,080.00"
2020-12-24,2020122404001347,GIC,45,18,10,550.00,"5,500.00"
2020-12-24,2020122404001345,GIC,45,42,10,550.00,"5,500.00"
2020-12-24,2020122404001343,GIC,20,58,10,550.00,"5,500.00"
2020-12-24,2020122404001330,GIC,20,49,10,550.00,"5,500.00"
2020-12-24,2020122404001364,GIC,45,47,10,550.00,"5,500.00"
2020-12-24,2020122404001362,GIC,45,36,10,550.00,"5,500.00"
2020-12-24,2020122404001357,GIC,45,58,10,550.00,"5,500.00"
2020-12-24,2020122404001355,GIC,45,58,10,550.00,"5,500.00"
2020-12-24,2020122404001352,GIC,45,38,10,550.00,"5,500.00"
2020-12-24,2020122404001351,GIC,45,51,10,550.00,"5,500.00"
2020-12-24,2020122404001389,GIC,45,38,10,550.00,"5,500.00"
2020-12-24,2020122404001388,GIC,45,47,10,550.00,"5,500.00"
2020-12-24,2020122404001387,GIC,25,58,10,551.00,"5,510.00"
2020-12-24,2020122404001386,GIC,45,43,10,550.00,"5,500.00"
2020-12-24,2020122404001384,GIC,45,21,10,550.00,"5,500.00"
2020-12-24,2020122404001366,GIC,45,58,10,550.00,"5,500.00"
2020-12-24,2020122404001416,GIC,49,42,10,551.00,"5,510.00"
2020-12-24,2020122404001415,GIC,49,37,10,551.00,"5,510.00"
2020-12-24,2020122404001414,GIC,49,22,10,551.00,"5,510.00"
2020-12-24,2020122404001411,GIC,49,37,10,551.00,"5,510.00"
2020-12-24,2020122404001408,GIC,49,48,10,551.00,"5,510.00"
2020-12-24,2020122404001390,GIC,45,58,10,550.00,"5,500.00"
2020-12-24,2020122404001431,GIC,42,28,10,552.00,"5,520.00"
2020-12-24,2020122404001430,GIC,42,28,10,552.00,"5,520.00"
2020-12-24,2020122404001429,GIC,42,34,10,552.00,"5,520.00"
2020-12-24,2020122404001428,GIC,42,58,10,552.00,"5,520.00"
2020-12-24,2020122404001426,GIC,49,58,10,551.00,"5,510.00"
2020-12-24,2020122404001423,GIC,34,56,10,552.00,"5,520.00"
2020-12-24,2020122404001378,GIMES1,3,28,"1,100",11.07,"12,177.00"
2020-12-24,2020122404001353,GIMES1,45,47,320,11.27,"3,606.40"
2020-12-24,2020122404001260,GIMES1,25,47,500,11.27,"5,635.00"
2020-12-24,2020122404001050,KBLD86,42,10,25,"1,041.00","26,025.00"
2020-12-24,2020122404001045,KBLPO,26,50,"1,125",110.00,"123,750.00"
2020-12-24,2020122404001042,KBLPO,26,50,"4,501",110.00,"495,110.00"
2020-12-24,2020122404001041,KBLPO,26,50,"2,250",110.00,"247,500.00"
2020-12-24,2020122404001039,KBLPO,26,50,562,110.00,"61,820.00"
2020-12-24,2020122404001285,LEMF,21,51,500,9.81,"4,905.00"
2020-12-24,2020122404001282,LEMF,21,29,"3,000",9.81,"29,430.00"
2020-12-24,2020122404001281,LEMF,42,29,"2,000",9.82,"19,640.00"
2020-12-24,2020122404001240,LEMF,21,51,500,9.81,"4,905.00"
2020-12-24,2020122404001361,LUK,41,11,200,9.30,"1,860.00"
2020-12-24,2020122404001325,LUK,25,7,400,9.40,"3,760.00"
2020-12-24,2020122404001317,LUK,25,59,100,9.35,935.00
2020-12-24,2020122404001300,LUK,41,4,400,9.30,"3,720.00"
2020-12-24,2020122404001025,LUK,34,4,400,9.35,"3,740.00"
2020-12-24,2020122404001424,MNBBLP,48,37,"3,000",182.00,"546,000.00"
2020-12-24,2020122404001032,MNBBLP,25,1,"5,000",182.00,"910,000.00"
2020-12-24,2020122404001027,MNBBLP,25,1,"5,000",182.00,"910,000.00"
2020-12-24,2020122404001026,MNBBLP,25,1,"5,000",182.00,"910,000.00"
2020-12-24,2020122404001022,MNBBLP,25,1,"7,000",182.00,"1,274,000.00"
2020-12-24,2020122404001019,MNBBLP,25,1,"5,000",182.00,"910,000.00"
2020-12-24,2020122404001016,MNBBLP,25,1,"5,000",182.00,"910,000.00"
2020-12-24,2020122404000999,MNBBLP,1,25,"59,403",182.00,"10,811,346.00"
2020-12-24,2020122404001376,NBF2,38,25,"1,000",9.60,"9,600.00"
2020-12-24,2020122404001371,NBF2,38,28,270,9.60,"2,592.00"
2020-12-24,2020122404001342,NBF2,38,25,"1,500",9.60,"14,400.00"
2020-12-24,2020122404001341,NBF2,25,25,500,9.74,"4,870.00"
2020-12-24,2020122404001061,NBF2,38,44,120,9.55,"1,146.00"
2020-12-24,2020122404001262,NCCBPO,57,34,"30,970",114.00,"3,530,580.00"
2020-12-24,2020122404001400,NEF,14,25,"2,414",9.89,"23,874.46"
2020-12-24,2020122404001360,NEF,14,28,332,9.89,"3,283.48"
2020-12-24,2020122404001359,NEF,19,28,"1,000",9.89,"9,890.00"
2020-12-24,2020122404001358,NEF,17,28,"1,082",9.89,"10,700.98"
2020-12-24,2020122404001286,NEF,25,26,"1,000",9.90,"9,900.00"
2020-12-24,2020122404001259,NEF,17,22,845,9.89,"8,357.05"
2020-12-24,2020122404001249,NEF,17,22,"2,414",9.89,"23,874.46"
2020-12-24,2020122404001194,NEF,26,26,276,9.90,"2,732.40"
2020-12-24,2020122404001193,NEF,17,26,"1,000",9.90,"9,900.00"
2020-12-24,2020122404001034,NEF,26,17,724,9.90,"7,167.60"
2020-12-24,2020122404001457,NIBLPF,14,38,"2,530",10.15,"25,679.50"
2020-12-24,2020122404001427,NIBLPF,14,26,758,10.15,"7,693.70"
2020-12-24,2020122404001425,NIBLPF,14,42,253,10.15,"2,567.95"
2020-12-24,2020122404001405,NIBLPF,14,49,"2,525",10.15,"25,628.75"
2020-12-24,2020122404001266,NIBLPF,25,38,500,10.18,"5,090.00"
2020-12-24,2020122404001162,NIBLPF,14,38,"2,525",10.15,"25,628.75"
2020-12-24,2020122404001119,NIBLPF,17,18,"6,509",10.14,"66,001.26"
2020-12-24,2020122404001092,NIBLPF,17,14,525,10.14,"5,323.50"
2020-12-24,2020122404001091,NIBLPF,6,14,"2,000",10.15,"20,300.00"
2020-12-24,2020122404001473,NIBPO,58,35,10,445.00,"4,450.00"
2020-12-24,2020122404001462,NIBPO,34,10,973,442.00,"430,066.00"
2020-12-24,2020122404001461,NIBPO,54,10,27,442.00,"11,934.00"
2020-12-24,2020122404001459,NIBPO,54,10,500,442.00,"221,000.00"
2020-12-24,2020122404001458,NIBPO,54,10,436,442.00,"192,712.00"
2020-12-24,2020122404001456,NIBPO,54,16,20,442.00,"8,840.00"
2020-12-24,2020122404001005,NIBPO,13,35,300,441.00,"132,300.00"
2020-12-24,2020122404001004,NIBPO,26,35,37,441.00,"16,317.00"
2020-12-24,2020122404001003,NIBPO,1,35,300,442.00,"132,600.00"
2020-12-24,2020122404001011,NIBPO,8,35,500,440.00,"220,000.00"
2020-12-24,2020122404001010,NIBPO,13,35,500,440.00,"220,000.00"
2020-12-24,2020122404001009,NIBPO,49,35,500,440.00,"220,000.00"
2020-12-24,2020122404001008,NIBPO,13,35,300,440.00,"132,000.00"
2020-12-24,2020122404001007,NIBPO,8,35,500,441.00,"220,500.00"
2020-12-24,2020122404001006,NIBPO,28,35,"2,000",441.00,"882,000.00"
2020-12-24,2020122404001088,NIBPO,34,58,"2,500",445.00,"1,112,500.00"
2020-12-24,2020122404001079,NIBPO,11,29,245,441.00,"108,045.00"
2020-12-24,2020122404001024,NIBPO,44,6,"4,937",440.00,"2,172,280.00"
2020-12-24,2020122404001015,NIBPO,44,35,"20,063",440.00,"8,827,720.00"
2020-12-24,2020122404001014,NIBPO,44,35,"4,937",440.00,"2,172,280.00"
2020-12-24,2020122404001012,NIBPO,44,35,"20,063",440.00,"8,827,720.00"
2020-12-24,2020122404001214,NIBPO,34,39,"3,790",447.00,"1,694,130.00"
2020-12-24,2020122404001213,NIBPO,34,6,210,446.00,"93,660.00"
2020-12-24,2020122404001159,NIBPO,34,6,"4,580",446.00,"2,042,680.00"
2020-12-24,2020122404001158,NIBPO,34,55,309,446.00,"137,814.00"
2020-12-24,2020122404001157,NIBPO,34,35,"2,000",445.00,"890,000.00"
2020-12-24,2020122404001156,NIBPO,34,58,111,445.00,"49,395.00"
2020-12-24,2020122404001293,NIBPO,54,6,17,442.00,"7,514.00"
2020-12-24,2020122404001275,NIBPO,10,6,"1,030",443.00,"456,290.00"
2020-12-24,2020122404001274,NIBPO,1,6,500,443.00,"221,500.00"
2020-12-24,2020122404001273,NIBPO,28,6,"1,000",443.00,"443,000.00"
2020-12-24,2020122404001271,NIBPO,11,6,"1,755",444.00,"779,220.00"
2020-12-24,2020122404001248,NIBPO,11,35,"2,000",446.00,"892,000.00"
2020-12-24,2020122404001068,NIBSF1,7,59,"4,000",11.02,"44,080.00"
2020-12-24,2020122404001067,NIBSF1,35,59,"1,000",11.02,"11,020.00"
2020-12-24,2020122404000981,NIBSF1,26,38,"5,000",11.03,"55,150.00"
2020-12-24,2020122404001196,NICBF,20,4,500,10.03,"5,015.00"
2020-12-24,2020122404001163,NICGF,19,56,"1,000",10.27,"10,270.00"
2020-12-24,2020122404001172,NMB50,22,45,200,10.35,"2,070.00"
2020-12-24,2020122404001167,NMB50,22,50,100,10.35,"1,035.00"
2020-12-24,2020122404000985,NMB50,22,33,"3,200",10.35,"33,120.00"
2020-12-24,2020122404000984,NMB50,19,33,"2,500",10.36,"25,900.00"
2020-12-24,2020122404001466,NMBHF1,58,47,"4,161",10.00,"41,610.00"
2020-12-24,2020122404001433,NMBHF1,8,47,"5,839",9.97,"58,214.83"
2020-12-24,2020122404001432,NMBHF1,8,49,"4,161",9.97,"41,485.17"
2020-12-24,2020122404001333,NMBHF1,49,18,"3,052",9.93,"30,306.36"
2020-12-24,2020122404001268,NMBHF1,56,18,852,10.00,"8,520.00"
2020-12-24,2020122404001227,NMBHF1,17,35,800,9.95,"7,960.00"
2020-12-24,2020122404001166,NMBHF1,25,35,200,9.95,"1,990.00"
2020-12-24,2020122404001124,NMBHF1,56,18,"1,834",10.00,"18,340.00"
2020-12-24,2020122404001123,NMBHF1,56,16,250,9.95,"2,487.50"
2020-12-24,2020122404001122,NMBHF1,56,16,416,9.95,"4,139.20"
2020-12-24,2020122404001002,NMBHF1,49,16,250,9.93,"2,482.50"
2020-12-24,2020122404000997,NMBHF1,49,16,250,9.93,"2,482.50"
2020-12-24,2020122404000987,NMBPO,1,25,"42,545",250.00,"10,636,250.00"
2020-12-24,2020122404001412,RBCLPO,19,44,10,"13,300.00","133,000.00"
2020-12-24,2020122404001410,RBCLPO,50,44,10,"13,300.00","133,000.00"
2020-12-24,2020122404001409,RBCLPO,50,44,10,"13,300.00","133,000.00"
2020-12-24,2020122404001407,RBCLPO,50,44,10,"13,300.00","133,000.00"
2020-12-24,2020122404001139,RBCLPO,43,4,20,"13,260.00","265,200.00"
2020-12-24,2020122404001137,RBCLPO,43,4,30,"13,260.00","397,800.00"
2020-12-24,2020122404001001,RBCLPO,54,45,100,"13,000.00","1,300,000.00"
2020-12-24,2020122404001000,RBCLPO,57,45,20,"13,001.00","260,020.00"
2020-12-24,2020122404000998,RBCLPO,59,45,200,"13,100.00","2,620,000.00"
2020-12-24,2020122404001283,SAEF,17,56,"2,000",11.00,"22,000.00"
2020-12-24,2020122404001278,SAEF,17,25,500,11.00,"5,500.00"
2020-12-24,2020122404001254,SAEF,17,51,500,11.00,"5,500.00"
2020-12-24,2020122404001235,SAEF,17,51,500,11.00,"5,500.00"
2020-12-24,2020122404001174,SAEF,17,48,"2,000",11.00,"22,000.00"
2020-12-24,2020122404001153,SAEF,17,48,"2,000",11.00,"22,000.00"
2020-12-24,2020122404000994,SAEF,17,13,500,11.00,"5,500.00"
2020-12-24,2020122404001406,SEF,58,59,500,10.30,"5,150.00"
2020-12-24,2020122404001316,SEF,17,29,"8,900",10.40,"92,560.00"
2020-12-24,2020122404001294,SEF,25,4,500,10.46,"5,230.00"
2020-12-24,2020122404001256,SEF,17,51,500,10.40,"5,200.00"
2020-12-24,2020122404001237,SEF,17,51,500,10.40,"5,200.00"
2020-12-24,2020122404001160,SEF,17,48,"5,000",10.40,"52,000.00"
2020-12-24,2020122404001112,SEF,17,48,"4,000",10.40,"41,600.00"
2020-12-24,2020122404001046,SEF,17,10,"1,000",10.40,"10,400.00"
2020-12-24,2020122404001044,SEF,17,10,"1,000",10.40,"10,400.00"
2020-12-24,2020122404001043,SEF,17,10,"1,000",10.40,"10,400.00"
2020-12-24,2020122404001373,SFMF,41,10,"1,800",10.00,"18,000.00"
2020-12-24,2020122404001372,SFMF,17,10,"1,000",10.01,"10,010.00"
2020-12-24,2020122404001276,SFMF,42,10,"1,400",10.09,"14,126.00"
2020-12-24,2020122404001479,SGI,49,18,10,574.00,"5,740.00"
2020-12-24,2020122404001476,SGI,49,58,10,574.00,"5,740.00"
2020-12-24,2020122404001474,SGI,42,29,10,574.00,"5,740.00"
2020-12-24,2020122404001471,SGI,38,46,10,582.00,"5,820.00"
2020-12-24,2020122404001470,SGI,38,33,10,582.00,"5,820.00"
2020-12-24,2020122404001469,SGI,38,22,10,581.00,"5,810.00"
2020-12-24,2020122404000991,SGI,5,10,10,576.00,"5,760.00"
2020-12-24,2020122404000990,SGI,5,16,10,576.00,"5,760.00"
2020-12-24,2020122404000983,SGI,5,43,10,576.00,"5,760.00"
2020-12-24,2020122404001023,SGI,5,21,10,576.00,"5,760.00"
2020-12-24,2020122404001018,SGI,5,38,10,576.00,"5,760.00"
2020-12-24,2020122404001013,SGI,5,54,10,576.00,"5,760.00"
2020-12-24,2020122404000996,SGI,5,22,10,576.00,"5,760.00"
2020-12-24,2020122404000995,SGI,5,58,10,576.00,"5,760.00"
2020-12-24,2020122404000993,SGI,36,51,30,577.00,"17,310.00"
2020-12-24,2020122404001035,SGI,5,1,10,576.00,"5,760.00"
2020-12-24,2020122404001033,SGI,5,7,10,576.00,"5,760.00"
2020-12-24,2020122404001031,SGI,36,49,10,578.00,"5,780.00"
2020-12-24,2020122404001030,SGI,36,49,10,578.00,"5,780.00"
2020-12-24,2020122404001029,SGI,36,46,10,578.00,"5,780.00"
2020-12-24,2020122404001028,SGI,36,41,10,577.00,"5,770.00"
2020-12-24,2020122404001052,SGI,5,19,10,576.00,"5,760.00"
2020-12-24,2020122404001051,SGI,5,45,10,576.00,"5,760.00"
2020-12-24,2020122404001049,SGI,5,7,10,576.00,"5,760.00"
2020-12-24,2020122404001047,SGI,5,7,10,576.00,"5,760.00"
2020-12-24,2020122404001038,SGI,5,7,10,576.00,"5,760.00"
2020-12-24,2020122404001036,SGI,5,41,10,576.00,"5,760.00"
2020-12-24,2020122404001072,SGI,5,14,10,576.00,"5,760.00"
2020-12-24,2020122404001071,SGI,5,38,10,576.00,"5,760.00"
2020-12-24,2020122404001066,SGI,5,57,10,576.00,"5,760.00"
2020-12-24,2020122404001064,SGI,5,46,15,576.00,"8,640.00"
2020-12-24,2020122404001062,SGI,5,7,10,576.00,"5,760.00"
2020-12-24,2020122404001057,SGI,5,57,10,576.00,"5,760.00"
2020-12-24,2020122404001093,SGI,46,38,10,577.00,"5,770.00"
2020-12-24,2020122404001085,SGI,5,7,10,576.00,"5,760.00"
2020-12-24,2020122404001083,SGI,5,38,10,576.00,"5,760.00"
2020-12-24,2020122404001081,SGI,5,4,10,576.00,"5,760.00"
2020-12-24,2020122404001075,SGI,5,47,10,576.00,"5,760.00"
2020-12-24,2020122404001074,SGI,5,56,10,576.00,"5,760.00"
2020-12-24,2020122404001102,SGI,5,7,10,576.00,"5,760.00"
2020-12-24,2020122404001101,SGI,5,34,10,576.00,"5,760.00"
2020-12-24,2020122404001100,SGI,46,38,10,577.00,"5,770.00"
2020-12-24,2020122404001098,SGI,46,38,10,577.00,"5,770.00"
2020-12-24,2020122404001097,SGI,46,55,10,577.00,"5,770.00"
2020-12-24,2020122404001096,SGI,46,38,10,577.00,"5,770.00"
2020-12-24,2020122404001114,SGI,5,20,10,576.00,"5,760.00"
2020-12-24,2020122404001113,SGI,5,29,10,576.00,"5,760.00"
2020-12-24,2020122404001110,SGI,5,55,10,576.00,"5,760.00"
2020-12-24,2020122404001108,SGI,5,26,10,576.00,"5,760.00"
2020-12-24,2020122404001105,SGI,5,38,10,576.00,"5,760.00"
2020-12-24,2020122404001103,SGI,5,38,10,576.00,"5,760.00"
2020-12-24,2020122404001129,SGI,17,55,10,573.00,"5,730.00"
2020-12-24,2020122404001125,SGI,17,38,10,573.00,"5,730.00"
2020-12-24,2020122404001120,SGI,36,26,10,575.00,"5,750.00"
2020-12-24,2020122404001118,SGI,53,28,60,576.00,"34,560.00"
2020-12-24,2020122404001117,SGI,36,28,20,576.00,"11,520.00"
2020-12-24,2020122404001116,SGI,5,28,45,576.00,"25,920.00"
2020-12-24,2020122404001150,SGI,25,7,10,574.00,"5,740.00"
2020-12-24,2020122404001148,SGI,25,38,10,574.00,"5,740.00"
2020-12-24,2020122404001146,SGI,25,14,10,574.00,"5,740.00"
2020-12-24,2020122404001141,SGI,25,38,10,574.00,"5,740.00"
2020-12-24,2020122404001135,SGI,17,18,10,573.00,"5,730.00"
2020-12-24,2020122404001130,SGI,17,51,10,573.00,"5,730.00"
2020-12-24,2020122404001168,SGI,25,18,10,574.00,"5,740.00"
2020-12-24,2020122404001165,SGI,25,7,10,574.00,"5,740.00"
2020-12-24,2020122404001164,SGI,39,28,50,576.00,"28,800.00"
2020-12-24,2020122404001155,SGI,25,56,10,574.00,"5,740.00"
2020-12-24,2020122404001152,SGI,25,49,10,574.00,"5,740.00"
2020-12-24,2020122404001151,SGI,25,50,10,574.00,"5,740.00"
2020-12-24,2020122404001180,SGI,25,48,10,574.00,"5,740.00"
2020-12-24,2020122404001179,SGI,25,38,10,574.00,"5,740.00"
2020-12-24,2020122404001178,SGI,25,45,10,574.00,"5,740.00"
2020-12-24,2020122404001175,SGI,22,28,50,576.00,"28,800.00"
2020-12-24,2020122404001173,SGI,25,38,10,574.00,"5,740.00"
2020-12-24,2020122404001171,SGI,25,17,10,574.00,"5,740.00"
2020-12-24,2020122404001188,SGI,25,22,10,574.00,"5,740.00"
2020-12-24,2020122404001185,SGI,25,57,10,574.00,"5,740.00"
2020-12-24,2020122404001184,SGI,25,29,10,574.00,"5,740.00"
2020-12-24,2020122404001183,SGI,25,45,10,574.00,"5,740.00"
2020-12-24,2020122404001182,SGI,25,17,10,574.00,"5,740.00"
2020-12-24,2020122404001181,SGI,25,38,10,574.00,"5,740.00"
2020-12-24,2020122404001202,SGI,25,38,10,574.00,"5,740.00"
2020-12-24,2020122404001200,SGI,46,28,100,576.00,"57,600.00"
2020-12-24,2020122404001199,SGI,25,45,10,574.00,"5,740.00"
2020-12-24,2020122404001198,SGI,25,38,10,574.00,"5,740.00"
2020-12-24,2020122404001190,SGI,25,38,10,574.00,"5,740.00"
2020-12-24,2020122404001189,SGI,25,18,10,574.00,"5,740.00"
2020-12-24,2020122404001221,SGI,25,38,10,574.00,"5,740.00"
2020-12-24,2020122404001217,SGI,25,18,10,574.00,"5,740.00"
2020-12-24,2020122404001216,SGI,25,38,10,574.00,"5,740.00"
2020-12-24,2020122404001211,SGI,25,38,10,574.00,"5,740.00"
2020-12-24,2020122404001208,SGI,25,38,10,574.00,"5,740.00"
2020-12-24,2020122404001205,SGI,25,7,10,574.00,"5,740.00"
2020-12-24,2020122404001241,SGI,25,58,10,574.00,"5,740.00"
2020-12-24,2020122404001239,SGI,25,58,10,574.00,"5,740.00"
2020-12-24,2020122404001238,SGI,25,7,10,574.00,"5,740.00"
2020-12-24,2020122404001232,SGI,6,22,30,575.00,"17,250.00"
2020-12-24,2020122404001225,SGI,25,56,10,574.00,"5,740.00"
2020-12-24,2020122404001223,SGI,25,18,10,574.00,"5,740.00"
2020-12-24,2020122404001261,SGI,25,17,10,574.00,"5,740.00"
2020-12-24,2020122404001258,SGI,25,16,10,574.00,"5,740.00"
2020-12-24,2020122404001257,SGI,25,38,10,574.00,"5,740.00"
2020-12-24,2020122404001255,SGI,25,39,10,574.00,"5,740.00"
2020-12-24,2020122404001253,SGI,25,44,10,574.00,"5,740.00"
2020-12-24,2020122404001244,SGI,25,38,10,574.00,"5,740.00"
2020-12-24,2020122404001279,SGI,45,58,10,574.00,"5,740.00"
2020-12-24,2020122404001277,SGI,48,38,10,574.00,"5,740.00"
2020-12-24,2020122404001270,SGI,48,42,10,574.00,"5,740.00"
2020-12-24,2020122404001269,SGI,25,8,10,574.00,"5,740.00"
2020-12-24,2020122404001265,SGI,25,11,10,574.00,"5,740.00"
2020-12-24,2020122404001264,SGI,25,38,10,574.00,"5,740.00"
2020-12-24,2020122404001297,SGI,45,26,10,574.00,"5,740.00"
2020-12-24,2020122404001296,SGI,45,49,10,574.00,"5,740.00"
2020-12-24,2020122404001292,SGI,45,17,10,574.00,"5,740.00"
2020-12-24,2020122404001288,SGI,45,44,10,574.00,"5,740.00"
2020-12-24,2020122404001287,SGI,45,38,10,574.00,"5,740.00"
2020-12-24,2020122404001284,SGI,45,38,10,574.00,"5,740.00"
2020-12-24,2020122404001308,SGI,45,18,10,575.00,"5,750.00"
2020-12-24,2020122404001307,SGI,45,26,10,575.00,"5,750.00"
2020-12-24,2020122404001306,SGI,45,35,10,574.00,"5,740.00"
2020-12-24,2020122404001302,SGI,45,17,10,574.00,"5,740.00"
2020-12-24,2020122404001301,SGI,45,21,10,574.00,"5,740.00"
2020-12-24,2020122404001298,SGI,45,45,10,574.00,"5,740.00"
2020-12-24,2020122404001320,SGI,39,35,10,575.00,"5,750.00"
2020-12-24,2020122404001319,SGI,45,13,10,575.00,"5,750.00"
2020-12-24,2020122404001314,SGI,45,17,10,575.00,"5,750.00"
2020-12-24,2020122404001311,SGI,45,36,10,575.00,"5,750.00"
2020-12-24,2020122404001310,SGI,45,17,10,575.00,"5,750.00"
2020-12-24,2020122404001309,SGI,45,16,250,575.00,"143,750.00"
2020-12-24,2020122404001335,SGI,39,36,10,575.00,"5,750.00"
2020-12-24,2020122404001332,SGI,39,17,10,575.00,"5,750.00"
2020-12-24,2020122404001331,SGI,39,34,10,575.00,"5,750.00"
2020-12-24,2020122404001328,SGI,39,21,10,575.00,"5,750.00"
2020-12-24,2020122404001324,SGI,39,26,10,575.00,"5,750.00"
2020-12-24,2020122404001321,SGI,39,17,10,575.00,"5,750.00"
2020-12-24,2020122404001344,SGI,45,58,10,574.00,"5,740.00"
2020-12-24,2020122404001340,SGI,17,28,100,576.00,"57,600.00"
2020-12-24,2020122404001339,SGI,39,28,10,575.00,"5,750.00"
2020-12-24,2020122404001338,SGI,39,58,10,575.00,"5,750.00"
2020-12-24,2020122404001337,SGI,39,58,10,575.00,"5,750.00"
2020-12-24,2020122404001336,SGI,34,28,20,576.00,"11,520.00"
2020-12-24,2020122404001365,SGI,45,58,10,574.00,"5,740.00"
2020-12-24,2020122404001363,SGI,45,28,10,574.00,"5,740.00"
2020-12-24,2020122404001356,SGI,45,47,10,574.00,"5,740.00"
2020-12-24,2020122404001354,SGI,45,58,10,574.00,"5,740.00"
2020-12-24,2020122404001350,SGI,45,18,10,574.00,"5,740.00"
2020-12-24,2020122404001346,SGI,45,26,10,574.00,"5,740.00"
2020-12-24,2020122404001375,SGI,45,18,10,574.00,"5,740.00"
2020-12-24,2020122404001374,SGI,45,51,10,574.00,"5,740.00"
2020-12-24,2020122404001370,SGI,19,32,100,576.00,"57,600.00"
2020-12-24,2020122404001369,SGI,19,47,50,576.00,"28,800.00"
2020-12-24,2020122404001368,SGI,19,58,10,576.00,"5,760.00"
2020-12-24,2020122404001367,SGI,19,28,485,576.00,"279,360.00"
2020-12-24,2020122404001391,SGI,38,41,10,577.00,"5,770.00"
2020-12-24,2020122404001385,SGI,45,47,10,574.00,"5,740.00"
2020-12-24,2020122404001383,SGI,45,33,10,574.00,"5,740.00"
2020-12-24,2020122404001380,SGI,45,38,10,574.00,"5,740.00"
2020-12-24,2020122404001379,SGI,45,18,10,574.00,"5,740.00"
2020-12-24,2020122404001377,SGI,45,47,10,574.00,"5,740.00"
2020-12-24,2020122404001397,SGI,38,39,10,579.00,"5,790.00"
2020-12-24,2020122404001396,SGI,38,1,10,579.00,"5,790.00"
2020-12-24,2020122404001395,SGI,38,38,10,579.00,"5,790.00"
2020-12-24,2020122404001394,SGI,38,49,10,578.00,"5,780.00"
2020-12-24,2020122404001393,SGI,38,28,10,577.00,"5,770.00"
2020-12-24,2020122404001392,SGI,38,34,10,577.00,"5,770.00"
2020-12-24,2020122404001417,SGI,38,54,10,575.00,"5,750.00"
2020-12-24,2020122404001404,SGI,45,47,10,574.00,"5,740.00"
2020-12-24,2020122404001403,SGI,45,58,10,574.00,"5,740.00"
2020-12-24,2020122404001402,SGI,45,49,10,574.00,"5,740.00"
2020-12-24,2020122404001399,SGI,45,58,10,574.00,"5,740.00"
2020-12-24,2020122404001398,SGI,45,47,10,574.00,"5,740.00"
2020-12-24,2020122404001435,SGI,40,33,10,580.00,"5,800.00"
2020-12-24,2020122404001434,SGI,40,25,50,580.00,"29,000.00"
2020-12-24,2020122404001422,SGI,42,42,10,574.00,"5,740.00"
2020-12-24,2020122404001421,SGI,42,36,10,574.00,"5,740.00"
2020-12-24,2020122404001419,SGI,38,45,10,580.00,"5,800.00"
2020-12-24,2020122404001418,SGI,38,28,10,578.00,"5,780.00"
2020-12-24,2020122404001441,SGI,40,58,10,580.00,"5,800.00"
2020-12-24,2020122404001440,SGI,40,16,10,580.00,"5,800.00"
2020-12-24,2020122404001439,SGI,40,58,10,580.00,"5,800.00"
2020-12-24,2020122404001438,SGI,40,14,10,580.00,"5,800.00"
2020-12-24,2020122404001437,SGI,40,51,10,580.00,"5,800.00"
2020-12-24,2020122404001436,SGI,40,4,10,580.00,"5,800.00"
2020-12-24,2020122404001447,SGI,40,51,10,580.00,"5,800.00"
2020-12-24,2020122404001446,SGI,40,54,10,580.00,"5,800.00"
2020-12-24,2020122404001445,SGI,40,41,10,580.00,"5,800.00"
2020-12-24,2020122404001444,SGI,40,56,10,580.00,"5,800.00"
2020-12-24,2020122404001443,SGI,40,29,10,580.00,"5,800.00"
2020-12-24,2020122404001442,SGI,40,29,10,580.00,"5,800.00"
2020-12-24,2020122404001453,SGI,40,46,10,580.00,"5,800.00"
2020-12-24,2020122404001452,SGI,40,28,10,580.00,"5,800.00"
2020-12-24,2020122404001451,SGI,40,45,10,580.00,"5,800.00"
2020-12-24,2020122404001450,SGI,40,6,10,580.00,"5,800.00"
2020-12-24,2020122404001449,SGI,40,58,10,580.00,"5,800.00"
2020-12-24,2020122404001448,SGI,40,4,10,580.00,"5,800.00"
2020-12-24,2020122404001468,SGI,38,37,10,581.00,"5,810.00"
2020-12-24,2020122404001467,SGI,38,41,10,581.00,"5,810.00"
2020-12-24,2020122404001465,SGI,38,18,10,580.00,"5,800.00"
2020-12-24,2020122404001460,SGI,38,14,10,580.00,"5,800.00"
2020-12-24,2020122404001455,SGI,40,53,10,580.00,"5,800.00"
2020-12-24,2020122404001454,SGI,40,58,10,580.00,"5,800.00"
2020-12-24,2020122404001413,STC,4,3,10,"5,304.00","53,040.00"
2020-12-24,2020122404001382,STC,39,45,10,"5,298.00","52,980.00"
2020-12-24,2020122404001381,STC,39,34,10,"5,283.00","52,830.00"
2020-12-24,2020122404001303,STC,39,35,30,"5,180.00","155,400.00"
2020-12-24,2020122404001090,STC,52,43,20,"5,099.00","101,980.00"
2020-12-24,2020122404001089,STC,40,11,20,"5,070.00","101,400.00"
2020-12-24,2020122404001084,STC,6,43,10,"5,099.00","50,990.00"
2020-12-24,2020122404000756,BBC,36,43,10,"2,702.00","27,020.00"
2020-12-24,2020122404000734,BBC,17,43,20,"2,702.00","54,040.00"
2020-12-24,2020122404000754,CMF1,17,50,"1,900",9.79,"18,601.00"
2020-12-24,2020122404000727,CMF1,19,7,"8,500",9.95,"84,575.00"
2020-12-24,2020122404000726,CMF1,48,7,"5,000",10.00,"50,000.00"
2020-12-24,2020122404000536,CMF1,48,39,"5,000",10.00,"50,000.00"
2020-12-24,2020122404000975,GIC,21,42,10,551.00,"5,510.00"
2020-12-24,2020122404000974,GIC,11,38,40,552.00,"22,080.00"
2020-12-24,2020122404000969,GIC,21,58,10,551.00,"5,510.00"
2020-12-24,2020122404000968,GIC,49,38,10,552.00,"5,520.00"
2020-12-24,2020122404000965,GIC,21,59,10,551.00,"5,510.00"
2020-12-24,2020122404000958,GIC,21,52,10,551.00,"5,510.00"
2020-12-24,2020122404000481,GIC,57,34,10,550.00,"5,500.00"
2020-12-24,2020122404000490,GIC,21,54,50,550.00,"27,500.00"
2020-12-24,2020122404000489,GIC,21,56,10,550.00,"5,500.00"
2020-12-24,2020122404000487,GIC,57,59,10,550.00,"5,500.00"
2020-12-24,2020122404000485,GIC,57,13,10,550.00,"5,500.00"
2020-12-24,2020122404000483,GIC,57,18,10,550.00,"5,500.00"
2020-12-24,2020122404000482,GIC,57,38,10,550.00,"5,500.00"
2020-12-24,2020122404000499,GIC,34,56,10,550.00,"5,500.00"
2020-12-24,2020122404000498,GIC,34,56,10,550.00,"5,500.00"
2020-12-24,2020122404000497,GIC,21,35,10,550.00,"5,500.00"
2020-12-24,2020122404000495,GIC,21,35,10,550.00,"5,500.00"
2020-12-24,2020122404000494,GIC,21,56,10,550.00,"5,500.00"
2020-12-24,2020122404000491,GIC,21,39,10,550.00,"5,500.00"
2020-12-24,2020122404000515,GIC,17,35,10,549.00,"5,490.00"
2020-12-24,2020122404000514,GIC,42,54,300,550.00,"165,000.00"
2020-12-24,2020122404000513,GIC,21,54,10,550.00,"5,500.00"
2020-12-24,2020122404000512,GIC,34,54,50,550.00,"27,500.00"
2020-12-24,2020122404000507,GIC,34,35,10,550.00,"5,500.00"
2020-12-24,2020122404000500,GIC,34,38,10,550.00,"5,500.00"
2020-12-24,2020122404000529,GIC,21,14,10,550.00,"5,500.00"
2020-12-24,2020122404000528,GIC,21,38,10,550.00,"5,500.00"
2020-12-24,2020122404000526,GIC,21,50,10,550.00,"5,500.00"
2020-12-24,2020122404000525,GIC,21,57,10,550.00,"5,500.00"
2020-12-24,2020122404000524,GIC,21,54,90,550.00,"49,500.00"
2020-12-24,2020122404000520,GIC,17,43,10,549.00,"5,490.00"
2020-12-24,2020122404000549,GIC,21,41,10,550.00,"5,500.00"
2020-12-24,2020122404000548,GIC,21,14,10,550.00,"5,500.00"
2020-12-24,2020122404000537,GIC,21,14,10,550.00,"5,500.00"
2020-12-24,2020122404000535,GIC,21,48,10,550.00,"5,500.00"
2020-12-24,2020122404000534,GIC,21,14,10,550.00,"5,500.00"
2020-12-24,2020122404000533,GIC,21,16,10,550.00,"5,500.00"
2020-12-24,2020122404000591,GIC,21,41,10,550.00,"5,500.00"
2020-12-24,2020122404000590,GIC,21,38,10,550.00,"5,500.00"
2020-12-24,2020122404000587,GIC,21,59,10,550.00,"5,500.00"
2020-12-24,2020122404000570,GIC,21,55,10,550.00,"5,500.00"
2020-12-24,2020122404000562,GIC,21,38,10,550.00,"5,500.00"
2020-12-24,2020122404000556,GIC,21,38,10,550.00,"5,500.00"
2020-12-24,2020122404000606,GIC,21,29,10,550.00,"5,500.00"
2020-12-24,2020122404000604,GIC,21,39,10,550.00,"5,500.00"
2020-12-24,2020122404000602,GIC,21,55,10,550.00,"5,500.00"
2020-12-24,2020122404000600,GIC,21,7,10,550.00,"5,500.00"
2020-12-24,2020122404000599,GIC,21,38,10,550.00,"5,500.00"
2020-12-24,2020122404000597,GIC,21,16,10,550.00,"5,500.00"
2020-12-24,2020122404000620,GIC,21,25,10,550.00,"5,500.00"
2020-12-24,2020122404000616,GIC,21,47,10,550.00,"5,500.00"
2020-12-24,2020122404000615,GIC,21,17,10,550.00,"5,500.00"
2020-12-24,2020122404000612,GIC,21,59,10,550.00,"5,500.00"
2020-12-24,2020122404000608,GIC,21,48,10,550.00,"5,500.00"
2020-12-24,2020122404000607,GIC,21,38,10,550.00,"5,500.00"
2020-12-24,2020122404000639,GIC,21,39,10,550.00,"5,500.00"
2020-12-24,2020122404000638,GIC,21,49,10,550.00,"5,500.00"
2020-12-24,2020122404000630,GIC,21,25,10,550.00,"5,500.00"
2020-12-24,2020122404000629,GIC,21,14,10,550.00,"5,500.00"
2020-12-24,2020122404000622,GIC,21,17,10,550.00,"5,500.00"
2020-12-24,2020122404000621,GIC,21,25,10,550.00,"5,500.00"
2020-12-24,2020122404000663,GIC,21,42,10,550.00,"5,500.00"
2020-12-24,2020122404000661,GIC,21,16,10,550.00,"5,500.00"
2020-12-24,2020122404000660,GIC,21,8,10,550.00,"5,500.00"
2020-12-24,2020122404000652,GIC,21,51,10,550.00,"5,500.00"
2020-12-24,2020122404000650,GIC,21,38,10,550.00,"5,500.00"
2020-12-24,2020122404000640,GIC,21,25,10,550.00,"5,500.00"
2020-12-24,2020122404000684,GIC,21,21,10,550.00,"5,500.00"
2020-12-24,2020122404000677,GIC,21,21,10,550.00,"5,500.00"
2020-12-24,2020122404000674,GIC,21,21,10,550.00,"5,500.00"
2020-12-24,2020122404000673,GIC,21,38,10,550.00,"5,500.00"
2020-12-24,2020122404000667,GIC,21,32,10,550.00,"5,500.00"
2020-12-24,2020122404000665,GIC,21,49,10,550.00,"5,500.00"
2020-12-24,2020122404000698,GIC,47,21,10,551.00,"5,510.00"
2020-12-24,2020122404000697,GIC,47,3,10,551.00,"5,510.00"
2020-12-24,2020122404000694,GIC,19,3,10,551.00,"5,510.00"
2020-12-24,2020122404000693,GIC,19,40,10,551.00,"5,510.00"
2020-12-24,2020122404000687,GIC,19,55,10,551.00,"5,510.00"
2020-12-24,2020122404000685,GIC,21,29,10,550.00,"5,500.00"
2020-12-24,2020122404000710,GIC,21,3,10,550.00,"5,500.00"
2020-12-24,2020122404000709,GIC,21,3,10,550.00,"5,500.00"
2020-12-24,2020122404000708,GIC,21,49,10,550.00,"5,500.00"
2020-12-24,2020122404000707,GIC,47,3,10,551.00,"5,510.00"
2020-12-24,2020122404000703,GIC,47,26,10,551.00,"5,510.00"
2020-12-24,2020122404000702,GIC,21,55,10,550.00,"5,500.00"
2020-12-24,2020122404000746,GIC,55,55,10,550.00,"5,500.00"
2020-12-24,2020122404000741,GIC,17,59,100,551.00,"55,100.00"
2020-12-24,2020122404000736,GIC,55,10,10,550.00,"5,500.00"
2020-12-24,2020122404000724,GIC,55,57,80,550.00,"44,000.00"
2020-12-24,2020122404000723,GIC,3,57,20,550.00,"11,000.00"
2020-12-24,2020122404000711,GIC,21,26,10,550.00,"5,500.00"
2020-12-24,2020122404000760,GIC,49,52,10,553.00,"5,530.00"
2020-12-24,2020122404000759,GIC,49,38,10,552.00,"5,520.00"
2020-12-24,2020122404000758,GIC,49,22,10,552.00,"5,520.00"
2020-12-24,2020122404000757,GIC,49,59,30,552.00,"16,560.00"
2020-12-24,2020122404000750,GIC,25,59,10,550.00,"5,500.00"
2020-12-24,2020122404000749,GIC,25,36,10,550.00,"5,500.00"
2020-12-24,2020122404000782,GIC,25,14,10,550.00,"5,500.00"
2020-12-24,2020122404000776,GIC,45,38,10,552.00,"5,520.00"
2020-12-24,2020122404000769,GIC,49,10,10,553.00,"5,530.00"
2020-12-24,2020122404000766,GIC,49,55,10,553.00,"5,530.00"
2020-12-24,2020122404000762,GIC,49,17,10,553.00,"5,530.00"
2020-12-24,2020122404000761,GIC,49,34,10,553.00,"5,530.00"
2020-12-24,2020122404000803,GIC,51,38,10,550.00,"5,500.00"
2020-12-24,2020122404000802,GIC,51,45,10,550.00,"5,500.00"
2020-12-24,2020122404000800,GIC,51,51,10,550.00,"5,500.00"
2020-12-24,2020122404000792,GIC,51,10,10,550.00,"5,500.00"
2020-12-24,2020122404000791,GIC,51,38,10,550.00,"5,500.00"
2020-12-24,2020122404000785,GIC,46,29,100,553.00,"55,300.00"
2020-12-24,2020122404000820,GIC,11,49,10,550.00,"5,500.00"
2020-12-24,2020122404000819,GIC,51,38,10,550.00,"5,500.00"
2020-12-24,2020122404000812,GIC,51,46,10,550.00,"5,500.00"
2020-12-24,2020122404000811,GIC,51,51,10,550.00,"5,500.00"
2020-12-24,2020122404000807,GIC,51,10,10,550.00,"5,500.00"
2020-12-24,2020122404000804,GIC,51,46,10,550.00,"5,500.00"
2020-12-24,2020122404000838,GIC,34,26,10,550.00,"5,500.00"
2020-12-24,2020122404000837,GIC,34,46,10,550.00,"5,500.00"
2020-12-24,2020122404000836,GIC,34,3,10,550.00,"5,500.00"
2020-12-24,2020122404000835,GIC,34,57,10,550.00,"5,500.00"
2020-12-24,2020122404000830,GIC,34,48,10,550.00,"5,500.00"
2020-12-24,2020122404000827,GIC,11,46,10,550.00,"5,500.00"
2020-12-24,2020122404000857,GIC,34,8,10,550.00,"5,500.00"
2020-12-24,2020122404000853,GIC,34,19,10,550.00,"5,500.00"
2020-12-24,2020122404000852,GIC,34,10,10,550.00,"5,500.00"
2020-12-24,2020122404000848,GIC,34,58,10,550.00,"5,500.00"
2020-12-24,2020122404000844,GIC,34,3,10,550.00,"5,500.00"
2020-12-24,2020122404000842,GIC,34,10,10,550.00,"5,500.00"
2020-12-24,2020122404000878,GIC,34,48,10,550.00,"5,500.00"
2020-12-24,2020122404000877,GIC,34,32,10,550.00,"5,500.00"
2020-12-24,2020122404000873,GIC,34,55,10,550.00,"5,500.00"
2020-12-24,2020122404000872,GIC,34,10,10,550.00,"5,500.00"
2020-12-24,2020122404000865,GIC,34,48,10,550.00,"5,500.00"
2020-12-24,2020122404000862,GIC,34,6,10,550.00,"5,500.00"
2020-12-24,2020122404000894,GIC,21,46,10,551.00,"5,510.00"
2020-12-24,2020122404000893,GIC,21,10,10,551.00,"5,510.00"
2020-12-24,2020122404000888,GIC,21,50,10,551.00,"5,510.00"
2020-12-24,2020122404000885,GIC,34,48,10,550.00,"5,500.00"
2020-12-24,2020122404000883,GIC,34,10,10,550.00,"5,500.00"
2020-12-24,2020122404000882,GIC,33,35,10,553.00,"5,530.00"
2020-12-24,2020122404000917,GIC,21,10,10,551.00,"5,510.00"
2020-12-24,2020122404000915,GIC,21,38,10,551.00,"5,510.00"
2020-12-24,2020122404000908,GIC,21,38,10,551.00,"5,510.00"
2020-12-24,2020122404000903,GIC,21,55,10,551.00,"5,510.00"
2020-12-24,2020122404000902,GIC,21,38,10,551.00,"5,510.00"
2020-12-24,2020122404000900,GIC,21,42,10,551.00,"5,510.00"
2020-12-24,2020122404000940,GIC,21,48,10,551.00,"5,510.00"
2020-12-24,2020122404000939,GIC,21,55,10,551.00,"5,510.00"
2020-12-24,2020122404000938,GIC,21,48,10,551.00,"5,510.00"
2020-12-24,2020122404000937,GIC,21,45,10,551.00,"5,510.00"
2020-12-24,2020122404000933,GIC,21,48,10,551.00,"5,510.00"
2020-12-24,2020122404000925,GIC,21,20,10,551.00,"5,510.00"
2020-12-24,2020122404000957,GIC,21,38,10,551.00,"5,510.00"
2020-12-24,2020122404000955,GIC,21,45,10,551.00,"5,510.00"
2020-12-24,2020122404000954,GIC,21,46,200,551.00,"110,200.00"
2020-12-24,2020122404000944,GIC,21,58,10,551.00,"5,510.00"
2020-12-24,2020122404000942,GIC,21,48,10,551.00,"5,510.00"
2020-12-24,2020122404000941,GIC,21,48,10,551.00,"5,510.00"
2020-12-24,2020122404000922,GIMES1,3,29,"2,000",11.05,"22,100.00"
2020-12-24,2020122404000887,GIMES1,3,38,"10,000",11.05,"110,500.00"
2020-12-24,2020122404000876,GIMES1,21,38,"10,000",11.08,"110,800.00"
2020-12-24,2020122404000486,JBBLPO,6,38,"2,744",111.00,"304,584.00"
2020-12-24,2020122404000847,LEMF,21,32,"4,500",9.84,"44,280.00"
2020-12-24,2020122404000543,LEMF,55,39,"2,000",9.80,"19,600.00"
2020-12-24,2020122404000542,LEMF,53,39,263,9.90,"2,603.70"
2020-12-24,2020122404000592,LEMF,34,17,"1,000",9.72,"9,720.00"
2020-12-24,2020122404000544,LEMF,34,39,"2,737",9.72,"26,603.64"
2020-12-24,2020122404000950,LUK,38,45,200,9.26,"1,852.00"
2020-12-24,2020122404000905,LUK,38,46,500,9.26,"4,630.00"
2020-12-24,2020122404000884,LUK,38,50,500,9.26,"4,630.00"
2020-12-24,2020122404000871,LUK,38,50,500,9.26,"4,630.00"
2020-12-24,2020122404000623,MEGAPO,57,50,"14,800",126.00,"1,864,800.00"
2020-12-24,2020122404000866,NBF2,35,28,"4,000",9.56,"38,240.00"
2020-12-24,2020122404000859,NBF2,38,28,"1,900",9.55,"18,145.00"
2020-12-24,2020122404000833,NBF2,49,28,"10,000",9.56,"95,600.00"
2020-12-24,2020122404000815,NBF2,38,28,200,9.55,"1,910.00"
2020-12-24,2020122404000814,NBF2,35,28,"3,800",9.55,"36,290.00"
2020-12-24,2020122404000676,NBF2,38,39,"2,500",9.70,"24,250.00"
2020-12-24,2020122404000635,NBF2,58,5,"9,800",9.65,"94,570.00"
2020-12-24,2020122404000634,NBF2,41,5,200,9.66,"1,932.00"
2020-12-24,2020122404000633,NBF2,49,5,"10,000",9.70,"97,000.00"
2020-12-24,2020122404000696,NBF2,8,39,"2,000",9.60,"19,200.00"
2020-12-24,2020122404000691,NBF2,8,39,"12,480",9.60,"119,808.00"
2020-12-24,2020122404000690,NBF2,18,39,"1,900",9.60,"18,240.00"
2020-12-24,2020122404000681,NBF2,18,5,600,9.60,"5,760.00"
2020-12-24,2020122404000680,NBF2,58,5,200,9.65,"1,930.00"
2020-12-24,2020122404000679,NBF2,38,5,200,9.70,"1,940.00"
2020-12-24,2020122404000731,NBF2,49,39,"8,000",9.53,"76,240.00"
2020-12-24,2020122404000730,NBF2,34,39,"6,000",9.54,"57,240.00"
2020-12-24,2020122404000729,NBF2,10,39,"2,000",9.56,"19,120.00"
2020-12-24,2020122404000728,NBF2,10,39,"2,000",9.56,"19,120.00"
2020-12-24,2020122404000705,NBF2,8,39,"4,520",9.60,"43,392.00"
2020-12-24,2020122404000700,NBF2,8,39,"1,000",9.60,"9,600.00"
2020-12-24,2020122404000795,NBF2,35,49,100,9.55,955.00
2020-12-24,2020122404000788,NBF2,35,58,100,9.55,955.00
2020-12-24,2020122404000780,NBF2,35,41,"6,000",9.55,"57,300.00"
2020-12-24,2020122404000740,NBF2,49,39,"5,500",9.53,"52,415.00"
2020-12-24,2020122404000735,NBF2,49,39,"11,900",9.53,"113,407.00"
2020-12-24,2020122404000732,NBF2,49,39,"4,980",9.53,"47,459.40"
2020-12-24,2020122404000913,NEF,17,29,"2,000",9.89,"19,780.00"
2020-12-24,2020122404000897,NEF,17,29,241,9.89,"2,383.49"
2020-12-24,2020122404000846,NEF,20,16,483,9.90,"4,781.70"
2020-12-24,2020122404000672,NEF,17,32,724,9.89,"7,160.36"
2020-12-24,2020122404000670,NEF,17,32,280,9.89,"2,769.20"
2020-12-24,2020122404000669,NEF,56,32,203,9.91,"2,011.73"
2020-12-24,2020122404000631,NEF,56,45,"1,931",9.91,"19,136.21"
2020-12-24,2020122404000547,NEF,56,39,"2,414",9.91,"23,922.74"
2020-12-24,2020122404000510,NEF,49,4,845,9.90,"8,365.50"
2020-12-24,2020122404000509,NEF,49,25,"5,632",9.90,"55,756.80"
2020-12-24,2020122404000493,NEF,49,33,"1,931",9.89,"19,097.59"
2020-12-24,2020122404000926,NIBLPF,6,17,"5,000",10.16,"50,800.00"
2020-12-24,2020122404000849,NIBLPF,6,16,"1,010",10.16,"10,261.60"
2020-12-24,2020122404000809,NIBLPF,6,49,354,10.16,"3,596.64"
2020-12-24,2020122404000808,NIBLPF,6,19,486,10.16,"4,937.76"
2020-12-24,2020122404000779,NIBLPF,6,39,"2,525",10.16,"25,654.00"
2020-12-24,2020122404000772,NIBLPF,56,13,"3,117",10.18,"31,731.06"
2020-12-24,2020122404000571,NIBLPF,49,17,"2,500",10.18,"25,450.00"
2020-12-24,2020122404000553,NIBLPF,49,39,"2,525",10.18,"25,704.50"
2020-12-24,2020122404000657,NIBLPF,56,32,"2,525",10.18,"25,704.50"
2020-12-24,2020122404000648,NIBLPF,56,35,"1,328",10.18,"13,519.04"
2020-12-24,2020122404000647,NIBLPF,49,35,692,10.18,"7,044.56"
2020-12-24,2020122404000637,NIBLPF,49,41,"1,000",10.18,"10,180.00"
2020-12-24,2020122404000595,NIBLPF,49,17,758,10.18,"7,716.44"
2020-12-24,2020122404000594,NIBLPF,49,39,"2,525",10.18,"25,704.50"
2020-12-24,2020122404000962,NIBPO,26,44,163,441.00,"71,883.00"
2020-12-24,2020122404000961,NIBPO,34,44,500,441.00,"220,500.00"
2020-12-24,2020122404000960,NIBPO,34,44,337,441.00,"148,617.00"
2020-12-24,2020122404000952,NIBPO,34,6,"5,000",442.00,"2,210,000.00"
2020-12-24,2020122404000951,NIBPO,1,6,194,442.00,"85,748.00"
2020-12-24,2020122404000891,NIBPO,34,46,22,444.00,"9,768.00"
2020-12-24,2020122404000574,NIBPO,13,42,200,444.00,"88,800.00"
2020-12-24,2020122404000573,NIBPO,34,42,500,444.00,"222,000.00"
2020-12-24,2020122404000559,NIBPO,54,10,"2,000",445.00,"890,000.00"
2020-12-24,2020122404000508,NIBPO,26,10,200,445.00,"89,000.00"
2020-12-24,2020122404000506,NIBPO,13,39,129,446.00,"57,534.00"
2020-12-24,2020122404000501,NIBPO,13,13,200,445.00,"89,000.00"
2020-12-24,2020122404000580,NIBPO,13,42,300,442.00,"132,600.00"
2020-12-24,2020122404000579,NIBPO,52,42,500,442.00,"221,000.00"
2020-12-24,2020122404000578,NIBPO,34,42,500,442.00,"221,000.00"
2020-12-24,2020122404000577,NIBPO,34,42,500,442.00,"221,000.00"
2020-12-24,2020122404000576,NIBPO,8,42,"2,000",443.00,"886,000.00"
2020-12-24,2020122404000575,NIBPO,34,42,500,443.00,"221,500.00"
2020-12-24,2020122404000744,NIBPO,1,6,184,442.00,"81,328.00"
2020-12-24,2020122404000743,NIBPO,43,6,130,442.00,"57,460.00"
2020-12-24,2020122404000739,NIBPO,43,6,370,442.00,"163,540.00"
2020-12-24,2020122404000738,NIBPO,26,6,500,442.00,"221,000.00"
2020-12-24,2020122404000737,NIBPO,13,6,200,442.00,"88,400.00"
2020-12-24,2020122404000619,NIBPO,35,35,"50,000",440.00,"22,000,000.00"
2020-12-24,2020122404000890,NIBPO,34,42,"5,000",444.00,"2,220,000.00"
2020-12-24,2020122404000889,NIBPO,34,6,578,444.00,"256,632.00"
2020-12-24,2020122404000825,NIBPO,34,56,21,441.00,"9,261.00"
2020-12-24,2020122404000822,NIBPO,34,39,42,441.00,"18,522.00"
2020-12-24,2020122404000821,NIBPO,1,39,66,442.00,"29,172.00"
2020-12-24,2020122404000768,NIBPO,35,6,22,444.00,"9,768.00"
2020-12-24,2020122404000777,NICGF,19,34,200,10.30,"2,060.00"
2020-12-24,2020122404000770,NICGF,56,6,500,10.29,"5,145.00"
2020-12-24,2020122404000655,NICGF,56,34,"1,000",10.29,"10,290.00"
2020-12-24,2020122404000554,NICGF,56,39,"5,000",10.29,"51,450.00"
2020-12-24,2020122404000979,NMB50,32,33,"4,300",10.38,"44,634.00"
2020-12-24,2020122404000932,NMB50,38,49,"7,000",10.50,"73,500.00"
2020-12-24,2020122404000930,NMB50,38,49,"5,000",10.50,"52,500.00"
2020-12-24,2020122404000929,NMB50,19,4,"1,700",10.36,"17,612.00"
2020-12-24,2020122404000924,NMB50,38,4,250,10.45,"2,612.50"
2020-12-24,2020122404000923,NMB50,38,3,500,10.42,"5,210.00"
2020-12-24,2020122404000550,NMB50,34,42,"1,000",10.30,"10,300.00"
2020-12-24,2020122404000875,NMB50,19,22,100,10.36,"1,036.00"
2020-12-24,2020122404000834,NMB50,19,38,200,10.36,"2,072.00"
2020-12-24,2020122404000816,NMB50,19,52,500,10.36,"5,180.00"
2020-12-24,2020122404000801,NMB50,32,49,500,10.35,"5,175.00"
2020-12-24,2020122404000771,NMB50,32,34,200,10.35,"2,070.00"
2020-12-24,2020122404000551,NMB50,34,29,100,10.30,"1,030.00"
2020-12-24,2020122404000972,NMBHF1,49,16,167,9.93,"1,658.31"
2020-12-24,2020122404000964,NMBHF1,49,16,250,9.93,"2,482.50"
2020-12-24,2020122404000775,NMBHF1,59,26,"30,000",10.10,"303,000.00"
2020-12-24,2020122404000774,NMBHF1,59,26,"25,030",10.10,"252,803.00"
2020-12-24,2020122404000773,NMBHF1,59,26,"4,970",10.10,"50,197.00"
2020-12-24,2020122404000753,NMBHF1,17,26,"15,030",10.10,"151,803.00"
2020-12-24,2020122404000596,NMBHF1,17,17,"5,000",10.10,"50,500.00"
2020-12-24,2020122404000558,NMBHF1,17,39,"4,161",10.10,"42,026.10"
2020-12-24,2020122404000689,NMBHF1,17,32,416,10.10,"4,201.60"
2020-12-24,2020122404000683,NMBHF1,17,32,416,10.10,"4,201.60"
2020-12-24,2020122404000678,NMBHF1,17,32,416,10.10,"4,201.60"
2020-12-24,2020122404000675,NMBHF1,17,32,416,10.10,"4,201.60"
2020-12-24,2020122404000662,NMBHF1,17,32,416,10.10,"4,201.60"
2020-12-24,2020122404000611,NMBHF1,17,1,"1,000",10.13,"10,130.00"
2020-12-24,2020122404000826,RBCLPO,59,32,10,"13,195.00","131,950.00"
2020-12-24,2020122404000823,RBCLPO,43,32,10,"13,195.00","131,950.00"
2020-12-24,2020122404000584,RBCLPO,3,8,20,"12,937.00","258,740.00"
2020-12-24,2020122404000583,RBCLPO,43,8,10,"12,937.00","129,370.00"
2020-12-24,2020122404000582,RBCLPO,20,8,10,"13,197.00","131,970.00"
2020-12-24,2020122404000581,RBCLPO,17,8,50,"13,200.00","660,000.00"
2020-12-24,2020122404000504,RBCLPO,3,8,20,"13,201.00","264,020.00"
2020-12-24,2020122404000502,RBCLPO,4,8,44,"13,466.00","592,504.00"
2020-12-24,2020122404000920,SAEF,6,26,"5,000",11.05,"55,250.00"
2020-12-24,2020122404000919,SAEF,21,26,"5,000",11.05,"55,250.00"
2020-12-24,2020122404000918,SAEF,56,26,200,11.06,"2,212.00"
2020-12-24,2020122404000824,SAEF,56,28,"5,000",11.06,"55,300.00"
2020-12-24,2020122404000789,SAEF,56,47,"10,000",11.10,"111,000.00"
2020-12-24,2020122404000721,SAEF,56,45,"1,000",11.02,"11,020.00"
2020-12-24,2020122404000713,SAEF,56,41,"2,000",11.02,"22,040.00"
2020-12-24,2020122404000712,SAEF,56,1,500,11.02,"5,510.00"
2020-12-24,2020122404000564,SAEF,6,39,"5,000",10.96,"54,800.00"
2020-12-24,2020122404000928,SEF,17,33,"10,000",10.44,"104,400.00"
2020-12-24,2020122404000927,SEF,17,25,"18,100",10.40,"188,240.00"
2020-12-24,2020122404000916,SEF,58,29,"1,000",10.30,"10,300.00"
2020-12-24,2020122404000850,SEF,58,42,400,10.30,"4,120.00"
2020-12-24,2020122404000797,SEF,58,39,"1,000",10.30,"10,300.00"
2020-12-24,2020122404000767,SEF,58,34,100,10.30,"1,030.00"
2020-12-24,2020122404000763,SEF,58,3,150,10.30,"1,545.00"
2020-12-24,2020122404000699,SEF,58,49,"1,000",10.30,"10,300.00"
2020-12-24,2020122404000567,SEF,19,39,"5,000",10.28,"51,400.00"
2020-12-24,2020122404000505,SEF,17,25,"31,900",10.40,"331,760.00"
2020-12-24,2020122404000832,SFMF,41,38,300,10.00,"3,000.00"
2020-12-24,2020122404000977,SGI,5,59,10,576.00,"5,760.00"
2020-12-24,2020122404000976,SGI,5,17,10,576.00,"5,760.00"
2020-12-24,2020122404000973,SGI,5,50,10,576.00,"5,760.00"
2020-12-24,2020122404000971,SGI,5,17,10,576.00,"5,760.00"
2020-12-24,2020122404000970,SGI,5,38,10,576.00,"5,760.00"
2020-12-24,2020122404000967,SGI,5,34,10,576.00,"5,760.00"
2020-12-24,2020122404000488,SGI,38,59,10,573.00,"5,730.00"
2020-12-24,2020122404000484,SGI,58,59,10,573.00,"5,730.00"
2020-12-24,2020122404000480,SGI,58,18,10,573.00,"5,730.00"
2020-12-24,2020122404000518,SGI,38,10,10,573.00,"5,730.00"
2020-12-24,2020122404000516,SGI,38,35,10,573.00,"5,730.00"
2020-12-24,2020122404000511,SGI,38,35,10,573.00,"5,730.00"
2020-12-24,2020122404000503,SGI,38,59,10,573.00,"5,730.00"
2020-12-24,2020122404000496,SGI,38,13,10,573.00,"5,730.00"
2020-12-24,2020122404000492,SGI,38,18,10,573.00,"5,730.00"
2020-12-24,2020122404000532,SGI,34,41,10,572.00,"5,720.00"
2020-12-24,2020122404000531,SGI,34,14,10,572.00,"5,720.00"
2020-12-24,2020122404000530,SGI,42,16,10,573.00,"5,730.00"
2020-12-24,2020122404000527,SGI,38,7,10,573.00,"5,730.00"
2020-12-24,2020122404000523,SGI,38,13,10,573.00,"5,730.00"
2020-12-24,2020122404000519,SGI,38,21,10,573.00,"5,730.00"
2020-12-24,2020122404000546,SGI,48,14,10,572.00,"5,720.00"
2020-12-24,2020122404000545,SGI,48,39,10,572.00,"5,720.00"
2020-12-24,2020122404000541,SGI,48,45,10,572.00,"5,720.00"
2020-12-24,2020122404000540,SGI,48,48,10,572.00,"5,720.00"
2020-12-24,2020122404000539,SGI,48,47,10,572.00,"5,720.00"
2020-12-24,2020122404000538,SGI,48,41,10,572.00,"5,720.00"
2020-12-24,2020122404000563,SGI,48,39,10,572.00,"5,720.00"
2020-12-24,2020122404000561,SGI,48,25,10,572.00,"5,720.00"
2020-12-24,2020122404000560,SGI,48,39,10,572.00,"5,720.00"
2020-12-24,2020122404000557,SGI,48,39,10,572.00,"5,720.00"
2020-12-24,2020122404000555,SGI,48,41,10,572.00,"5,720.00"
2020-12-24,2020122404000552,SGI,48,11,10,572.00,"5,720.00"
2020-12-24,2020122404000585,SGI,48,57,10,572.00,"5,720.00"
2020-12-24,2020122404000572,SGI,48,38,10,572.00,"5,720.00"
2020-12-24,2020122404000569,SGI,48,39,10,572.00,"5,720.00"
2020-12-24,2020122404000568,SGI,48,25,10,572.00,"5,720.00"
2020-12-24,2020122404000566,SGI,48,39,10,572.00,"5,720.00"
2020-12-24,2020122404000565,SGI,48,39,10,572.00,"5,720.00"
2020-12-24,2020122404000601,SGI,48,20,10,572.00,"5,720.00"
2020-12-24,2020122404000598,SGI,48,39,10,572.00,"5,720.00"
2020-12-24,2020122404000593,SGI,48,39,10,572.00,"5,720.00"
2020-12-24,2020122404000589,SGI,48,39,10,572.00,"5,720.00"
2020-12-24,2020122404000588,SGI,48,38,10,572.00,"5,720.00"
2020-12-24,2020122404000586,SGI,48,39,10,572.00,"5,720.00"
2020-12-24,2020122404000614,SGI,17,59,10,573.00,"5,730.00"
2020-12-24,2020122404000613,SGI,17,7,10,573.00,"5,730.00"
2020-12-24,2020122404000610,SGI,17,45,10,573.00,"5,730.00"
2020-12-24,2020122404000609,SGI,17,49,10,573.00,"5,730.00"
2020-12-24,2020122404000605,SGI,48,38,10,572.00,"5,720.00"
2020-12-24,2020122404000603,SGI,48,20,10,572.00,"5,720.00"
2020-12-24,2020122404000627,SGI,26,26,10,574.00,"5,740.00"
2020-12-24,2020122404000626,SGI,26,59,10,574.00,"5,740.00"
2020-12-24,2020122404000625,SGI,20,49,10,575.00,"5,750.00"
2020-12-24,2020122404000624,SGI,20,59,10,575.00,"5,750.00"
2020-12-24,2020122404000618,SGI,20,50,10,574.00,"5,740.00"
2020-12-24,2020122404000617,SGI,20,58,10,574.00,"5,740.00"
2020-12-24,2020122404000643,SGI,58,55,10,574.00,"5,740.00"
2020-12-24,2020122404000642,SGI,58,38,10,574.00,"5,740.00"
2020-12-24,2020122404000641,SGI,58,49,10,574.00,"5,740.00"
2020-12-24,2020122404000636,SGI,58,38,10,574.00,"5,740.00"
2020-12-24,2020122404000632,SGI,17,25,10,575.00,"5,750.00"
2020-12-24,2020122404000628,SGI,17,25,10,574.00,"5,740.00"
2020-12-24,2020122404000653,SGI,17,39,10,573.00,"5,730.00"
2020-12-24,2020122404000651,SGI,17,21,10,573.00,"5,730.00"
2020-12-24,2020122404000649,SGI,17,21,10,573.00,"5,730.00"
2020-12-24,2020122404000646,SGI,17,38,10,575.00,"5,750.00"
2020-12-24,2020122404000645,SGI,11,25,10,574.00,"5,740.00"
2020-12-24,2020122404000644,SGI,11,21,10,574.00,"5,740.00"
2020-12-24,2020122404000666,SGI,17,55,10,573.00,"5,730.00"
2020-12-24,2020122404000664,SGI,17,21,10,573.00,"5,730.00"
2020-12-24,2020122404000659,SGI,17,21,10,573.00,"5,730.00"
2020-12-24,2020122404000658,SGI,17,29,10,573.00,"5,730.00"
2020-12-24,2020122404000656,SGI,17,21,10,573.00,"5,730.00"
2020-12-24,2020122404000654,SGI,17,55,10,573.00,"5,730.00"
2020-12-24,2020122404000692,SGI,17,55,10,573.00,"5,730.00"
2020-12-24,2020122404000688,SGI,17,21,10,573.00,"5,730.00"
2020-12-24,2020122404000686,SGI,17,58,10,573.00,"5,730.00"
2020-12-24,2020122404000682,SGI,17,57,10,573.00,"5,730.00"
2020-12-24,2020122404000671,SGI,17,8,10,573.00,"5,730.00"
2020-12-24,2020122404000668,SGI,17,21,10,573.00,"5,730.00"
2020-12-24,2020122404000715,SGI,17,3,10,573.00,"5,730.00"
2020-12-24,2020122404000714,SGI,17,47,10,573.00,"5,730.00"
2020-12-24,2020122404000706,SGI,17,26,10,573.00,"5,730.00"
2020-12-24,2020122404000704,SGI,17,38,10,573.00,"5,730.00"
2020-12-24,2020122404000701,SGI,17,3,10,573.00,"5,730.00"
2020-12-24,2020122404000695,SGI,17,58,10,573.00,"5,730.00"
2020-12-24,2020122404000733,SGI,17,13,10,573.00,"5,730.00"
2020-12-24,2020122404000725,SGI,17,17,10,573.00,"5,730.00"
2020-12-24,2020122404000722,SGI,17,56,10,573.00,"5,730.00"
2020-12-24,2020122404000720,SGI,17,3,10,573.00,"5,730.00"
2020-12-24,2020122404000718,SGI,17,3,10,573.00,"5,730.00"
2020-12-24,2020122404000717,SGI,17,49,10,573.00,"5,730.00"
2020-12-24,2020122404000752,SGI,17,6,10,573.00,"5,730.00"
2020-12-24,2020122404000751,SGI,17,10,10,573.00,"5,730.00"
2020-12-24,2020122404000748,SGI,17,35,10,573.00,"5,730.00"
2020-12-24,2020122404000747,SGI,17,36,10,573.00,"5,730.00"
2020-12-24,2020122404000745,SGI,17,38,10,573.00,"5,730.00"
2020-12-24,2020122404000742,SGI,17,10,10,573.00,"5,730.00"
2020-12-24,2020122404000786,SGI,6,10,10,575.00,"5,750.00"
2020-12-24,2020122404000783,SGI,6,10,10,575.00,"5,750.00"
2020-12-24,2020122404000781,SGI,6,45,10,575.00,"5,750.00"
2020-12-24,2020122404000765,SGI,6,10,10,575.00,"5,750.00"
2020-12-24,2020122404000764,SGI,6,42,10,575.00,"5,750.00"
2020-12-24,2020122404000755,SGI,17,10,10,573.00,"5,730.00"
2020-12-24,2020122404000805,SGI,49,22,10,574.00,"5,740.00"
2020-12-24,2020122404000799,SGI,6,58,10,575.00,"5,750.00"
2020-12-24,2020122404000798,SGI,6,47,10,575.00,"5,750.00"
2020-12-24,2020122404000796,SGI,6,38,10,575.00,"5,750.00"
2020-12-24,2020122404000794,SGI,6,38,10,575.00,"5,750.00"
2020-12-24,2020122404000793,SGI,6,46,10,575.00,"5,750.00"
2020-12-24,2020122404000828,SGI,49,10,10,574.00,"5,740.00"
2020-12-24,2020122404000818,SGI,49,38,10,574.00,"5,740.00"
2020-12-24,2020122404000817,SGI,49,38,10,574.00,"5,740.00"
2020-12-24,2020122404000813,SGI,49,44,10,574.00,"5,740.00"
2020-12-24,2020122404000810,SGI,49,45,10,574.00,"5,740.00"
2020-12-24,2020122404000806,SGI,49,45,10,574.00,"5,740.00"
2020-12-24,2020122404000843,SGI,17,53,10,573.00,"5,730.00"
2020-12-24,2020122404000841,SGI,17,49,10,573.00,"5,730.00"
2020-12-24,2020122404000840,SGI,49,35,10,574.00,"5,740.00"
2020-12-24,2020122404000839,SGI,45,38,10,576.00,"5,760.00"
2020-12-24,2020122404000831,SGI,49,10,10,574.00,"5,740.00"
2020-12-24,2020122404000829,SGI,49,3,10,574.00,"5,740.00"
2020-12-24,2020122404000860,SGI,17,48,10,573.00,"5,730.00"
2020-12-24,2020122404000858,SGI,17,22,10,573.00,"5,730.00"
2020-12-24,2020122404000856,SGI,17,48,10,573.00,"5,730.00"
2020-12-24,2020122404000855,SGI,17,48,10,573.00,"5,730.00"
2020-12-24,2020122404000854,SGI,17,3,10,573.00,"5,730.00"
2020-12-24,2020122404000845,SGI,17,48,10,573.00,"5,730.00"
2020-12-24,2020122404000869,SGI,17,38,10,573.00,"5,730.00"
2020-12-24,2020122404000868,SGI,17,38,10,573.00,"5,730.00"
2020-12-24,2020122404000867,SGI,17,48,10,573.00,"5,730.00"
2020-12-24,2020122404000864,SGI,17,34,10,573.00,"5,730.00"
2020-12-24,2020122404000863,SGI,17,3,10,573.00,"5,730.00"
2020-12-24,2020122404000861,SGI,17,38,10,573.00,"5,730.00"
2020-12-24,2020122404000886,SGI,17,10,10,573.00,"5,730.00"
2020-12-24,2020122404000881,SGI,17,22,10,573.00,"5,730.00"
2020-12-24,2020122404000880,SGI,17,10,10,573.00,"5,730.00"
2020-12-24,2020122404000879,SGI,17,16,10,573.00,"5,730.00"
2020-12-24,2020122404000874,SGI,17,50,10,573.00,"5,730.00"
2020-12-24,2020122404000870,SGI,38,40,5,573.00,"2,865.00"
2020-12-24,2020122404000901,SGI,29,45,10,574.00,"5,740.00"
2020-12-24,2020122404000899,SGI,29,10,10,574.00,"5,740.00"
2020-12-24,2020122404000898,SGI,17,28,10,573.00,"5,730.00"
2020-12-24,2020122404000896,SGI,17,48,10,573.00,"5,730.00"
2020-12-24,2020122404000895,SGI,17,38,10,573.00,"5,730.00"
2020-12-24,2020122404000892,SGI,17,48,10,573.00,"5,730.00"
2020-12-24,2020122404000911,SGI,17,47,10,573.00,"5,730.00"
2020-12-24,2020122404000910,SGI,17,10,10,573.00,"5,730.00"
2020-12-24,2020122404000909,SGI,17,38,10,573.00,"5,730.00"
2020-12-24,2020122404000907,SGI,17,55,10,573.00,"5,730.00"
2020-12-24,2020122404000906,SGI,17,43,10,573.00,"5,730.00"
2020-12-24,2020122404000904,SGI,17,10,10,573.00,"5,730.00"
2020-12-24,2020122404000935,SGI,17,20,10,573.00,"5,730.00"
2020-12-24,2020122404000934,SGI,17,38,10,573.00,"5,730.00"
2020-12-24,2020122404000931,SGI,17,48,10,573.00,"5,730.00"
2020-12-24,2020122404000921,SGI,17,10,10,573.00,"5,730.00"
2020-12-24,2020122404000914,SGI,17,22,10,573.00,"5,730.00"
2020-12-24,2020122404000912,SGI,17,38,10,573.00,"5,730.00"
2020-12-24,2020122404000948,SGI,21,32,10,575.00,"5,750.00"
2020-12-24,2020122404000947,SGI,21,48,10,575.00,"5,750.00"
2020-12-24,2020122404000946,SGI,21,44,10,575.00,"5,750.00"
2020-12-24,2020122404000945,SGI,21,21,10,563.00,"5,630.00"
2020-12-24,2020122404000943,SGI,5,45,10,574.00,"5,740.00"
2020-12-24,2020122404000936,SGI,5,39,10,574.00,"5,740.00"
2020-12-24,2020122404000966,SGI,5,56,10,576.00,"5,760.00"
2020-12-24,2020122404000963,SGI,36,35,10,575.00,"5,750.00"
2020-12-24,2020122404000959,SGI,36,41,10,575.00,"5,750.00"
2020-12-24,2020122404000956,SGI,42,13,10,575.00,"5,750.00"
2020-12-24,2020122404000953,SGI,5,16,10,574.00,"5,740.00"
2020-12-24,2020122404000949,SGI,21,45,10,575.00,"5,750.00"
2020-12-24,2020122404000978,STC,25,43,10,"5,099.00","50,990.00"
2020-12-24,2020122404000851,STC,38,43,20,"5,099.00","101,980.00"
2020-12-24,2020122404000790,STC,57,32,10,"5,065.00","50,650.00"
2020-12-24,2020122404000787,STC,5,32,20,"5,071.00","101,420.00"
2020-12-24,2020122404000784,STC,58,32,10,"5,096.00","50,960.00"
2020-12-24,2020122404000778,STC,52,32,10,"5,100.00","51,000.00"
2020-12-24,2020122404000719,STC,6,58,10,"5,195.00","51,950.00"
2020-12-24,2020122404000716,STC,10,58,10,"5,200.00","52,000.00"
2020-12-24,2020122404000522,STC,5,17,40,"5,200.00","208,000.00"
2020-12-24,2020122404000521,STC,5,50,10,"5,200.00","52,000.00"
2020-12-24,2020122404000517,STC,6,35,10,"5,195.00","51,950.00"
2020-12-24,2020122404000249,BBC,43,43,30,"2,701.00","81,030.00"
2020-12-24,2020122403015410,CLBSL,49,57,77,798.00,"61,446.00"
2020-12-24,2020122404000321,CMF1,48,7,"5,000",10.00,"50,000.00"
2020-12-24,2020122404000320,CMF1,48,7,"5,000",10.00,"50,000.00"
2020-12-24,2020122404000319,CMF1,48,7,"2,000",10.00,"20,000.00"
2020-12-24,2020122404000265,CMF1,19,7,"10,000",9.95,"99,500.00"
2020-12-24,2020122404000101,CMF1,19,58,"1,000",9.95,"9,950.00"
2020-12-24,2020122404000033,CMF1,19,42,500,9.95,"4,975.00"
2020-12-24,2020122403015407,FOWAD,34,38,15,"2,290.00","34,350.00"
2020-12-24,2020122403015418,GBBL,50,32,106,308.00,"32,648.00"
2020-12-24,2020122403015417,GBBL,19,32,182,308.00,"56,056.00"
2020-12-24,2020122404000479,GIC,57,59,10,550.00,"5,500.00"
2020-12-24,2020122404000475,GIC,57,38,10,550.00,"5,500.00"
2020-12-24,2020122404000471,GIC,5,5,10,551.00,"5,510.00"
2020-12-24,2020122404000464,GIC,57,58,10,550.00,"5,500.00"
2020-12-24,2020122404000463,GIC,57,20,10,550.00,"5,500.00"
2020-12-24,2020122404000462,GIC,57,38,10,550.00,"5,500.00"
2020-12-24,2020122404000013,GIC,17,42,10,550.00,"5,500.00"
2020-12-24,2020122404000008,GIC,17,32,10,550.00,"5,500.00"
2020-12-24,2020122404000007,GIC,17,40,10,550.00,"5,500.00"
2020-12-24,2020122404000006,GIC,17,3,10,550.00,"5,500.00"
2020-12-24,2020122404000002,GIC,17,36,10,550.00,"5,500.00"
2020-12-24,2020122404000001,GIC,17,32,10,550.00,"5,500.00"
2020-12-24,2020122404000027,GIC,53,21,10,550.00,"5,500.00"
2020-12-24,2020122404000024,GIC,53,38,10,550.00,"5,500.00"
2020-12-24,2020122404000021,GIC,53,34,10,550.00,"5,500.00"
2020-12-24,2020122404000016,GIC,17,42,10,550.00,"5,500.00"
2020-12-24,2020122404000015,GIC,17,3,10,550.00,"5,500.00"
2020-12-24,2020122404000014,GIC,17,34,10,550.00,"5,500.00"
2020-12-24,2020122404000046,GIC,53,29,10,550.00,"5,500.00"
2020-12-24,2020122404000041,GIC,41,10,10,551.00,"5,510.00"
2020-12-24,2020122404000039,GIC,41,42,10,551.00,"5,510.00"
2020-12-24,2020122404000036,GIC,41,46,10,551.00,"5,510.00"
2020-12-24,2020122404000032,GIC,53,55,10,550.00,"5,500.00"
2020-12-24,2020122404000029,GIC,53,40,10,550.00,"5,500.00"
2020-12-24,2020122404000066,GIC,32,38,10,552.00,"5,520.00"
2020-12-24,2020122404000065,GIC,32,32,80,552.00,"44,160.00"
2020-12-24,2020122404000059,GIC,52,10,10,550.00,"5,500.00"
2020-12-24,2020122404000052,GIC,52,45,10,550.00,"5,500.00"
2020-12-24,2020122404000050,GIC,53,3,10,550.00,"5,500.00"
2020-12-24,2020122404000048,GIC,53,10,10,550.00,"5,500.00"
2020-12-24,2020122404000089,GIC,33,10,10,550.00,"5,500.00"
2020-12-24,2020122404000087,GIC,33,58,10,550.00,"5,500.00"
2020-12-24,2020122404000085,GIC,52,6,10,550.00,"5,500.00"
2020-12-24,2020122404000082,GIC,52,48,10,550.00,"5,500.00"
2020-12-24,2020122404000075,GIC,52,38,10,550.00,"5,500.00"
2020-12-24,2020122404000073,GIC,32,39,10,552.00,"5,520.00"
2020-12-24,2020122404000111,GIC,33,40,10,550.00,"5,500.00"
2020-12-24,2020122404000103,GIC,33,42,10,550.00,"5,500.00"
2020-12-24,2020122404000102,GIC,33,3,10,550.00,"5,500.00"
2020-12-24,2020122404000098,GIC,33,6,10,550.00,"5,500.00"
2020-12-24,2020122404000097,GIC,33,8,10,550.00,"5,500.00"
2020-12-24,2020122404000095,GIC,33,57,10,550.00,"5,500.00"
2020-12-24,2020122404000119,GIC,21,38,10,550.00,"5,500.00"
2020-12-24,2020122404000118,GIC,21,16,10,550.00,"5,500.00"
2020-12-24,2020122404000116,GIC,21,26,10,550.00,"5,500.00"
2020-12-24,2020122404000115,GIC,21,35,90,550.00,"49,500.00"
2020-12-24,2020122404000114,GIC,33,35,10,550.00,"5,500.00"
2020-12-24,2020122404000112,GIC,33,32,10,550.00,"5,500.00"
2020-12-24,2020122404000139,GIC,21,37,10,550.00,"5,500.00"
2020-12-24,2020122404000138,GIC,21,3,10,550.00,"5,500.00"
2020-12-24,2020122404000129,GIC,21,57,10,550.00,"5,500.00"
2020-12-24,2020122404000123,GIC,21,38,10,550.00,"5,500.00"
2020-12-24,2020122404000121,GIC,21,57,10,550.00,"5,500.00"
2020-12-24,2020122404000120,GIC,21,58,10,550.00,"5,500.00"
2020-12-24,2020122404000158,GIC,21,45,10,550.00,"5,500.00"
2020-12-24,2020122404000151,GIC,21,14,10,550.00,"5,500.00"
2020-12-24,2020122404000150,GIC,21,45,10,550.00,"5,500.00"
2020-12-24,2020122404000146,GIC,21,57,10,550.00,"5,500.00"
2020-12-24,2020122404000145,GIC,21,36,10,550.00,"5,500.00"
2020-12-24,2020122404000140,GIC,21,58,10,550.00,"5,500.00"
2020-12-24,2020122404000170,GIC,21,10,10,550.00,"5,500.00"
2020-12-24,2020122404000165,GIC,21,49,10,550.00,"5,500.00"
2020-12-24,2020122404000164,GIC,21,45,10,550.00,"5,500.00"
2020-12-24,2020122404000163,GIC,21,47,10,550.00,"5,500.00"
2020-12-24,2020122404000162,GIC,21,51,10,550.00,"5,500.00"
2020-12-24,2020122404000161,GIC,21,40,10,550.00,"5,500.00"
2020-12-24,2020122404000193,GIC,38,41,10,551.00,"5,510.00"
2020-12-24,2020122404000192,GIC,38,14,10,551.00,"5,510.00"
2020-12-24,2020122404000191,GIC,38,29,10,551.00,"5,510.00"
2020-12-24,2020122404000190,GIC,38,58,40,551.00,"22,040.00"
2020-12-24,2020122404000189,GIC,21,38,10,550.00,"5,500.00"
2020-12-24,2020122404000175,GIC,21,56,10,550.00,"5,500.00"
2020-12-24,2020122404000201,GIC,21,58,10,550.00,"5,500.00"
2020-12-24,2020122404000200,GIC,21,58,10,550.00,"5,500.00"
2020-12-24,2020122404000197,GIC,21,4,10,550.00,"5,500.00"
2020-12-24,2020122404000196,GIC,38,32,10,551.00,"5,510.00"
2020-12-24,2020122404000195,GIC,38,41,10,551.00,"5,510.00"
2020-12-24,2020122404000194,GIC,38,41,10,551.00,"5,510.00"
2020-12-24,2020122404000221,GIC,21,29,100,550.00,"55,000.00"
2020-12-24,2020122404000219,GIC,21,47,10,550.00,"5,500.00"
2020-12-24,2020122404000214,GIC,21,11,10,550.00,"5,500.00"
2020-12-24,2020122404000212,GIC,21,45,10,550.00,"5,500.00"
2020-12-24,2020122404000210,GIC,21,17,10,550.00,"5,500.00"
2020-12-24,2020122404000206,GIC,21,45,10,550.00,"5,500.00"
2020-12-24,2020122404000255,GIC,43,58,10,550.00,"5,500.00"
2020-12-24,2020122404000250,GIC,43,20,10,550.00,"5,500.00"
2020-12-24,2020122404000228,GIC,43,39,10,550.00,"5,500.00"
2020-12-24,2020122404000226,GIC,43,42,10,550.00,"5,500.00"
2020-12-24,2020122404000225,GIC,13,42,90,550.00,"49,500.00"
2020-12-24,2020122404000222,GIC,13,38,10,550.00,"5,500.00"
2020-12-24,2020122404000274,GIC,55,48,10,551.00,"5,510.00"
2020-12-24,2020122404000272,GIC,55,48,10,551.00,"5,510.00"
2020-12-24,2020122404000270,GIC,55,59,10,551.00,"5,510.00"
2020-12-24,2020122404000268,GIC,55,46,10,551.00,"5,510.00"
2020-12-24,2020122404000262,GIC,41,46,10,551.00,"5,510.00"
2020-12-24,2020122404000259,GIC,43,5,10,550.00,"5,500.00"
2020-12-24,2020122404000289,GIC,21,58,10,552.00,"5,520.00"
2020-12-24,2020122404000287,GIC,50,3,10,551.00,"5,510.00"
2020-12-24,2020122404000286,GIC,50,5,10,551.00,"5,510.00"
2020-12-24,2020122404000284,GIC,50,57,10,551.00,"5,510.00"
2020-12-24,2020122404000282,GIC,50,42,10,551.00,"5,510.00"
2020-12-24,2020122404000275,GIC,43,48,10,550.00,"5,500.00"
2020-12-24,2020122404000311,GIC,38,6,10,554.00,"5,540.00"
2020-12-24,2020122404000310,GIC,41,42,10,551.00,"5,510.00"
2020-12-24,2020122404000302,GIC,34,52,10,551.00,"5,510.00"
2020-12-24,2020122404000298,GIC,50,37,10,551.00,"5,510.00"
2020-12-24,2020122404000291,GIC,21,32,10,553.00,"5,530.00"
2020-12-24,2020122404000290,GIC,21,32,10,553.00,"5,530.00"
2020-12-24,2020122404000327,GIC,43,38,10,550.00,"5,500.00"
2020-12-24,2020122404000326,GIC,43,11,10,550.00,"5,500.00"
2020-12-24,2020122404000325,GIC,41,6,10,551.00,"5,510.00"
2020-12-24,2020122404000323,GIC,41,16,10,551.00,"5,510.00"
2020-12-24,2020122404000315,GIC,41,51,10,551.00,"5,510.00"
2020-12-24,2020122404000312,GIC,41,7,10,551.00,"5,510.00"
2020-12-24,2020122404000346,GIC,43,21,10,550.00,"5,500.00"
2020-12-24,2020122404000344,GIC,43,16,10,550.00,"5,500.00"
2020-12-24,2020122404000338,GIC,43,52,10,550.00,"5,500.00"
2020-12-24,2020122404000337,GIC,38,29,10,551.00,"5,510.00"
2020-12-24,2020122404000330,GIC,43,45,10,550.00,"5,500.00"
2020-12-24,2020122404000329,GIC,43,17,10,550.00,"5,500.00"
2020-12-24,2020122404000363,GIC,43,38,10,550.00,"5,500.00"
2020-12-24,2020122404000360,GIC,43,38,10,550.00,"5,500.00"
2020-12-24,2020122404000359,GIC,43,21,10,550.00,"5,500.00"
2020-12-24,2020122404000354,GIC,43,38,10,550.00,"5,500.00"
2020-12-24,2020122404000348,GIC,43,17,10,550.00,"5,500.00"
2020-12-24,2020122404000347,GIC,43,57,100,550.00,"55,000.00"
2020-12-24,2020122404000380,GIC,13,38,10,550.00,"5,500.00"
2020-12-24,2020122404000377,GIC,13,25,10,550.00,"5,500.00"
2020-12-24,2020122404000374,GIC,45,58,10,552.00,"5,520.00"
2020-12-24,2020122404000371,GIC,42,6,10,550.00,"5,500.00"
2020-12-24,2020122404000368,GIC,43,38,10,550.00,"5,500.00"
2020-12-24,2020122404000367,GIC,43,38,10,550.00,"5,500.00"
2020-12-24,2020122404000392,GIC,13,38,10,550.00,"5,500.00"
2020-12-24,2020122404000390,GIC,13,38,10,550.00,"5,500.00"
2020-12-24,2020122404000385,GIC,13,38,10,550.00,"5,500.00"
2020-12-24,2020122404000384,GIC,13,38,10,550.00,"5,500.00"
2020-12-24,2020122404000383,GIC,13,38,10,550.00,"5,500.00"
2020-12-24,2020122404000381,GIC,13,38,10,550.00,"5,500.00"
2020-12-24,2020122404000420,GIC,52,41,10,551.00,"5,510.00"
2020-12-24,2020122404000401,GIC,13,29,10,550.00,"5,500.00"
2020-12-24,2020122404000399,GIC,13,16,10,550.00,"5,500.00"
2020-12-24,2020122404000398,GIC,13,20,10,550.00,"5,500.00"
2020-12-24,2020122404000397,GIC,13,17,10,550.00,"5,500.00"
2020-12-24,2020122404000395,GIC,13,47,25,550.00,"13,750.00"
2020-12-24,2020122404000429,GIC,52,42,10,551.00,"5,510.00"
2020-12-24,2020122404000427,GIC,52,17,10,551.00,"5,510.00"
2020-12-24,2020122404000426,GIC,52,37,10,551.00,"5,510.00"
2020-12-24,2020122404000425,GIC,46,22,10,552.00,"5,520.00"
2020-12-24,2020122404000424,GIC,46,3,10,552.00,"5,520.00"
2020-12-24,2020122404000423,GIC,46,40,10,552.00,"5,520.00"
2020-12-24,2020122404000435,GIC,52,36,10,551.00,"5,510.00"
2020-12-24,2020122404000434,GIC,42,42,10,553.00,"5,530.00"
2020-12-24,2020122404000433,GIC,42,17,10,553.00,"5,530.00"
2020-12-24,2020122404000432,GIC,52,42,10,551.00,"5,510.00"
2020-12-24,2020122404000431,GIC,52,8,10,551.00,"5,510.00"
2020-12-24,2020122404000430,GIC,52,38,10,551.00,"5,510.00"
2020-12-24,2020122404000444,GIC,13,4,10,550.00,"5,500.00"
2020-12-24,2020122404000443,GIC,13,38,10,550.00,"5,500.00"
2020-12-24,2020122404000442,GIC,13,34,10,550.00,"5,500.00"
2020-12-24,2020122404000440,GIC,13,36,10,550.00,"5,500.00"
2020-12-24,2020122404000438,GIC,52,34,10,551.00,"5,510.00"
2020-12-24,2020122404000436,GIC,52,17,10,551.00,"5,510.00"
2020-12-24,2020122404000461,GIC,13,39,10,550.00,"5,500.00"
2020-12-24,2020122404000458,GIC,13,42,10,550.00,"5,500.00"
2020-12-24,2020122404000456,GIC,51,39,10,552.00,"5,520.00"
2020-12-24,2020122404000455,GIC,13,42,10,550.00,"5,500.00"
2020-12-24,2020122404000454,GIC,13,38,10,550.00,"5,500.00"
2020-12-24,2020122404000448,GIC,13,38,10,550.00,"5,500.00"
2020-12-24,2020122404000236,GIMES1,3,35,"2,000",11.08,"22,160.00"
2020-12-24,2020122404000176,GIMES1,43,7,"1,500",11.30,"16,950.00"
2020-12-24,2020122403015425,HIDCL,53,8,130,266.00,"34,580.00"
2020-12-24,2020122403015424,HIDCL,41,8,500,267.00,"133,500.00"
2020-12-24,2020122403015423,HIDCL,45,8,150,267.00,"40,050.00"
2020-12-24,2020122403015422,HIDCL,41,8,50,267.00,"13,350.00"
2020-12-24,2020122403015421,HIDCL,3,8,270,267.00,"72,090.00"
2020-12-24,2020122403015420,HIDCL,14,8,900,267.00,"240,300.00"
2020-12-24,2020122403015409,JSLBB,34,19,79,"1,687.00","133,273.00"
2020-12-24,2020122404000092,LEMF,53,58,263,9.90,"2,603.70"
2020-12-24,2020122404000009,LEMF,53,45,"4,737",9.90,"46,896.30"
2020-12-24,2020122404000093,LEMF,53,58,"4,737",9.90,"46,896.30"
2020-12-24,2020122404000476,LUK,5,5,100,9.26,926.00
2020-12-24,2020122404000460,LUK,26,58,200,9.25,"1,850.00"
2020-12-24,2020122404000378,LUK,26,14,500,9.25,"4,625.00"
2020-12-24,2020122404000332,LUK,26,49,100,9.25,925.00
2020-12-24,2020122404000248,LUK,26,41,100,9.25,925.00
2020-12-24,2020122404000459,NBF2,41,39,100,9.66,966.00
2020-12-24,2020122404000449,NBF2,41,47,500,9.66,"4,830.00"
2020-12-24,2020122404000409,NBF2,41,17,100,9.66,966.00
2020-12-24,2020122404000308,NBF2,41,41,"1,000",9.66,"9,660.00"
2020-12-24,2020122404000304,NBF2,41,29,100,9.66,966.00
2020-12-24,2020122404000257,NBF2,41,14,"1,000",9.66,"9,660.00"
2020-12-24,2020122404000038,NBF2,10,45,300,9.52,"2,856.00"
2020-12-24,2020122404000251,NBF2,58,6,100,9.71,971.00
2020-12-24,2020122404000169,NBF2,43,42,"1,000",9.71,"9,710.00"
2020-12-24,2020122404000168,NBF2,43,43,"5,000",9.71,"48,550.00"
2020-12-24,2020122404000137,NBF2,10,48,200,9.56,"1,912.00"
2020-12-24,2020122404000109,NBF2,10,48,500,9.56,"4,780.00"
2020-12-24,2020122404000340,NEF,56,26,"1,690",9.86,"16,663.40"
2020-12-24,2020122404000336,NEF,56,26,624,9.86,"6,152.64"
2020-12-24,2020122404000335,NEF,29,26,100,9.89,989.00
2020-12-24,2020122404000309,NEF,56,35,724,9.86,"7,138.64"
2020-12-24,2020122404000266,NEF,56,42,"2,414",9.86,"23,802.04"
2020-12-24,2020122404000171,NEF,17,19,"2,414",9.85,"23,777.90"
2020-12-24,2020122404000069,NEF,17,43,"5,000",9.76,"48,800.00"
2020-12-24,2020122404000057,NEF,17,58,724,9.76,"7,066.24"
2020-12-24,2020122404000043,NEF,49,45,"4,741",9.72,"46,082.52"
2020-12-24,2020122404000470,NIBLPF,56,20,"1,010",10.16,"10,261.60"
2020-12-24,2020122404000467,NIBLPF,56,20,"1,010",10.16,"10,261.60"
2020-12-24,2020122404000465,NIBLPF,56,20,"1,010",10.16,"10,261.60"
2020-12-24,2020122404000376,NIBLPF,17,19,252,10.25,"2,583.00"
2020-12-24,2020122404000350,NIBLPF,17,17,515,10.25,"5,278.75"
2020-12-24,2020122404000264,NIBLPF,17,32,"2,525",10.25,"25,881.25"
2020-12-24,2020122404000233,NIBLPF,17,34,"2,525",10.25,"25,881.25"
2020-12-24,2020122404000232,NIBLPF,17,49,"54,183",10.25,"555,375.75"
2020-12-24,2020122404000230,NIBLPF,17,49,"45,817",10.25,"469,624.25"
2020-12-24,2020122404000229,NIBLPF,17,54,"1,658",10.24,"16,977.92"
2020-12-24,2020122404000227,NIBLPF,17,19,"2,525",10.20,"25,755.00"
2020-12-24,2020122404000400,NIBPO,58,10,364,445.00,"161,980.00"
2020-12-24,2020122404000389,NIBPO,58,10,636,445.00,"283,020.00"
2020-12-24,2020122404000388,NIBPO,26,10,500,445.00,"222,500.00"
2020-12-24,2020122404000387,NIBPO,26,10,300,446.00,"133,800.00"
2020-12-24,2020122404000386,NIBPO,8,10,64,446.00,"28,544.00"
2020-12-24,2020122404000333,NIBPO,58,58,"1,778",449.00,"798,322.00"
2020-12-24,2020122404000080,NIBPO,17,35,"1,000",457.00,"457,000.00"
2020-12-24,2020122404000026,NIBPO,39,39,6,441.00,"2,646.00"
2020-12-24,2020122404000297,NIBPO,8,45,121,446.00,"53,966.00"
2020-12-24,2020122404000280,NIBPO,8,58,315,446.00,"140,490.00"
2020-12-24,2020122404000279,NIBPO,34,58,"1,500",446.00,"669,000.00"
2020-12-24,2020122404000278,NIBPO,13,58,185,448.00,"82,880.00"
2020-12-24,2020122404000220,NIBPO,28,6,"1,000",450.00,"450,000.00"
2020-12-24,2020122404000124,NIBPO,13,6,15,448.00,"6,720.00"
2020-12-24,2020122404000414,NIBSF1,17,35,"2,978",10.99,"32,728.22"
2020-12-24,2020122404000413,NIBSF1,26,35,"5,000",11.00,"55,000.00"
2020-12-24,2020122404000412,NIBSF1,17,35,"2,500",11.02,"27,550.00"
2020-12-24,2020122404000411,NIBSF1,7,35,"1,000",11.04,"11,040.00"
2020-12-24,2020122404000408,NIBSF1,7,35,"5,000",11.04,"55,200.00"
2020-12-24,2020122404000407,NIBSF1,26,35,"5,000",11.05,"55,250.00"
2020-12-24,2020122404000406,NIBSF1,7,35,"8,000",11.06,"88,480.00"
2020-12-24,2020122404000293,NIBSF1,26,34,"5,000",11.17,"55,850.00"
2020-12-24,2020122404000154,NIBSF1,26,4,"5,000",11.17,"55,850.00"
2020-12-24,2020122404000099,NIBSF1,26,45,"5,000",11.00,"55,000.00"
2020-12-24,2020122404000473,NICBF,41,49,500,10.02,"5,010.00"
2020-12-24,2020122404000450,NICBF,41,47,100,10.02,"1,002.00"
2020-12-24,2020122404000345,NICBF,41,58,"1,000",10.02,"10,020.00"
2020-12-24,2020122404000135,NICBF,48,21,"5,000",10.00,"50,000.00"
2020-12-24,2020122404000096,NICBF,48,48,100,10.00,"1,000.00"
2020-12-24,2020122404000049,NICBF,48,45,"1,500",10.00,"15,000.00"
2020-12-24,2020122404000131,NICGF,49,43,"2,500",10.25,"25,625.00"
2020-12-24,2020122404000130,NICGF,49,43,"6,500",10.25,"66,625.00"
2020-12-24,2020122404000094,NICGF,49,45,"10,000",10.25,"102,500.00"
2020-12-24,2020122404000090,NICGF,49,58,"1,000",10.25,"10,250.00"
2020-12-24,2020122404000078,NICGF,49,42,500,10.25,"5,125.00"
2020-12-24,2020122403015416,NLIC,10,57,249,"2,340.00","582,660.00"
2020-12-24,2020122403015415,NLIC,10,45,206,"2,340.00","482,040.00"
2020-12-24,2020122403015414,NLIC,10,50,100,"2,339.00","233,900.00"
2020-12-24,2020122403015413,NLIC,10,34,445,"2,339.00","1,040,855.00"
2020-12-24,2020122403015408,NLICL,57,3,10,"1,126.00","11,260.00"
2020-12-24,2020122404000453,NMB50,22,47,100,10.25,"1,025.00"
2020-12-24,2020122404000402,NMB50,34,55,200,10.22,"2,044.00"
2020-12-24,2020122404000063,NMB50,17,43,100,10.10,"1,010.00"
2020-12-24,2020122404000062,NMB50,17,45,400,10.10,"4,040.00"
2020-12-24,2020122404000055,NMB50,29,45,"5,000",10.12,"50,600.00"
2020-12-24,2020122404000004,NMB50,59,43,"15,700",10.30,"161,710.00"
2020-12-24,2020122404000003,NMB50,59,47,100,10.10,"1,010.00"
2020-12-24,2020122404000393,NMBHF1,17,58,"8,161",10.10,"82,426.10"
2020-12-24,2020122404000353,NMBHF1,17,33,"18,143",10.10,"183,244.30"
2020-12-24,2020122404000313,NMBHF1,17,35,"1,248",10.10,"12,604.80"
2020-12-24,2020122404000307,NMBHF1,21,1,120,10.13,"1,215.60"
2020-12-24,2020122404000299,NMBHF1,21,36,416,10.13,"4,214.08"
2020-12-24,2020122404000256,NMBHF1,21,58,"9,464",10.13,"95,870.32"
2020-12-24,2020122404000133,NMBHF1,8,51,"2,512",10.10,"25,371.20"
2020-12-24,2020122404000132,NMBHF1,8,43,"4,000",10.10,"40,400.00"
2020-12-24,2020122404000086,NMBHF1,49,45,"5,026",9.93,"49,908.18"
2020-12-24,2020122404000245,NMBHF1,17,57,"2,000",10.10,"20,200.00"
2020-12-24,2020122404000244,NMBHF1,17,22,832,10.10,"8,403.20"
2020-12-24,2020122404000243,NMBHF1,17,42,"3,345",10.10,"33,784.50"
2020-12-24,2020122404000217,NMBHF1,8,42,816,10.10,"8,241.60"
2020-12-24,2020122404000208,NMBHF1,8,45,"1,000",10.10,"10,100.00"
2020-12-24,2020122404000134,NMBHF1,8,29,"1,672",10.10,"16,887.20"
2020-12-24,2020122403015405,NRIC,6,7,20,"1,376.00","27,520.00"
2020-12-24,2020122403015419,NTC,58,34,10,"1,111.00","11,110.00"
2020-12-24,2020122404000415,RBCLPO,4,48,30,"13,466.00","403,980.00"
2020-12-24,2020122404000405,RBCLPO,4,48,26,"13,466.00","350,116.00"
2020-12-24,2020122404000318,RBCLPO,17,17,100,"13,466.00","1,346,600.00"
2020-12-24,2020122404000317,RBCLPO,26,17,10,"13,466.00","134,660.00"
2020-12-24,2020122403015412,RLI,36,58,10,612.00,"6,120.00"
2020-12-24,2020122403015411,RLI,36,56,60,612.00,"36,720.00"
2020-12-24,2020122404000379,SAEF,42,59,500,10.89,"5,445.00"
2020-12-24,2020122404000303,SAEF,56,54,200,10.86,"2,172.00"
2020-12-24,2020122404000180,SAEF,13,21,500,10.83,"5,415.00"
2020-12-24,2020122404000108,SAEF,42,21,100,10.83,"1,083.00"
2020-12-24,2020122404000107,SAEF,42,42,"3,000",10.83,"32,490.00"
2020-12-24,2020122404000083,SAEF,13,58,"2,500",10.83,"27,075.00"
2020-12-24,2020122404000076,SAEF,49,45,"5,000",10.82,"54,100.00"
2020-12-24,2020122404000044,SAND2085,43,51,50,"1,040.00","52,000.00"
2020-12-24,2020122404000421,SEF,17,41,"4,000",10.40,"41,600.00"
2020-12-24,2020122404000416,SEF,17,35,"10,000",10.40,"104,000.00"
2020-12-24,2020122404000277,SEF,17,45,"2,000",10.40,"20,800.00"
2020-12-24,2020122404000267,SEF,17,45,500,10.40,"5,200.00"
2020-12-24,2020122404000242,SEF,17,35,"1,000",10.40,"10,400.00"
2020-12-24,2020122404000218,SEF,17,57,300,10.40,"3,120.00"
2020-12-24,2020122404000213,SEF,17,57,300,10.30,"3,090.00"
2020-12-24,2020122404000187,SEF,3,58,"5,000",10.27,"51,350.00"
2020-12-24,2020122404000186,SEF,3,49,"2,500",10.27,"25,675.00"
2020-12-24,2020122404000185,SEF,3,28,"1,000",10.27,"10,270.00"
2020-12-24,2020122404000136,SEF,3,43,"5,000",10.27,"51,350.00"
2020-12-24,2020122404000072,SEF,49,45,"10,000",10.26,"102,600.00"
2020-12-24,2020122404000254,SFMF,41,29,100,10.00,"1,000.00"
2020-12-24,2020122404000241,SFMF,17,29,200,10.00,"2,000.00"
2020-12-24,2020122404000240,SFMF,17,1,500,10.00,"5,000.00"
2020-12-24,2020122404000239,SFMF,17,46,300,10.00,"3,000.00"
2020-12-24,2020122404000071,SFMF,42,40,160,9.99,"1,598.40"
2020-12-24,2020122404000037,SFMF,42,45,"3,700",9.99,"36,963.00"
2020-12-24,2020122404000478,SGI,58,38,10,573.00,"5,730.00"
2020-12-24,2020122404000477,SGI,58,59,10,573.00,"5,730.00"
2020-12-24,2020122404000474,SGI,19,59,10,573.00,"5,730.00"
2020-12-24,2020122404000472,SGI,1,59,10,574.00,"5,740.00"
2020-12-24,2020122404000469,SGI,1,38,10,574.00,"5,740.00"
2020-12-24,2020122404000468,SGI,1,52,10,574.00,"5,740.00"
2020-12-24,2020122404000011,SGI,58,42,10,570.00,"5,700.00"
2020-12-24,2020122404000010,SGI,58,10,10,570.00,"5,700.00"
2020-12-24,2020122404000005,SGI,17,10,10,570.00,"5,700.00"
2020-12-24,2020122404000022,SGI,3,38,10,571.00,"5,710.00"
2020-12-24,2020122404000020,SGI,58,38,10,570.00,"5,700.00"
2020-12-24,2020122404000019,SGI,58,10,10,570.00,"5,700.00"
2020-12-24,2020122404000018,SGI,58,42,10,570.00,"5,700.00"
2020-12-24,2020122404000017,SGI,58,35,10,570.00,"5,700.00"
2020-12-24,2020122404000012,SGI,58,42,10,570.00,"5,700.00"
2020-12-24,2020122404000034,SGI,3,38,10,571.00,"5,710.00"
2020-12-24,2020122404000031,SGI,3,59,10,571.00,"5,710.00"
2020-12-24,2020122404000030,SGI,3,10,10,571.00,"5,710.00"
2020-12-24,2020122404000028,SGI,3,42,10,571.00,"5,710.00"
2020-12-24,2020122404000025,SGI,3,38,10,571.00,"5,710.00"
2020-12-24,2020122404000023,SGI,3,33,10,571.00,"5,710.00"
2020-12-24,2020122404000051,SGI,3,45,10,571.00,"5,710.00"
2020-12-24,2020122404000047,SGI,3,35,10,571.00,"5,710.00"
2020-12-24,2020122404000045,SGI,3,45,10,571.00,"5,710.00"
2020-12-24,2020122404000042,SGI,3,45,10,571.00,"5,710.00"
2020-12-24,2020122404000040,SGI,3,5,10,571.00,"5,710.00"
2020-12-24,2020122404000035,SGI,3,38,10,571.00,"5,710.00"
2020-12-24,2020122404000061,SGI,3,33,10,571.00,"5,710.00"
2020-12-24,2020122404000060,SGI,3,42,10,571.00,"5,710.00"
2020-12-24,2020122404000058,SGI,3,58,10,571.00,"5,710.00"
2020-12-24,2020122404000056,SGI,3,46,10,571.00,"5,710.00"
2020-12-24,2020122404000054,SGI,3,11,10,571.00,"5,710.00"
2020-12-24,2020122404000053,SGI,3,10,10,571.00,"5,710.00"
2020-12-24,2020122404000077,SGI,38,38,10,573.00,"5,730.00"
2020-12-24,2020122404000074,SGI,38,40,10,572.00,"5,720.00"
2020-12-24,2020122404000070,SGI,38,38,10,572.00,"5,720.00"
2020-12-24,2020122404000068,SGI,38,19,10,572.00,"5,720.00"
2020-12-24,2020122404000067,SGI,49,38,10,575.00,"5,750.00"
2020-12-24,2020122404000064,SGI,38,10,10,572.00,"5,720.00"
2020-12-24,2020122404000100,SGI,38,58,10,572.00,"5,720.00"
2020-12-24,2020122404000091,SGI,38,49,10,572.00,"5,720.00"
2020-12-24,2020122404000088,SGI,38,10,10,572.00,"5,720.00"
2020-12-24,2020122404000084,SGI,38,6,10,573.00,"5,730.00"
2020-12-24,2020122404000081,SGI,42,49,10,573.00,"5,730.00"
2020-12-24,2020122404000079,SGI,42,10,10,573.00,"5,730.00"
2020-12-24,2020122404000126,SGI,7,8,10,572.00,"5,720.00"
2020-12-24,2020122404000125,SGI,7,10,10,572.00,"5,720.00"
2020-12-24,2020122404000122,SGI,7,32,10,572.00,"5,720.00"
2020-12-24,2020122404000117,SGI,38,42,10,572.00,"5,720.00"
2020-12-24,2020122404000113,SGI,38,10,10,572.00,"5,720.00"
2020-12-24,2020122404000110,SGI,38,10,10,572.00,"5,720.00"
2020-12-24,2020122404000144,SGI,3,49,10,571.00,"5,710.00"
2020-12-24,2020122404000143,SGI,3,39,10,571.00,"5,710.00"
2020-12-24,2020122404000142,SGI,58,45,10,572.00,"5,720.00"
2020-12-24,2020122404000141,SGI,58,19,10,572.00,"5,720.00"
2020-12-24,2020122404000128,SGI,7,54,10,572.00,"5,720.00"
2020-12-24,2020122404000127,SGI,7,42,10,572.00,"5,720.00"
2020-12-24,2020122404000155,SGI,59,10,10,572.00,"5,720.00"
2020-12-24,2020122404000153,SGI,59,45,10,572.00,"5,720.00"
2020-12-24,2020122404000152,SGI,59,57,10,572.00,"5,720.00"
2020-12-24,2020122404000149,SGI,3,42,10,571.00,"5,710.00"
2020-12-24,2020122404000148,SGI,3,39,10,571.00,"5,710.00"
2020-12-24,2020122404000147,SGI,3,52,10,571.00,"5,710.00"
2020-12-24,2020122404000167,SGI,38,51,10,572.00,"5,720.00"
2020-12-24,2020122404000166,SGI,3,26,200,571.00,"114,200.00"
2020-12-24,2020122404000160,SGI,3,10,10,571.00,"5,710.00"
2020-12-24,2020122404000159,SGI,3,34,10,571.00,"5,710.00"
2020-12-24,2020122404000157,SGI,59,8,10,572.00,"5,720.00"
2020-12-24,2020122404000156,SGI,59,57,10,572.00,"5,720.00"
2020-12-24,2020122404000179,SGI,38,10,10,572.00,"5,720.00"
2020-12-24,2020122404000178,SGI,34,42,10,573.00,"5,730.00"
2020-12-24,2020122404000177,SGI,34,10,10,573.00,"5,730.00"
2020-12-24,2020122404000174,SGI,34,41,10,573.00,"5,730.00"
2020-12-24,2020122404000173,SGI,38,47,10,572.00,"5,720.00"
2020-12-24,2020122404000172,SGI,38,22,10,572.00,"5,720.00"
2020-12-24,2020122404000198,SGI,43,35,10,575.00,"5,750.00"
2020-12-24,2020122404000188,SGI,38,52,10,572.00,"5,720.00"
2020-12-24,2020122404000184,SGI,43,35,30,575.00,"17,250.00"
2020-12-24,2020122404000183,SGI,36,4,10,575.00,"5,750.00"
2020-12-24,2020122404000182,SGI,36,52,10,575.00,"5,750.00"
2020-12-24,2020122404000181,SGI,36,38,10,575.00,"5,750.00"
2020-12-24,2020122404000207,SGI,38,45,10,572.00,"5,720.00"
2020-12-24,2020122404000205,SGI,38,42,10,572.00,"5,720.00"
2020-12-24,2020122404000204,SGI,38,14,10,572.00,"5,720.00"
2020-12-24,2020122404000203,SGI,38,58,10,572.00,"5,720.00"
2020-12-24,2020122404000202,SGI,36,17,10,577.00,"5,770.00"
2020-12-24,2020122404000199,SGI,43,16,10,575.00,"5,750.00"
2020-12-24,2020122404000224,SGI,22,11,10,573.00,"5,730.00"
2020-12-24,2020122404000223,SGI,22,49,10,573.00,"5,730.00"
2020-12-24,2020122404000216,SGI,58,56,10,572.00,"5,720.00"
2020-12-24,2020122404000215,SGI,53,1,10,572.00,"5,720.00"
2020-12-24,2020122404000211,SGI,53,7,10,572.00,"5,720.00"
2020-12-24,2020122404000209,SGI,38,45,10,572.00,"5,720.00"
2020-12-24,2020122404000246,SGI,22,44,10,573.00,"5,730.00"
2020-12-24,2020122404000238,SGI,22,47,10,573.00,"5,730.00"
2020-12-24,2020122404000237,SGI,22,42,10,573.00,"5,730.00"
2020-12-24,2020122404000235,SGI,22,38,10,573.00,"5,730.00"
2020-12-24,2020122404000234,SGI,22,38,10,573.00,"5,730.00"
2020-12-24,2020122404000231,SGI,22,58,10,573.00,"5,730.00"
2020-12-24,2020122404000261,SGI,43,41,10,573.00,"5,730.00"
2020-12-24,2020122404000260,SGI,43,43,10,573.00,"5,730.00"
2020-12-24,2020122404000258,SGI,58,17,10,572.00,"5,720.00"
2020-12-24,2020122404000253,SGI,58,20,10,573.00,"5,730.00"
2020-12-24,2020122404000252,SGI,22,7,10,573.00,"5,730.00"
2020-12-24,2020122404000247,SGI,22,3,10,573.00,"5,730.00"
2020-12-24,2020122404000281,SGI,10,37,10,573.00,"5,730.00"
2020-12-24,2020122404000276,SGI,10,42,10,573.00,"5,730.00"
2020-12-24,2020122404000273,SGI,10,59,10,573.00,"5,730.00"
2020-12-24,2020122404000271,SGI,10,5,10,573.00,"5,730.00"
2020-12-24,2020122404000269,SGI,38,32,10,577.00,"5,770.00"
2020-12-24,2020122404000263,SGI,43,58,10,575.00,"5,750.00"
2020-12-24,2020122404000295,SGI,58,45,10,572.00,"5,720.00"
2020-12-24,2020122404000294,SGI,58,5,10,572.00,"5,720.00"
2020-12-24,2020122404000292,SGI,58,38,10,572.00,"5,720.00"
2020-12-24,2020122404000288,SGI,58,48,10,572.00,"5,720.00"
2020-12-24,2020122404000285,SGI,58,38,10,572.00,"5,720.00"
2020-12-24,2020122404000283,SGI,58,58,10,572.00,"5,720.00"
2020-12-24,2020122404000316,SGI,58,42,10,572.00,"5,720.00"
2020-12-24,2020122404000314,SGI,58,52,10,572.00,"5,720.00"
2020-12-24,2020122404000306,SGI,38,5,10,575.00,"5,750.00"
2020-12-24,2020122404000305,SGI,43,45,10,573.00,"5,730.00"
2020-12-24,2020122404000301,SGI,43,55,10,573.00,"5,730.00"
2020-12-24,2020122404000296,SGI,58,45,10,572.00,"5,720.00"
2020-12-24,2020122404000339,SGI,58,38,10,572.00,"5,720.00"
2020-12-24,2020122404000334,SGI,58,46,10,572.00,"5,720.00"
2020-12-24,2020122404000331,SGI,58,1,10,572.00,"5,720.00"
2020-12-24,2020122404000328,SGI,58,38,10,572.00,"5,720.00"
2020-12-24,2020122404000324,SGI,33,57,10,575.00,"5,750.00"
2020-12-24,2020122404000322,SGI,33,50,10,575.00,"5,750.00"
2020-12-24,2020122404000352,SGI,26,51,10,573.00,"5,730.00"
2020-12-24,2020122404000351,SGI,26,38,10,573.00,"5,730.00"
2020-12-24,2020122404000349,SGI,26,49,10,573.00,"5,730.00"
2020-12-24,2020122404000343,SGI,34,48,10,572.00,"5,720.00"
2020-12-24,2020122404000342,SGI,34,7,10,572.00,"5,720.00"
2020-12-24,2020122404000341,SGI,34,49,10,572.00,"5,720.00"
2020-12-24,2020122404000362,SGI,26,57,10,573.00,"5,730.00"
2020-12-24,2020122404000361,SGI,26,17,10,573.00,"5,730.00"
2020-12-24,2020122404000358,SGI,26,38,10,573.00,"5,730.00"
2020-12-24,2020122404000357,SGI,26,38,10,573.00,"5,730.00"
2020-12-24,2020122404000356,SGI,26,37,10,573.00,"5,730.00"
2020-12-24,2020122404000355,SGI,26,38,10,573.00,"5,730.00"
2020-12-24,2020122404000372,SGI,26,38,10,573.00,"5,730.00"
2020-12-24,2020122404000370,SGI,36,5,10,574.00,"5,740.00"
2020-12-24,2020122404000369,SGI,36,51,10,574.00,"5,740.00"
2020-12-24,2020122404000366,SGI,10,55,10,577.00,"5,770.00"
2020-12-24,2020122404000365,SGI,10,32,10,577.00,"5,770.00"
2020-12-24,2020122404000364,SGI,10,58,10,577.00,"5,770.00"
2020-12-24,2020122404000396,SGI,41,17,10,573.00,"5,730.00"
2020-12-24,2020122404000394,SGI,41,20,10,573.00,"5,730.00"
2020-12-24,2020122404000391,SGI,41,14,10,573.00,"5,730.00"
2020-12-24,2020122404000382,SGI,45,33,10,575.00,"5,750.00"
2020-12-24,2020122404000375,SGI,41,38,10,573.00,"5,730.00"
2020-12-24,2020122404000373,SGI,41,51,10,573.00,"5,730.00"
2020-12-24,2020122404000419,SGI,11,17,10,573.00,"5,730.00"
2020-12-24,2020122404000418,SGI,41,20,10,573.00,"5,730.00"
2020-12-24,2020122404000417,SGI,41,37,10,573.00,"5,730.00"
2020-12-24,2020122404000410,SGI,41,51,10,573.00,"5,730.00"
2020-12-24,2020122404000404,SGI,41,38,10,573.00,"5,730.00"
2020-12-24,2020122404000403,SGI,41,45,10,573.00,"5,730.00"
2020-12-24,2020122404000445,SGI,57,39,10,574.00,"5,740.00"
2020-12-24,2020122404000441,SGI,19,36,10,573.00,"5,730.00"
2020-12-24,2020122404000439,SGI,19,56,10,573.00,"5,730.00"
2020-12-24,2020122404000437,SGI,19,41,10,573.00,"5,730.00"
2020-12-24,2020122404000428,SGI,11,41,10,573.00,"5,730.00"
2020-12-24,2020122404000422,SGI,11,54,10,573.00,"5,730.00"
2020-12-24,2020122404000466,SGI,1,50,120,574.00,"68,880.00"
2020-12-24,2020122404000457,SGI,19,39,10,573.00,"5,730.00"
2020-12-24,2020122404000452,SGI,57,14,10,574.00,"5,740.00"
2020-12-24,2020122404000451,SGI,57,47,10,574.00,"5,740.00"
2020-12-24,2020122404000447,SGI,57,39,10,574.00,"5,740.00"
2020-12-24,2020122404000446,SGI,57,16,10,574.00,"5,740.00"
2020-12-24,2020122403015406,SKBBL,22,40,283,"1,714.00","485,062.00"
2020-12-24,2020122404000300,STC,17,17,50,"5,100.00","255,000.00"
2020-12-24,2020122404000106,STC,7,17,20,"5,145.00","102,900.00"
2020-12-24,2020122404000105,STC,42,17,10,"5,150.00","51,500.00"
2020-12-24,2020122404000104,STC,58,17,20,"5,150.00","103,000.00"
2020-12-24,2020122403015341,ALBSL,16,40,10,"1,000.00","10,000.00"
2020-12-24,2020122403015303,ALBSL,45,36,13,"1,001.00","13,013.00"
2020-12-24,2020122403015252,ALICL,36,26,500,925.00,"462,500.00"
2020-12-24,2020122403015251,ALICL,36,57,400,925.00,"370,000.00"
2020-12-24,2020122403015250,ALICL,36,7,113,925.00,"104,525.00"
2020-12-24,2020122403015091,ALICL,21,7,40,925.00,"37,000.00"
2020-12-24,2020122403015369,BFC,8,4,352,128.00,"45,056.00"
2020-12-24,2020122403015368,BFC,58,4,100,128.00,"12,800.00"
2020-12-24,2020122403015367,BFC,1,4,368,128.00,"47,104.00"
2020-12-24,2020122403015291,BFC,42,49,120,129.00,"15,480.00"
2020-12-24,2020122403015275,CBBL,1,33,100,"1,407.00","140,700.00"
2020-12-24,2020122403015249,CBBL,34,33,100,"1,407.00","140,700.00"
2020-12-24,2020122403015244,CBBL,17,33,200,"1,407.00","281,400.00"
2020-12-24,2020122403015216,CBBL,39,33,30,"1,407.00","42,210.00"
2020-12-24,2020122403015203,CBBL,51,33,10,"1,407.00","14,070.00"
2020-12-24,2020122403015162,CBBL,48,33,956,"1,407.00","1,345,092.00"
2020-12-24,2020122403014984,CBBL,14,33,100,"1,410.00","141,000.00"
2020-12-24,2020122403015161,CBBL,39,33,50,"1,408.00","70,400.00"
2020-12-24,2020122403015160,CBBL,59,33,500,"1,408.00","704,000.00"
2020-12-24,2020122403015159,CBBL,11,33,40,"1,409.00","56,360.00"
2020-12-24,2020122403015140,CBBL,14,33,50,"1,410.00","70,500.00"
2020-12-24,2020122403015089,CBBL,42,33,17,"1,410.00","23,970.00"
2020-12-24,2020122403014994,CBBL,42,33,50,"1,410.00","70,500.00"
2020-12-24,2020122403015074,CFCL,17,17,1,155.00,155.00
2020-12-24,2020122403015378,CIT,38,26,20,"5,100.00","102,000.00"
2020-12-24,2020122403015377,CIT,38,33,55,"5,100.00","280,500.00"
2020-12-24,2020122403015353,CIT,58,5,10,"5,090.00","50,900.00"
2020-12-24,2020122403015286,CIT,49,33,10,"5,100.00","51,000.00"
2020-12-24,2020122403015274,CIT,16,33,10,"5,100.00","51,000.00"
2020-12-24,2020122403015226,CIT,7,33,50,"5,100.00","255,000.00"
2020-12-24,2020122403014907,CIT,17,58,10,"5,077.00","50,770.00"
2020-12-24,2020122403014906,CIT,45,58,50,"5,077.00","253,850.00"
2020-12-24,2020122403015193,CIT,13,33,20,"5,100.00","102,000.00"
2020-12-24,2020122403015189,CIT,45,33,30,"5,100.00","153,000.00"
2020-12-24,2020122403015144,CIT,33,58,20,"5,100.00","102,000.00"
2020-12-24,2020122403015059,CIT,33,57,10,"5,100.00","51,000.00"
2020-12-24,2020122403015004,CIT,38,35,10,"5,100.00","51,000.00"
2020-12-24,2020122403014908,CIT,33,58,30,"5,076.00","152,280.00"
2020-12-24,2020122403015399,CLBSL,26,57,54,798.00,"43,092.00"
2020-12-24,2020122403015382,CLBSL,3,57,50,798.00,"39,900.00"
2020-12-24,2020122403015305,CLBSL,48,57,150,798.00,"119,700.00"
2020-12-24,2020122403015224,CLBSL,59,57,50,798.00,"39,900.00"
2020-12-24,2020122403015168,CLBSL,39,57,10,799.00,"7,990.00"
2020-12-24,2020122403015118,CLBSL,48,57,31,799.00,"24,769.00"
2020-12-24,2020122403014939,CLBSL,13,57,50,799.00,"39,950.00"
2020-12-24,2020122403015340,DDBL,10,45,12,"1,425.00","17,100.00"
2020-12-24,2020122403015217,DDBL,34,45,30,"1,425.00","42,750.00"
2020-12-24,2020122403015171,DDBL,40,45,40,"1,425.00","57,000.00"
2020-12-24,2020122403015170,DDBL,19,45,10,"1,425.00","14,250.00"
2020-12-24,2020122403015084,DDBL,34,42,100,"1,427.00","142,700.00"
2020-12-24,2020122403015026,DDBL,8,42,50,"1,427.00","71,350.00"
2020-12-24,2020122403015006,DDBL,28,42,15,"1,428.00","21,420.00"
2020-12-24,2020122403014982,DDBL,28,32,25,"1,428.00","35,700.00"
2020-12-24,2020122403015348,FMDBL,28,56,200,586.00,"117,200.00"
2020-12-24,2020122403015333,FMDBL,28,38,"2,000",586.00,"1,172,000.00"
2020-12-24,2020122403015234,FMDBL,41,26,50,588.00,"29,400.00"
2020-12-24,2020122403015031,FMDBL,44,26,100,590.00,"59,000.00"
2020-12-24,2020122403015385,FOWAD,34,45,10,"2,299.00","22,990.00"
2020-12-24,2020122403015233,FOWAD,34,20,59,"2,295.00","135,405.00"
2020-12-24,2020122403015147,FOWAD,45,20,100,"2,295.00","229,500.00"
2020-12-24,2020122403015034,FOWAD,21,20,11,"2,295.00","25,245.00"
2020-12-24,2020122403015025,FOWAD,58,20,30,"2,295.00","68,850.00"
2020-12-24,2020122403015010,FOWAD,1,33,200,"2,300.00","460,000.00"
2020-12-24,2020122403014992,FOWAD,58,50,20,"2,295.00","45,900.00"
2020-12-24,2020122403014991,FOWAD,1,50,15,"2,295.00","34,425.00"
2020-12-24,2020122403014950,FOWAD,1,33,10,"2,295.00","22,950.00"
2020-12-24,2020122403015294,GBBL,19,37,818,308.00,"251,944.00"
2020-12-24,2020122403015293,GBBL,46,37,100,308.00,"30,800.00"
2020-12-24,2020122403015181,GBBL,38,33,75,310.00,"23,250.00"
2020-12-24,2020122403015058,GBBL,59,33,81,310.00,"25,110.00"
2020-12-24,2020122403015057,GBBL,59,49,50,310.00,"15,500.00"
2020-12-24,2020122403015056,GBBL,59,25,100,310.00,"31,000.00"
2020-12-24,2020122403014924,GBBL,4,22,500,310.00,"155,000.00"
2020-12-24,2020122403014923,GBBL,4,36,164,310.00,"50,840.00"
2020-12-24,2020122403014922,GBBL,4,21,80,309.00,"24,720.00"
2020-12-24,2020122403014930,GBBL,4,29,250,310.00,"77,500.00"
2020-12-24,2020122403014929,GBBL,4,33,200,310.00,"62,000.00"
2020-12-24,2020122403014928,GBBL,4,32,50,310.00,"15,500.00"
2020-12-24,2020122403014927,GBBL,4,45,"1,248",310.00,"386,880.00"
2020-12-24,2020122403014926,GBBL,4,35,100,310.00,"31,000.00"
2020-12-24,2020122403014925,GBBL,4,35,100,310.00,"31,000.00"
2020-12-24,2020122403015055,GBBL,59,34,"1,000",310.00,"310,000.00"
2020-12-24,2020122403015054,GBBL,59,34,269,310.00,"83,390.00"
2020-12-24,2020122403014934,GBBL,4,34,731,310.00,"226,610.00"
2020-12-24,2020122403014933,GBBL,4,36,377,310.00,"116,870.00"
2020-12-24,2020122403014932,GBBL,4,19,100,310.00,"31,000.00"
2020-12-24,2020122403014931,GBBL,4,57,100,310.00,"31,000.00"
2020-12-24,2020122403014949,GBLBS,43,45,100,575.00,"57,500.00"
2020-12-24,2020122403014948,GBLBS,34,45,100,576.00,"57,600.00"
2020-12-24,2020122403015328,GFCL,6,29,50,209.00,"10,450.00"
2020-12-24,2020122403015211,GILB,7,44,50,"1,680.00","84,000.00"
2020-12-24,2020122403015071,GILB,49,45,29,"1,699.00","49,271.00"
2020-12-24,2020122403015070,GILB,49,14,10,"1,695.00","16,950.00"
2020-12-24,2020122403015069,GILB,49,10,11,"1,691.00","18,601.00"
2020-12-24,2020122403014941,GILB,49,44,"1,000","1,690.00","1,690,000.00"
2020-12-24,2020122403015176,GLBSL,17,41,10,820.00,"8,200.00"
2020-12-24,2020122403015175,GLBSL,39,41,100,821.00,"82,100.00"
2020-12-24,2020122403015174,GLBSL,39,41,100,825.00,"82,500.00"
2020-12-24,2020122403015403,GLICL,34,45,780,626.00,"488,280.00"
2020-12-24,2020122403015402,GLICL,8,45,200,627.00,"125,400.00"
2020-12-24,2020122403015401,GLICL,16,45,20,628.00,"12,560.00"
2020-12-24,2020122403015277,GLICL,32,22,100,629.00,"62,900.00"
2020-12-24,2020122403015223,GLICL,38,22,95,629.00,"59,755.00"
2020-12-24,2020122403015214,GLICL,56,22,50,629.00,"31,450.00"
2020-12-24,2020122403015073,GLICL,33,22,100,629.00,"62,900.00"
2020-12-24,2020122403015330,GMFBS,25,14,10,977.00,"9,770.00"
2020-12-24,2020122403015282,GUFL,17,17,10,196.00,"1,960.00"
2020-12-24,2020122403015281,GUFL,17,45,200,194.00,"38,800.00"
2020-12-24,2020122403015280,GUFL,17,10,18,194.00,"3,492.00"
2020-12-24,2020122403015398,HIDCL,14,58,50,267.00,"13,350.00"
2020-12-24,2020122403015390,HIDCL,17,6,10,268.00,"2,680.00"
2020-12-24,2020122403015279,HIDCL,14,29,"1,000",267.00,"267,000.00"
2020-12-24,2020122403015272,HIDCL,17,6,10,268.00,"2,680.00"
2020-12-24,2020122403015206,HIDCL,51,33,60,267.00,"16,020.00"
2020-12-24,2020122403015192,HIDCL,51,6,300,267.00,"80,100.00"
2020-12-24,2020122403015005,HIDCL,17,52,10,268.00,"2,680.00"
2020-12-24,2020122403015001,HIDCL,36,52,100,268.00,"26,800.00"
2020-12-24,2020122403015000,HIDCL,36,17,300,268.00,"80,400.00"
2020-12-24,2020122403014990,HIDCL,58,52,15,268.00,"4,020.00"
2020-12-24,2020122403014980,HIDCL,34,52,100,268.00,"26,800.00"
2020-12-24,2020122403015169,HIDCL,17,6,10,268.00,"2,680.00"
2020-12-24,2020122403015076,HIDCL,51,13,165,267.00,"44,055.00"
2020-12-24,2020122403015065,HIDCL,51,58,200,267.00,"53,400.00"
2020-12-24,2020122403015028,HIDCL,41,6,332,268.00,"88,976.00"
2020-12-24,2020122403015027,HIDCL,41,52,158,268.00,"42,344.00"
2020-12-24,2020122403015013,HIDCL,1,52,100,268.00,"26,800.00"
2020-12-24,2020122403015271,JFL,55,47,20,240.00,"4,800.00"
2020-12-24,2020122403015270,JFL,55,50,60,240.00,"14,400.00"
2020-12-24,2020122403015235,JSLBB,17,19,10,"1,693.00","16,930.00"
2020-12-24,2020122403015195,JSLBB,59,19,100,"1,696.00","169,600.00"
2020-12-24,2020122403015194,JSLBB,38,19,11,"1,700.00","18,700.00"
2020-12-24,2020122403015380,KMCDB,25,26,10,855.00,"8,550.00"
2020-12-24,2020122403015016,KMCDB,36,57,70,851.00,"59,570.00"
2020-12-24,2020122403015015,KMCDB,7,57,100,852.00,"85,200.00"
2020-12-24,2020122403015014,KMCDB,42,57,20,852.00,"17,040.00"
2020-12-24,2020122403015225,KRBL,34,35,10,135.00,"1,350.00"
2020-12-24,2020122403015099,KSBBL,44,13,500,218.00,"109,000.00"
2020-12-24,2020122403015384,LBBL,58,42,550,221.00,"121,550.00"
2020-12-24,2020122403015266,LBBL,7,42,100,221.00,"22,100.00"
2020-12-24,2020122403014959,LBBL,43,42,100,221.00,"22,100.00"
2020-12-24,2020122403015132,LBBL,1,45,100,222.00,"22,200.00"
2020-12-24,2020122403014975,LBBL,7,42,900,221.00,"198,900.00"
2020-12-24,2020122403015356,LICN,50,50,20,"1,960.00","39,200.00"
2020-12-24,2020122403015355,LICN,40,50,100,"1,960.00","196,000.00"
2020-12-24,2020122403015354,LICN,51,50,20,"1,965.00","39,300.00"
2020-12-24,2020122403015297,MDB,22,29,28,384.00,"10,752.00"
2020-12-24,2020122403015296,MDB,36,29,43,384.00,"16,512.00"
