Date,Transact. No.,Symbol,Buyer,Seller,Quantity,Rate,Amount
2020-12-13,2020121304001625,BBC,10,22,20,"2,898.00","57,960.00"
2020-12-13,2020121304001617,BBC,10,40,20,"2,897.00","57,940.00"
2020-12-13,2020121304001608,BBC,10,32,10,"2,880.00","28,800.00"
2020-12-13,2020121304001586,BBC,34,32,10,"2,880.00","28,800.00"
2020-12-13,2020121304001475,BBC,56,32,10,"2,852.00","28,520.00"
2020-12-13,2020121304001474,BBC,46,32,30,"2,852.00","85,560.00"
2020-12-13,2020121304001182,BBC,55,50,10,"2,852.00","28,520.00"
2020-12-13,2020121304001163,BBC,7,50,10,"2,897.00","28,970.00"
2020-12-13,2020121304001603,CMF1,58,47,500,10.08,"5,040.00"
2020-12-13,2020121304001278,CMF1,22,17,"4,300",10.10,"43,430.00"
2020-12-13,2020121304001275,CMF1,22,17,"5,000",10.10,"50,500.00"
2020-12-13,2020121304001242,CMF1,22,16,"10,200",10.10,"103,020.00"
2020-12-13,2020121304001241,CMF1,22,58,500,10.10,"5,050.00"
2020-12-13,2020121304001631,GIC,4,17,10,572.00,"5,720.00"
2020-12-13,2020121304001630,GIC,47,56,10,573.00,"5,730.00"
2020-12-13,2020121304001629,GIC,10,56,110,573.00,"63,030.00"
2020-12-13,2020121304001628,GIC,10,38,10,573.00,"5,730.00"
2020-12-13,2020121304001627,GIC,10,58,10,573.00,"5,730.00"
2020-12-13,2020121304001626,GIC,47,43,10,574.00,"5,740.00"
2020-12-13,2020121304001132,GIC,58,10,10,568.00,"5,680.00"
2020-12-13,2020121304001160,GIC,58,21,10,568.00,"5,680.00"
2020-12-13,2020121304001153,GIC,54,4,10,569.00,"5,690.00"
2020-12-13,2020121304001139,GIC,58,10,10,568.00,"5,680.00"
2020-12-13,2020121304001137,GIC,58,10,10,568.00,"5,680.00"
2020-12-13,2020121304001136,GIC,58,10,10,568.00,"5,680.00"
2020-12-13,2020121304001135,GIC,58,48,10,568.00,"5,680.00"
2020-12-13,2020121304001171,GIC,32,50,10,570.00,"5,700.00"
2020-12-13,2020121304001170,GIC,5,45,10,569.00,"5,690.00"
2020-12-13,2020121304001169,GIC,5,25,10,569.00,"5,690.00"
2020-12-13,2020121304001168,GIC,5,38,10,569.00,"5,690.00"
2020-12-13,2020121304001167,GIC,5,46,10,569.00,"5,690.00"
2020-12-13,2020121304001166,GIC,5,43,10,568.00,"5,680.00"
2020-12-13,2020121304001177,GIC,32,52,10,570.00,"5,700.00"
2020-12-13,2020121304001176,GIC,32,49,10,570.00,"5,700.00"
2020-12-13,2020121304001175,GIC,32,56,10,570.00,"5,700.00"
2020-12-13,2020121304001174,GIC,32,21,10,570.00,"5,700.00"
2020-12-13,2020121304001173,GIC,32,26,10,570.00,"5,700.00"
2020-12-13,2020121304001172,GIC,32,56,10,570.00,"5,700.00"
2020-12-13,2020121304001188,GIC,13,42,10,569.00,"5,690.00"
2020-12-13,2020121304001185,GIC,13,41,10,569.00,"5,690.00"
2020-12-13,2020121304001184,GIC,13,38,10,569.00,"5,690.00"
2020-12-13,2020121304001180,GIC,32,45,10,570.00,"5,700.00"
2020-12-13,2020121304001179,GIC,32,56,10,570.00,"5,700.00"
2020-12-13,2020121304001178,GIC,32,42,10,570.00,"5,700.00"
2020-12-13,2020121304001196,GIC,13,47,10,569.00,"5,690.00"
2020-12-13,2020121304001195,GIC,21,41,10,570.00,"5,700.00"
2020-12-13,2020121304001194,GIC,21,58,10,570.00,"5,700.00"
2020-12-13,2020121304001191,GIC,13,21,10,569.00,"5,690.00"
2020-12-13,2020121304001190,GIC,13,48,10,569.00,"5,690.00"
2020-12-13,2020121304001189,GIC,13,10,10,569.00,"5,690.00"
2020-12-13,2020121304001224,GIC,13,56,10,569.00,"5,690.00"
2020-12-13,2020121304001223,GIC,13,35,10,569.00,"5,690.00"
2020-12-13,2020121304001222,GIC,13,39,10,569.00,"5,690.00"
2020-12-13,2020121304001219,GIC,13,56,10,569.00,"5,690.00"
2020-12-13,2020121304001209,GIC,29,13,10,572.00,"5,720.00"
2020-12-13,2020121304001198,GIC,13,47,10,569.00,"5,690.00"
2020-12-13,2020121304001259,GIC,13,41,10,569.00,"5,690.00"
2020-12-13,2020121304001258,GIC,13,56,10,569.00,"5,690.00"
2020-12-13,2020121304001256,GIC,13,56,10,569.00,"5,690.00"
2020-12-13,2020121304001252,GIC,13,26,10,569.00,"5,690.00"
2020-12-13,2020121304001240,GIC,13,56,10,569.00,"5,690.00"
2020-12-13,2020121304001236,GIC,13,10,10,569.00,"5,690.00"
2020-12-13,2020121304001286,GIC,50,42,10,569.00,"5,690.00"
2020-12-13,2020121304001284,GIC,50,57,10,569.00,"5,690.00"
2020-12-13,2020121304001279,GIC,50,6,10,569.00,"5,690.00"
2020-12-13,2020121304001272,GIC,50,10,10,569.00,"5,690.00"
2020-12-13,2020121304001271,GIC,13,8,10,569.00,"5,690.00"
2020-12-13,2020121304001261,GIC,13,56,10,569.00,"5,690.00"
2020-12-13,2020121304001316,GIC,1,1,10,570.00,"5,700.00"
2020-12-13,2020121304001315,GIC,1,42,10,570.00,"5,700.00"
2020-12-13,2020121304001308,GIC,1,41,10,570.00,"5,700.00"
2020-12-13,2020121304001291,GIC,1,29,10,570.00,"5,700.00"
2020-12-13,2020121304001289,GIC,1,38,10,570.00,"5,700.00"
2020-12-13,2020121304001288,GIC,1,22,10,570.00,"5,700.00"
2020-12-13,2020121304001323,GIC,22,52,10,572.00,"5,720.00"
2020-12-13,2020121304001322,GIC,22,50,10,572.00,"5,720.00"
2020-12-13,2020121304001321,GIC,22,51,10,572.00,"5,720.00"
2020-12-13,2020121304001320,GIC,22,8,10,572.00,"5,720.00"
2020-12-13,2020121304001319,GIC,22,26,10,571.00,"5,710.00"
2020-12-13,2020121304001318,GIC,1,22,10,570.00,"5,700.00"
2020-12-13,2020121304001334,GIC,1,6,10,570.00,"5,700.00"
2020-12-13,2020121304001329,GIC,1,32,10,570.00,"5,700.00"
2020-12-13,2020121304001327,GIC,22,33,10,573.00,"5,730.00"
2020-12-13,2020121304001326,GIC,22,52,50,573.00,"28,650.00"
2020-12-13,2020121304001325,GIC,22,48,10,572.00,"5,720.00"
2020-12-13,2020121304001324,GIC,22,21,10,572.00,"5,720.00"
2020-12-13,2020121304001351,GIC,35,34,10,574.00,"5,740.00"
2020-12-13,2020121304001350,GIC,35,36,10,572.00,"5,720.00"
2020-12-13,2020121304001344,GIC,1,58,10,570.00,"5,700.00"
2020-12-13,2020121304001343,GIC,1,8,10,570.00,"5,700.00"
2020-12-13,2020121304001342,GIC,1,57,10,570.00,"5,700.00"
2020-12-13,2020121304001338,GIC,1,22,10,570.00,"5,700.00"
2020-12-13,2020121304001360,GIC,1,29,10,570.00,"5,700.00"
2020-12-13,2020121304001359,GIC,1,57,10,570.00,"5,700.00"
2020-12-13,2020121304001355,GIC,35,6,50,574.00,"28,700.00"
2020-12-13,2020121304001354,GIC,35,14,10,574.00,"5,740.00"
2020-12-13,2020121304001353,GIC,35,48,10,574.00,"5,740.00"
2020-12-13,2020121304001352,GIC,35,39,10,574.00,"5,740.00"
2020-12-13,2020121304001395,GIC,49,49,10,570.00,"5,700.00"
2020-12-13,2020121304001388,GIC,1,10,10,570.00,"5,700.00"
2020-12-13,2020121304001384,GIC,1,41,10,570.00,"5,700.00"
2020-12-13,2020121304001383,GIC,1,48,10,570.00,"5,700.00"
2020-12-13,2020121304001373,GIC,1,34,10,570.00,"5,700.00"
2020-12-13,2020121304001371,GIC,1,11,10,570.00,"5,700.00"
2020-12-13,2020121304001417,GIC,26,41,10,571.00,"5,710.00"
2020-12-13,2020121304001415,GIC,33,16,10,572.00,"5,720.00"
2020-12-13,2020121304001410,GIC,26,10,10,571.00,"5,710.00"
2020-12-13,2020121304001405,GIC,26,19,10,571.00,"5,710.00"
2020-12-13,2020121304001401,GIC,26,11,10,571.00,"5,710.00"
2020-12-13,2020121304001399,GIC,26,29,10,571.00,"5,710.00"
2020-12-13,2020121304001443,GIC,49,59,10,570.00,"5,700.00"
2020-12-13,2020121304001439,GIC,45,56,35,571.00,"19,985.00"
2020-12-13,2020121304001427,GIC,45,38,20,571.00,"11,420.00"
2020-12-13,2020121304001426,GIC,19,38,10,571.00,"5,710.00"
2020-12-13,2020121304001420,GIC,19,52,10,571.00,"5,710.00"
2020-12-13,2020121304001418,GIC,19,49,10,571.00,"5,710.00"
2020-12-13,2020121304001468,GIC,4,36,10,570.00,"5,700.00"
2020-12-13,2020121304001466,GIC,21,56,30,571.00,"17,130.00"
2020-12-13,2020121304001465,GIC,4,50,10,570.00,"5,700.00"
2020-12-13,2020121304001462,GIC,49,16,10,570.00,"5,700.00"
2020-12-13,2020121304001458,GIC,49,13,10,570.00,"5,700.00"
2020-12-13,2020121304001446,GIC,49,57,10,570.00,"5,700.00"
2020-12-13,2020121304001479,GIC,48,36,10,571.00,"5,710.00"
2020-12-13,2020121304001478,GIC,39,41,60,572.00,"34,320.00"
2020-12-13,2020121304001477,GIC,48,22,10,571.00,"5,710.00"
2020-12-13,2020121304001473,GIC,4,56,35,570.00,"19,950.00"
2020-12-13,2020121304001472,GIC,42,56,100,570.00,"57,000.00"
2020-12-13,2020121304001469,GIC,4,10,10,570.00,"5,700.00"
2020-12-13,2020121304001486,GIC,50,33,160,570.00,"91,200.00"
2020-12-13,2020121304001485,GIC,49,33,50,570.00,"28,500.00"
2020-12-13,2020121304001484,GIC,4,33,35,570.00,"19,950.00"
2020-12-13,2020121304001483,GIC,21,33,20,571.00,"11,420.00"
2020-12-13,2020121304001482,GIC,48,33,170,571.00,"97,070.00"
2020-12-13,2020121304001480,GIC,48,49,10,571.00,"5,710.00"
2020-12-13,2020121304001524,GIC,37,22,10,572.00,"5,720.00"
2020-12-13,2020121304001519,GIC,58,38,10,571.00,"5,710.00"
2020-12-13,2020121304001496,GIC,21,44,10,571.00,"5,710.00"
2020-12-13,2020121304001494,GIC,21,16,10,571.00,"5,710.00"
2020-12-13,2020121304001488,GIC,29,33,45,570.00,"25,650.00"
2020-12-13,2020121304001487,GIC,32,33,20,570.00,"11,400.00"
2020-12-13,2020121304001546,GIC,58,57,10,571.00,"5,710.00"
2020-12-13,2020121304001545,GIC,58,38,10,571.00,"5,710.00"
2020-12-13,2020121304001539,GIC,37,22,10,572.00,"5,720.00"
2020-12-13,2020121304001535,GIC,37,55,10,572.00,"5,720.00"
2020-12-13,2020121304001534,GIC,37,47,10,572.00,"5,720.00"
2020-12-13,2020121304001525,GIC,37,57,10,572.00,"5,720.00"
2020-12-13,2020121304001600,GIC,10,26,10,572.00,"5,720.00"
2020-12-13,2020121304001592,GIC,4,26,10,571.00,"5,710.00"
2020-12-13,2020121304001585,GIC,4,26,10,571.00,"5,710.00"
2020-12-13,2020121304001580,GIC,34,41,70,572.00,"40,040.00"
2020-12-13,2020121304001561,GIC,58,25,10,571.00,"5,710.00"
2020-12-13,2020121304001557,GIC,58,42,10,571.00,"5,710.00"
2020-12-13,2020121304001614,GIC,10,19,10,573.00,"5,730.00"
2020-12-13,2020121304001613,GIC,10,58,10,573.00,"5,730.00"
2020-12-13,2020121304001611,GIC,10,25,10,573.00,"5,730.00"
2020-12-13,2020121304001605,GIC,10,38,10,573.00,"5,730.00"
2020-12-13,2020121304001604,GIC,10,26,10,573.00,"5,730.00"
2020-12-13,2020121304001601,GIC,10,52,10,573.00,"5,730.00"
2020-12-13,2020121304001577,GIMES1,17,21,300,11.15,"3,345.00"
2020-12-13,2020121304001440,GIMES1,43,40,"1,000",11.10,"11,100.00"
2020-12-13,2020121304001221,GIMES1,7,56,"1,500",10.93,"16,395.00"
2020-12-13,2020121304001220,GIMES1,35,56,"1,000",10.93,"10,930.00"
2020-12-13,2020121304001576,LUK,6,34,200,9.45,"1,890.00"
2020-12-13,2020121304001495,LUK,11,43,500,9.46,"4,730.00"
2020-12-13,2020121304001460,LUK,6,38,500,9.45,"4,725.00"
2020-12-13,2020121304001402,LUK,6,32,100,9.45,945.00
2020-12-13,2020121304001398,LUK,6,22,"1,000",9.45,"9,450.00"
2020-12-13,2020121304001349,LUK,57,38,900,9.40,"8,460.00"
2020-12-13,2020121304001372,NBF2,19,44,200,9.61,"1,922.00"
2020-12-13,2020121304001257,NBF2,19,1,100,9.61,961.00
2020-12-13,2020121304001610,NEF,17,45,"2,414",9.95,"24,019.30"
2020-12-13,2020121304001582,NEF,17,41,"2,414",9.95,"24,019.30"
2020-12-13,2020121304001581,NEF,17,41,"5,632",9.95,"56,038.40"
2020-12-13,2020121304001425,NEF,17,41,"2,414",9.95,"24,019.30"
2020-12-13,2020121304001424,NEF,17,11,"2,414",9.95,"24,019.30"
2020-12-13,2020121304001423,NEF,17,11,"2,414",9.95,"24,019.30"
2020-12-13,2020121304001214,NEF,22,41,"1,809",9.86,"17,836.74"
2020-12-13,2020121304001348,NEF,21,34,241,9.95,"2,397.95"
2020-12-13,2020121304001232,NEF,17,40,"5,632",9.95,"56,038.40"
2020-12-13,2020121304001231,NEF,17,8,676,9.91,"6,699.16"
2020-12-13,2020121304001230,NEF,17,7,"1,127",9.88,"11,134.76"
2020-12-13,2020121304001218,NEF,35,41,"1,207",9.86,"11,901.02"
2020-12-13,2020121304001215,NEF,35,41,605,9.86,"5,965.30"
2020-12-13,2020121304001599,NIBLPF,17,45,"2,475",10.15,"25,121.25"
2020-12-13,2020121304001551,NIBLPF,17,42,758,10.15,"7,693.70"
2020-12-13,2020121304001550,NIBLPF,17,42,"1,010",10.15,"10,251.50"
2020-12-13,2020121304001549,NIBLPF,17,41,"2,550",10.15,"25,882.50"
2020-12-13,2020121304001548,NIBLPF,17,48,"2,126",10.15,"21,578.90"
2020-12-13,2020121304001437,NIBLPF,17,57,"1,000",10.14,"10,140.00"
2020-12-13,2020121304001356,NIBLPF,34,50,253,10.07,"2,547.71"
2020-12-13,2020121304001337,NIBLPF,34,54,"1,313",10.07,"13,221.91"
2020-12-13,2020121304001436,NIBLPF,17,40,"2,525",10.14,"25,603.50"
2020-12-13,2020121304001435,NIBLPF,17,52,"1,263",10.13,"12,794.19"
2020-12-13,2020121304001434,NIBLPF,17,51,"2,525",10.13,"25,578.25"
2020-12-13,2020121304001433,NIBLPF,17,26,"1,263",10.10,"12,756.30"
2020-12-13,2020121304001432,NIBLPF,17,42,253,10.10,"2,555.30"
2020-12-13,2020121304001382,NIBLPF,34,54,"1,313",10.07,"13,221.91"
2020-12-13,2020121304001622,NIBPO,35,51,125,437.00,"54,625.00"
2020-12-13,2020121304001621,NIBPO,35,3,500,435.00,"217,500.00"
2020-12-13,2020121304001620,NIBPO,35,26,100,435.00,"43,500.00"
2020-12-13,2020121304001619,NIBPO,35,57,"1,000",430.00,"430,000.00"
2020-12-13,2020121304001618,NIBPO,35,16,632,429.00,"271,128.00"
2020-12-13,2020121304001578,NIBPO,42,16,368,429.00,"157,872.00"
2020-12-13,2020121304001235,NIBPO,6,20,990,423.00,"418,770.00"
2020-12-13,2020121304001234,NIBPO,6,17,107,422.00,"45,154.00"
2020-12-13,2020121304001227,NIBPO,43,17,"1,950",421.00,"820,950.00"
2020-12-13,2020121304001203,NIBPO,43,46,50,421.00,"21,050.00"
2020-12-13,2020121304001192,NIBPO,14,17,393,422.00,"165,846.00"
2020-12-13,2020121304001500,NIBPO,42,6,"2,500",424.00,"1,060,000.00"
2020-12-13,2020121304001499,NIBPO,42,33,66,423.00,"27,918.00"
2020-12-13,2020121304001498,NIBPO,42,38,450,423.00,"190,350.00"
2020-12-13,2020121304001471,NIBPO,47,38,50,423.00,"21,150.00"
2020-12-13,2020121304001347,NIBPO,28,28,"2,000",423.00,"846,000.00"
2020-12-13,2020121304001255,NIBPO,34,17,50,420.00,"21,000.00"
2020-12-13,2020121304001506,NIBPO,42,40,"1,927",428.00,"824,756.00"
2020-12-13,2020121304001505,NIBPO,42,46,250,428.00,"107,000.00"
2020-12-13,2020121304001504,NIBPO,42,14,171,428.00,"73,188.00"
2020-12-13,2020121304001503,NIBPO,42,56,100,426.00,"42,600.00"
2020-12-13,2020121304001502,NIBPO,42,47,67,426.00,"28,542.00"
2020-12-13,2020121304001501,NIBPO,42,50,500,424.00,"212,000.00"
2020-12-13,2020121304001538,NIBPO,42,26,100,429.00,"42,900.00"
2020-12-13,2020121304001511,NIBPO,42,51,60,429.00,"25,740.00"
2020-12-13,2020121304001510,NIBPO,42,50,40,429.00,"17,160.00"
2020-12-13,2020121304001509,NIBPO,42,16,"1,000",429.00,"429,000.00"
2020-12-13,2020121304001508,NIBPO,42,49,516,428.00,"220,848.00"
2020-12-13,2020121304001507,NIBPO,42,39,885,428.00,"378,780.00"
2020-12-13,2020121304001623,NIBSF1,17,8,"2,000",11.12,"22,240.00"
2020-12-13,2020121304001303,NIBSF1,11,7,"5,000",11.21,"56,050.00"
2020-12-13,2020121304001290,NIBSF1,11,8,"5,000",11.18,"55,900.00"
2020-12-13,2020121304001285,NIBSF1,11,8,"5,000",11.17,"55,850.00"
2020-12-13,2020121304001206,NIBSF1,32,8,"1,500",11.16,"16,740.00"
2020-12-13,2020121304001406,NICGF,17,49,100,10.50,"1,050.00"
2020-12-13,2020121304001379,NICGF,17,36,200,10.50,"2,100.00"
2020-12-13,2020121304001378,NICGF,17,50,"1,000",10.50,"10,500.00"
2020-12-13,2020121304001377,NICGF,17,37,"15,000",10.40,"156,000.00"
2020-12-13,2020121304001376,NICGF,17,35,"1,500",10.40,"15,600.00"
2020-12-13,2020121304001375,NICGF,17,17,500,10.30,"5,150.00"
2020-12-13,2020121304001229,NMB50,11,45,"1,100",10.50,"11,550.00"
2020-12-13,2020121304001207,NMB50,11,25,"1,000",10.45,"10,450.00"
2020-12-13,2020121304001181,NMB50,11,50,"2,210",10.44,"23,072.40"
2020-12-13,2020121304001593,NMBHF1,17,7,"25,000",9.95,"248,750.00"
2020-12-13,2020121304001589,NMBHF1,5,7,"10,839",10.00,"108,390.00"
2020-12-13,2020121304001588,NMBHF1,5,45,"4,161",9.99,"41,568.39"
2020-12-13,2020121304001295,NMBHF1,32,48,832,9.92,"8,253.44"
2020-12-13,2020121304001283,NMBHF1,17,7,"10,413",10.00,"104,130.00"
2020-12-13,2020121304001270,NMBHF1,17,48,167,10.00,"1,670.00"
2020-12-13,2020121304001245,NMBHF1,17,34,416,9.99,"4,155.84"
2020-12-13,2020121304001244,NMBHF1,17,39,"2,496",9.99,"24,935.04"
2020-12-13,2020121304001243,NMBHF1,17,8,"4,161",9.98,"41,526.78"
2020-12-13,2020121304001251,NMBHF1,17,44,"2,000",10.00,"20,000.00"
2020-12-13,2020121304001250,NMBHF1,17,34,416,10.00,"4,160.00"
2020-12-13,2020121304001249,NMBHF1,17,41,"4,161",10.00,"41,610.00"
2020-12-13,2020121304001248,NMBHF1,17,51,"1,248",10.00,"12,480.00"
2020-12-13,2020121304001247,NMBHF1,17,57,500,10.00,"5,000.00"
2020-12-13,2020121304001246,NMBHF1,17,25,"4,022",10.00,"40,220.00"
2020-12-13,2020121304001331,RBCLPO,28,28,20,"14,370.00","287,400.00"
2020-12-13,2020121304001330,RBCLPO,28,4,10,"14,300.00","143,000.00"
2020-12-13,2020121304001239,RBCLPO,58,40,30,"14,200.00","426,000.00"
2020-12-13,2020121304001237,RBCLPO,58,33,59,"14,199.00","837,741.00"
2020-12-13,2020121304001202,RBCLPO,7,33,30,"14,199.00","425,970.00"
2020-12-13,2020121304001596,SAEF,42,43,"1,000",11.00,"11,000.00"
2020-12-13,2020121304001595,SAEF,42,21,900,11.00,"9,900.00"
2020-12-13,2020121304001594,SAEF,42,49,"1,000",11.00,"11,000.00"
2020-12-13,2020121304001520,SAEF,17,13,"5,000",10.99,"54,950.00"
2020-12-13,2020121304001464,SAEF,4,57,500,10.96,"5,480.00"
2020-12-13,2020121304001408,SAEF,58,28,300,10.99,"3,297.00"
2020-12-13,2020121304001407,SAEF,58,16,"10,000",10.99,"109,900.00"
2020-12-13,2020121304001216,SAEF,4,56,500,10.96,"5,480.00"
2020-12-13,2020121304001159,SAEF,17,51,500,10.96,"5,480.00"
2020-12-13,2020121304001144,SAEF,17,51,500,10.96,"5,480.00"
2020-12-13,2020121304001572,SEF,14,54,"1,000",10.30,"10,300.00"
2020-12-13,2020121304001571,SEF,14,42,"2,000",10.30,"20,600.00"
2020-12-13,2020121304001570,SEF,14,28,100,10.30,"1,030.00"
2020-12-13,2020121304001569,SEF,14,26,"5,000",10.30,"51,500.00"
2020-12-13,2020121304001568,SEF,14,58,"2,000",10.30,"20,600.00"
2020-12-13,2020121304001567,SEF,14,42,"1,000",10.30,"10,300.00"
2020-12-13,2020121304001317,SEF,14,45,"5,000",10.20,"51,000.00"
2020-12-13,2020121304001200,SEF,14,41,"2,500",10.20,"25,500.00"
2020-12-13,2020121304001162,SEF,14,51,500,10.20,"5,100.00"
2020-12-13,2020121304001146,SEF,14,51,500,10.20,"5,100.00"
2020-12-13,2020121304001493,SEF,42,41,"5,000",10.21,"51,050.00"
2020-12-13,2020121304001467,SEF,14,57,"5,000",10.20,"51,000.00"
2020-12-13,2020121304001463,SEF,14,11,"3,000",10.20,"30,600.00"
2020-12-13,2020121304001451,SEF,14,32,"5,000",10.20,"51,000.00"
2020-12-13,2020121304001412,SEF,14,41,"3,000",10.20,"30,600.00"
2020-12-13,2020121304001411,SEF,43,41,"2,000",10.21,"20,420.00"
2020-12-13,2020121304001541,SEF,42,50,500,10.25,"5,125.00"
2020-12-13,2020121304001537,SEF,42,41,"2,500",10.21,"25,525.00"
2020-12-13,2020121304001523,SEF,42,41,"5,000",10.21,"51,050.00"
2020-12-13,2020121304001517,SEF,42,34,"5,000",10.25,"51,250.00"
2020-12-13,2020121304001516,SEF,42,49,"1,500",10.25,"15,375.00"
2020-12-13,2020121304001515,SEF,42,58,150,10.25,"1,537.50"
2020-12-13,2020121304001566,SEF,14,14,"5,000",10.30,"51,500.00"
2020-12-13,2020121304001565,SEF,14,55,"1,000",10.30,"10,300.00"
2020-12-13,2020121304001564,SEF,14,14,"10,000",10.30,"103,000.00"
2020-12-13,2020121304001563,SEF,14,44,500,10.30,"5,150.00"
2020-12-13,2020121304001562,SEF,14,13,500,10.25,"5,125.00"
2020-12-13,2020121304001542,SEF,42,13,500,10.25,"5,125.00"
2020-12-13,2020121304001583,SFMF,57,50,"1,100",10.10,"11,110.00"
2020-12-13,2020121304001414,SFMF,57,42,200,10.10,"2,020.00"
2020-12-13,2020121304001385,SFMF,57,50,200,10.10,"2,020.00"
2020-12-13,2020121304001165,SFMF,57,17,500,10.00,"5,000.00"
2020-12-13,2020121304001164,SFMF,57,45,100,10.00,"1,000.00"
2020-12-13,2020121304001158,SFMF,57,50,130,9.95,"1,293.50"
2020-12-13,2020121304001624,SGI,11,41,10,593.00,"5,930.00"
2020-12-13,2020121304001616,SGI,11,45,10,593.00,"5,930.00"
2020-12-13,2020121304001615,SGI,4,22,10,594.00,"5,940.00"
2020-12-13,2020121304001612,SGI,11,26,10,593.00,"5,930.00"
2020-12-13,2020121304001609,SGI,11,38,10,593.00,"5,930.00"
2020-12-13,2020121304001607,SGI,11,11,10,593.00,"5,930.00"
2020-12-13,2020121304001142,SGI,8,10,10,591.00,"5,910.00"
2020-12-13,2020121304001141,SGI,8,57,10,591.00,"5,910.00"
2020-12-13,2020121304001140,SGI,8,18,10,591.00,"5,910.00"
2020-12-13,2020121304001138,SGI,8,49,10,591.00,"5,910.00"
2020-12-13,2020121304001134,SGI,8,17,10,591.00,"5,910.00"
2020-12-13,2020121304001133,SGI,25,4,10,592.00,"5,920.00"
2020-12-13,2020121304001150,SGI,14,48,10,592.00,"5,920.00"
2020-12-13,2020121304001149,SGI,14,18,10,592.00,"5,920.00"
2020-12-13,2020121304001148,SGI,14,13,10,592.00,"5,920.00"
2020-12-13,2020121304001147,SGI,14,35,10,592.00,"5,920.00"
2020-12-13,2020121304001145,SGI,8,10,10,591.00,"5,910.00"
2020-12-13,2020121304001143,SGI,8,10,10,591.00,"5,910.00"
2020-12-13,2020121304001157,SGI,14,18,10,592.00,"5,920.00"
2020-12-13,2020121304001156,SGI,14,44,10,592.00,"5,920.00"
2020-12-13,2020121304001155,SGI,14,40,10,592.00,"5,920.00"
2020-12-13,2020121304001154,SGI,14,45,10,592.00,"5,920.00"
2020-12-13,2020121304001152,SGI,14,10,10,592.00,"5,920.00"
2020-12-13,2020121304001151,SGI,14,57,10,592.00,"5,920.00"
2020-12-13,2020121304001197,SGI,14,49,10,592.00,"5,920.00"
2020-12-13,2020121304001193,SGI,14,47,10,592.00,"5,920.00"
2020-12-13,2020121304001187,SGI,14,41,10,592.00,"5,920.00"
2020-12-13,2020121304001186,SGI,13,50,20,593.00,"11,860.00"
2020-12-13,2020121304001183,SGI,14,57,10,592.00,"5,920.00"
2020-12-13,2020121304001161,SGI,14,21,10,592.00,"5,920.00"
2020-12-13,2020121304001211,SGI,49,32,10,592.00,"5,920.00"
2020-12-13,2020121304001210,SGI,14,8,10,592.00,"5,920.00"
2020-12-13,2020121304001208,SGI,14,8,10,592.00,"5,920.00"
2020-12-13,2020121304001204,SGI,14,8,10,592.00,"5,920.00"
2020-12-13,2020121304001201,SGI,14,45,10,592.00,"5,920.00"
2020-12-13,2020121304001199,SGI,14,47,10,592.00,"5,920.00"
2020-12-13,2020121304001228,SGI,14,42,10,592.00,"5,920.00"
2020-12-13,2020121304001226,SGI,5,50,50,593.00,"29,650.00"
2020-12-13,2020121304001225,SGI,49,58,10,592.00,"5,920.00"
2020-12-13,2020121304001217,SGI,49,39,10,592.00,"5,920.00"
2020-12-13,2020121304001213,SGI,49,34,10,592.00,"5,920.00"
2020-12-13,2020121304001212,SGI,49,56,10,592.00,"5,920.00"
2020-12-13,2020121304001262,SGI,8,56,10,591.00,"5,910.00"
2020-12-13,2020121304001260,SGI,8,36,10,591.00,"5,910.00"
2020-12-13,2020121304001254,SGI,8,10,10,591.00,"5,910.00"
2020-12-13,2020121304001253,SGI,8,26,10,591.00,"5,910.00"
2020-12-13,2020121304001238,SGI,8,10,10,591.00,"5,910.00"
2020-12-13,2020121304001233,SGI,14,34,10,592.00,"5,920.00"
2020-12-13,2020121304001276,SGI,42,45,10,592.00,"5,920.00"
2020-12-13,2020121304001274,SGI,8,56,10,591.00,"5,910.00"
2020-12-13,2020121304001273,SGI,8,56,10,591.00,"5,910.00"
2020-12-13,2020121304001269,SGI,53,41,10,592.00,"5,920.00"
2020-12-13,2020121304001268,SGI,8,6,10,591.00,"5,910.00"
2020-12-13,2020121304001267,SGI,8,10,10,591.00,"5,910.00"
2020-12-13,2020121304001292,SGI,16,50,10,592.00,"5,920.00"
2020-12-13,2020121304001287,SGI,16,38,10,592.00,"5,920.00"
2020-12-13,2020121304001282,SGI,47,49,10,593.00,"5,930.00"
2020-12-13,2020121304001281,SGI,47,50,40,593.00,"23,720.00"
2020-12-13,2020121304001280,SGI,42,50,60,593.00,"35,580.00"
2020-12-13,2020121304001277,SGI,42,49,10,592.00,"5,920.00"
2020-12-13,2020121304001299,SGI,49,18,10,593.00,"5,930.00"
2020-12-13,2020121304001298,SGI,49,40,10,593.00,"5,930.00"
2020-12-13,2020121304001297,SGI,49,22,10,592.00,"5,920.00"
2020-12-13,2020121304001296,SGI,8,14,10,591.00,"5,910.00"
2020-12-13,2020121304001294,SGI,8,25,10,591.00,"5,910.00"
2020-12-13,2020121304001293,SGI,16,22,10,592.00,"5,920.00"
2020-12-13,2020121304001306,SGI,34,8,10,593.00,"5,930.00"
2020-12-13,2020121304001305,SGI,8,42,10,591.00,"5,910.00"
2020-12-13,2020121304001304,SGI,8,56,10,591.00,"5,910.00"
2020-12-13,2020121304001302,SGI,49,7,10,593.00,"5,930.00"
2020-12-13,2020121304001301,SGI,49,8,10,593.00,"5,930.00"
2020-12-13,2020121304001300,SGI,49,51,10,593.00,"5,930.00"
2020-12-13,2020121304001328,SGI,8,42,10,591.00,"5,910.00"
2020-12-13,2020121304001314,SGI,8,13,10,591.00,"5,910.00"
2020-12-13,2020121304001313,SGI,8,56,10,591.00,"5,910.00"
2020-12-13,2020121304001310,SGI,8,41,10,591.00,"5,910.00"
2020-12-13,2020121304001309,SGI,8,42,10,591.00,"5,910.00"
2020-12-13,2020121304001307,SGI,8,56,10,591.00,"5,910.00"
2020-12-13,2020121304001340,SGI,46,56,10,592.00,"5,920.00"
2020-12-13,2020121304001339,SGI,46,58,10,592.00,"5,920.00"
2020-12-13,2020121304001336,SGI,46,56,10,592.00,"5,920.00"
2020-12-13,2020121304001335,SGI,46,6,10,592.00,"5,920.00"
2020-12-13,2020121304001333,SGI,46,56,10,592.00,"5,920.00"
2020-12-13,2020121304001332,SGI,46,55,10,592.00,"5,920.00"
2020-12-13,2020121304001361,SGI,4,41,100,593.00,"59,300.00"
2020-12-13,2020121304001358,SGI,42,41,10,593.00,"5,930.00"
2020-12-13,2020121304001357,SGI,42,42,10,593.00,"5,930.00"
2020-12-13,2020121304001346,SGI,46,52,10,592.00,"5,920.00"
2020-12-13,2020121304001345,SGI,46,34,10,592.00,"5,920.00"
2020-12-13,2020121304001341,SGI,46,54,10,592.00,"5,920.00"
2020-12-13,2020121304001367,SGI,4,36,10,593.00,"5,930.00"
2020-12-13,2020121304001366,SGI,4,21,10,593.00,"5,930.00"
2020-12-13,2020121304001365,SGI,4,48,190,593.00,"112,670.00"
2020-12-13,2020121304001364,SGI,4,39,10,593.00,"5,930.00"
2020-12-13,2020121304001363,SGI,4,52,40,593.00,"23,720.00"
2020-12-13,2020121304001362,SGI,4,26,10,593.00,"5,930.00"
2020-12-13,2020121304001381,SGI,4,41,50,593.00,"29,650.00"
2020-12-13,2020121304001380,SGI,4,35,10,593.00,"5,930.00"
2020-12-13,2020121304001374,SGI,4,29,10,593.00,"5,930.00"
2020-12-13,2020121304001370,SGI,4,55,10,593.00,"5,930.00"
2020-12-13,2020121304001369,SGI,4,52,10,593.00,"5,930.00"
2020-12-13,2020121304001368,SGI,4,38,30,593.00,"17,790.00"
2020-12-13,2020121304001403,SGI,49,6,10,592.00,"5,920.00"
2020-12-13,2020121304001400,SGI,49,22,10,592.00,"5,920.00"
2020-12-13,2020121304001397,SGI,49,34,10,592.00,"5,920.00"
2020-12-13,2020121304001396,SGI,49,49,10,592.00,"5,920.00"
2020-12-13,2020121304001387,SGI,49,19,10,592.00,"5,920.00"
2020-12-13,2020121304001386,SGI,46,57,10,592.00,"5,920.00"
2020-12-13,2020121304001421,SGI,1,41,100,593.00,"59,300.00"
2020-12-13,2020121304001419,SGI,21,41,80,593.00,"47,440.00"
2020-12-13,2020121304001416,SGI,33,41,10,593.00,"5,930.00"
2020-12-13,2020121304001413,SGI,49,38,10,592.00,"5,920.00"
2020-12-13,2020121304001409,SGI,49,19,10,592.00,"5,920.00"
2020-12-13,2020121304001404,SGI,49,48,10,592.00,"5,920.00"
2020-12-13,2020121304001438,SGI,49,59,10,592.00,"5,920.00"
2020-12-13,2020121304001431,SGI,49,41,10,592.00,"5,920.00"
2020-12-13,2020121304001430,SGI,49,59,10,592.00,"5,920.00"
2020-12-13,2020121304001429,SGI,49,45,10,592.00,"5,920.00"
2020-12-13,2020121304001428,SGI,49,58,10,592.00,"5,920.00"
2020-12-13,2020121304001422,SGI,49,37,10,592.00,"5,920.00"
2020-12-13,2020121304001448,SGI,49,13,10,592.00,"5,920.00"
2020-12-13,2020121304001447,SGI,49,36,10,592.00,"5,920.00"
2020-12-13,2020121304001445,SGI,49,47,10,592.00,"5,920.00"
2020-12-13,2020121304001444,SGI,49,8,10,592.00,"5,920.00"
2020-12-13,2020121304001442,SGI,49,36,10,592.00,"5,920.00"
2020-12-13,2020121304001441,SGI,49,14,10,592.00,"5,920.00"
2020-12-13,2020121304001455,SGI,55,45,10,593.00,"5,930.00"
2020-12-13,2020121304001454,SGI,55,58,10,593.00,"5,930.00"
2020-12-13,2020121304001453,SGI,55,28,10,593.00,"5,930.00"
2020-12-13,2020121304001452,SGI,55,41,30,593.00,"17,790.00"
2020-12-13,2020121304001450,SGI,26,58,10,592.00,"5,920.00"
2020-12-13,2020121304001449,SGI,42,41,30,593.00,"17,790.00"
2020-12-13,2020121304001476,SGI,49,14,10,593.00,"5,930.00"
2020-12-13,2020121304001470,SGI,49,10,10,593.00,"5,930.00"
2020-12-13,2020121304001461,SGI,49,48,10,593.00,"5,930.00"
2020-12-13,2020121304001459,SGI,49,22,10,593.00,"5,930.00"
2020-12-13,2020121304001457,SGI,49,57,10,593.00,"5,930.00"
2020-12-13,2020121304001456,SGI,55,17,10,593.00,"5,930.00"
2020-12-13,2020121304001513,SGI,57,57,10,593.00,"5,930.00"
2020-12-13,2020121304001512,SGI,57,48,10,593.00,"5,930.00"
2020-12-13,2020121304001497,SGI,17,38,10,592.00,"5,920.00"
2020-12-13,2020121304001492,SGI,17,44,10,592.00,"5,920.00"
2020-12-13,2020121304001491,SGI,26,29,10,592.00,"5,920.00"
2020-12-13,2020121304001481,SGI,26,13,10,592.00,"5,920.00"
2020-12-13,2020121304001527,SGI,37,45,10,593.00,"5,930.00"
2020-12-13,2020121304001526,SGI,37,8,50,593.00,"29,650.00"
2020-12-13,2020121304001522,SGI,57,8,50,593.00,"29,650.00"
2020-12-13,2020121304001521,SGI,57,38,10,593.00,"5,930.00"
2020-12-13,2020121304001518,SGI,57,44,10,593.00,"5,930.00"
2020-12-13,2020121304001514,SGI,57,50,10,593.00,"5,930.00"
2020-12-13,2020121304001533,SGI,17,44,10,592.00,"5,920.00"
2020-12-13,2020121304001532,SGI,37,47,10,594.00,"5,940.00"
2020-12-13,2020121304001531,SGI,37,33,10,594.00,"5,940.00"
2020-12-13,2020121304001530,SGI,37,3,10,594.00,"5,940.00"
2020-12-13,2020121304001529,SGI,37,17,200,594.00,"118,800.00"
2020-12-13,2020121304001528,SGI,37,6,10,593.00,"5,930.00"
2020-12-13,2020121304001553,SGI,14,25,10,593.00,"5,930.00"
2020-12-13,2020121304001552,SGI,14,57,10,593.00,"5,930.00"
2020-12-13,2020121304001547,SGI,14,29,10,593.00,"5,930.00"
2020-12-13,2020121304001544,SGI,14,39,10,593.00,"5,930.00"
2020-12-13,2020121304001540,SGI,14,44,10,593.00,"5,930.00"
2020-12-13,2020121304001536,SGI,14,52,10,593.00,"5,930.00"
2020-12-13,2020121304001560,SGI,11,25,10,593.00,"5,930.00"
2020-12-13,2020121304001559,SGI,11,42,10,593.00,"5,930.00"
2020-12-13,2020121304001558,SGI,14,39,10,593.00,"5,930.00"
2020-12-13,2020121304001556,SGI,14,58,10,593.00,"5,930.00"
2020-12-13,2020121304001555,SGI,14,39,10,593.00,"5,930.00"
2020-12-13,2020121304001554,SGI,14,44,10,593.00,"5,930.00"
2020-12-13,2020121304001587,SGI,11,58,10,593.00,"5,930.00"
2020-12-13,2020121304001584,SGI,11,26,10,593.00,"5,930.00"
2020-12-13,2020121304001579,SGI,11,40,10,593.00,"5,930.00"
2020-12-13,2020121304001575,SGI,11,51,10,593.00,"5,930.00"
2020-12-13,2020121304001574,SGI,11,38,10,593.00,"5,930.00"
2020-12-13,2020121304001573,SGI,11,37,10,593.00,"5,930.00"
2020-12-13,2020121304001606,SGI,11,43,10,593.00,"5,930.00"
2020-12-13,2020121304001602,SGI,11,38,10,593.00,"5,930.00"
2020-12-13,2020121304001598,SGI,11,49,10,593.00,"5,930.00"
2020-12-13,2020121304001597,SGI,11,26,10,593.00,"5,930.00"
2020-12-13,2020121304001591,SGI,11,22,10,593.00,"5,930.00"
2020-12-13,2020121304001590,SGI,11,26,10,593.00,"5,930.00"
2020-12-13,2020121304001543,STC,40,40,10,"5,150.00","51,500.00"
2020-12-13,2020121304001490,STC,26,55,10,"5,110.00","51,100.00"
2020-12-13,2020121304001489,STC,28,40,10,"5,150.00","51,500.00"
2020-12-13,2020121304001394,STC,35,6,10,"5,105.00","51,050.00"
2020-12-13,2020121304001393,STC,17,6,20,"5,105.00","102,100.00"
2020-12-13,2020121304001392,STC,43,6,50,"5,111.00","255,550.00"
2020-12-13,2020121304001265,STC,28,38,30,"5,115.00","153,450.00"
2020-12-13,2020121304001264,STC,53,38,10,"5,116.00","51,160.00"
2020-12-13,2020121304001263,STC,39,38,15,"5,118.00","76,770.00"
2020-12-13,2020121304001205,STC,16,20,50,"5,120.00","256,000.00"
2020-12-13,2020121304001391,STC,46,6,10,"5,112.00","51,120.00"
2020-12-13,2020121304001390,STC,50,6,10,"5,112.00","51,120.00"
2020-12-13,2020121304001389,STC,36,6,20,"5,113.00","102,260.00"
2020-12-13,2020121304001312,STC,17,6,30,"5,110.00","153,300.00"
2020-12-13,2020121304001311,STC,11,6,20,"5,111.00","102,220.00"
2020-12-13,2020121304001266,STC,57,38,15,"5,115.00","76,725.00"
2020-12-13,2020121304001061,BBC,40,16,20,"2,895.00","57,900.00"
2020-12-13,2020121304000849,CCBLPO,34,32,"60,000",112.00,"6,720,000.00"
2020-12-13,2020121304000738,CCBLPO,34,32,"21,000",112.00,"2,352,000.00"
2020-12-13,2020121304001115,CMF1,19,17,200,10.10,"2,020.00"
2020-12-13,2020121304001114,CMF1,19,38,"1,800",10.10,"18,180.00"
2020-12-13,2020121304001109,CMF1,19,38,200,10.10,"2,020.00"
2020-12-13,2020121304001108,CMF1,19,16,900,10.10,"9,090.00"
2020-12-13,2020121304000818,CMF1,58,16,"4,100",10.10,"41,410.00"
2020-12-13,2020121304000817,CMF1,58,49,900,10.10,"9,090.00"
2020-12-13,2020121304000800,CMF1,51,49,100,10.10,"1,010.00"
2020-12-13,2020121304000793,CMF1,58,42,100,9.99,999.00
2020-12-13,2020121304000774,CMF1,58,6,"4,900",9.98,"48,902.00"
2020-12-13,2020121304000768,CMF1,19,51,400,9.81,"3,924.00"
2020-12-13,2020121304000741,CMF1,58,56,"2,500",9.80,"24,500.00"
2020-12-13,2020121304000767,GBD80/81,11,57,25,"1,025.00","25,625.00"
2020-12-13,2020121304001130,GIC,58,10,10,568.00,"5,680.00"
2020-12-13,2020121304001128,GIC,58,17,10,568.00,"5,680.00"
2020-12-13,2020121304001127,GIC,58,38,10,568.00,"5,680.00"
2020-12-13,2020121304001122,GIC,58,59,10,568.00,"5,680.00"
2020-12-13,2020121304001121,GIC,58,57,10,568.00,"5,680.00"
2020-12-13,2020121304001119,GIC,58,10,10,568.00,"5,680.00"
2020-12-13,2020121304000636,GIC,49,58,10,573.00,"5,730.00"
2020-12-13,2020121304000635,GIC,49,20,10,573.00,"5,730.00"
2020-12-13,2020121304000632,GIC,42,28,10,572.00,"5,720.00"
2020-12-13,2020121304000655,GIC,42,57,10,572.00,"5,720.00"
2020-12-13,2020121304000653,GIC,42,39,10,572.00,"5,720.00"
2020-12-13,2020121304000652,GIC,6,41,10,573.00,"5,730.00"
2020-12-13,2020121304000651,GIC,6,11,10,572.00,"5,720.00"
2020-12-13,2020121304000639,GIC,42,41,10,572.00,"5,720.00"
2020-12-13,2020121304000638,GIC,42,16,10,572.00,"5,720.00"
2020-12-13,2020121304000684,GIC,32,44,10,572.00,"5,720.00"
2020-12-13,2020121304000679,GIC,32,26,10,572.00,"5,720.00"
2020-12-13,2020121304000673,GIC,32,39,10,572.00,"5,720.00"
2020-12-13,2020121304000666,GIC,32,58,10,572.00,"5,720.00"
2020-12-13,2020121304000661,GIC,42,26,10,572.00,"5,720.00"
2020-12-13,2020121304000660,GIC,42,51,10,572.00,"5,720.00"
2020-12-13,2020121304000700,GIC,32,45,10,572.00,"5,720.00"
2020-12-13,2020121304000698,GIC,32,3,10,572.00,"5,720.00"
2020-12-13,2020121304000690,GIC,32,26,10,572.00,"5,720.00"
2020-12-13,2020121304000689,GIC,32,39,10,572.00,"5,720.00"
2020-12-13,2020121304000687,GIC,32,26,10,572.00,"5,720.00"
2020-12-13,2020121304000685,GIC,32,52,10,572.00,"5,720.00"
2020-12-13,2020121304000728,GIC,47,11,10,571.00,"5,710.00"
2020-12-13,2020121304000727,GIC,47,19,10,571.00,"5,710.00"
2020-12-13,2020121304000718,GIC,49,52,10,572.00,"5,720.00"
2020-12-13,2020121304000717,GIC,49,48,10,572.00,"5,720.00"
2020-12-13,2020121304000716,GIC,49,50,10,572.00,"5,720.00"
2020-12-13,2020121304000711,GIC,47,45,10,571.00,"5,710.00"
2020-12-13,2020121304000734,GIC,35,56,250,572.00,"143,000.00"
2020-12-13,2020121304000733,GIC,35,38,10,572.00,"5,720.00"
2020-12-13,2020121304000732,GIC,35,57,10,572.00,"5,720.00"
2020-12-13,2020121304000731,GIC,35,45,10,572.00,"5,720.00"
2020-12-13,2020121304000730,GIC,35,45,10,572.00,"5,720.00"
2020-12-13,2020121304000729,GIC,35,49,10,572.00,"5,720.00"
2020-12-13,2020121304000746,GIC,47,33,10,571.00,"5,710.00"
2020-12-13,2020121304000744,GIC,47,49,10,571.00,"5,710.00"
2020-12-13,2020121304000743,GIC,47,50,10,571.00,"5,710.00"
2020-12-13,2020121304000742,GIC,47,40,10,571.00,"5,710.00"
2020-12-13,2020121304000737,GIC,47,40,10,571.00,"5,710.00"
2020-12-13,2020121304000736,GIC,47,45,10,571.00,"5,710.00"
2020-12-13,2020121304000764,GIC,47,52,10,571.00,"5,710.00"
2020-12-13,2020121304000761,GIC,47,37,10,571.00,"5,710.00"
2020-12-13,2020121304000758,GIC,47,29,10,571.00,"5,710.00"
2020-12-13,2020121304000752,GIC,47,42,10,571.00,"5,710.00"
2020-12-13,2020121304000749,GIC,47,42,10,571.00,"5,710.00"
2020-12-13,2020121304000748,GIC,47,29,10,571.00,"5,710.00"
2020-12-13,2020121304000782,GIC,47,55,10,571.00,"5,710.00"
2020-12-13,2020121304000778,GIC,47,57,10,571.00,"5,710.00"
2020-12-13,2020121304000777,GIC,47,57,10,571.00,"5,710.00"
2020-12-13,2020121304000776,GIC,47,10,10,571.00,"5,710.00"
2020-12-13,2020121304000775,GIC,47,42,10,571.00,"5,710.00"
2020-12-13,2020121304000769,GIC,47,34,10,571.00,"5,710.00"
2020-12-13,2020121304000807,GIC,47,57,10,571.00,"5,710.00"
2020-12-13,2020121304000796,GIC,47,52,10,571.00,"5,710.00"
2020-12-13,2020121304000787,GIC,47,7,10,571.00,"5,710.00"
2020-12-13,2020121304000786,GIC,47,51,10,571.00,"5,710.00"
2020-12-13,2020121304000785,GIC,47,10,10,571.00,"5,710.00"
2020-12-13,2020121304000783,GIC,47,57,10,571.00,"5,710.00"
2020-12-13,2020121304000820,GIC,45,41,10,570.00,"5,700.00"
2020-12-13,2020121304000816,GIC,39,35,50,571.00,"28,550.00"
2020-12-13,2020121304000815,GIC,49,35,30,571.00,"17,130.00"
2020-12-13,2020121304000814,GIC,47,35,20,571.00,"11,420.00"
2020-12-13,2020121304000813,GIC,47,51,10,571.00,"5,710.00"
2020-12-13,2020121304000809,GIC,47,10,10,571.00,"5,710.00"
2020-12-13,2020121304000838,GIC,35,42,10,571.00,"5,710.00"
2020-12-13,2020121304000837,GIC,35,11,10,571.00,"5,710.00"
2020-12-13,2020121304000836,GIC,35,35,210,571.00,"119,910.00"
2020-12-13,2020121304000832,GIC,45,49,10,570.00,"5,700.00"
2020-12-13,2020121304000830,GIC,45,57,10,570.00,"5,700.00"
2020-12-13,2020121304000829,GIC,45,8,10,570.00,"5,700.00"
2020-12-13,2020121304000844,GIC,35,56,20,571.00,"11,420.00"
2020-12-13,2020121304000843,GIC,35,55,10,571.00,"5,710.00"
2020-12-13,2020121304000842,GIC,35,16,10,571.00,"5,710.00"
2020-12-13,2020121304000841,GIC,35,16,10,571.00,"5,710.00"
2020-12-13,2020121304000840,GIC,35,54,10,571.00,"5,710.00"
2020-12-13,2020121304000839,GIC,35,56,10,571.00,"5,710.00"
2020-12-13,2020121304000854,GIC,38,56,50,570.00,"28,500.00"
2020-12-13,2020121304000853,GIC,51,56,100,570.00,"57,000.00"
2020-12-13,2020121304000852,GIC,57,56,200,570.00,"114,000.00"
2020-12-13,2020121304000851,GIC,43,59,150,570.00,"85,500.00"
2020-12-13,2020121304000850,GIC,45,59,340,570.00,"193,800.00"
2020-12-13,2020121304000845,GIC,38,56,50,571.00,"28,550.00"
2020-12-13,2020121304000874,GIC,49,34,10,570.00,"5,700.00"
2020-12-13,2020121304000860,GIC,49,10,10,570.00,"5,700.00"
2020-12-13,2020121304000858,GIC,41,41,10,571.00,"5,710.00"
2020-12-13,2020121304000857,GIC,49,56,20,570.00,"11,400.00"
2020-12-13,2020121304000856,GIC,42,56,30,570.00,"17,100.00"
2020-12-13,2020121304000855,GIC,1,56,100,570.00,"57,000.00"
2020-12-13,2020121304000893,GIC,38,41,10,569.00,"5,690.00"
2020-12-13,2020121304000885,GIC,46,19,10,570.00,"5,700.00"
2020-12-13,2020121304000884,GIC,46,7,10,570.00,"5,700.00"
2020-12-13,2020121304000883,GIC,46,35,10,570.00,"5,700.00"
2020-12-13,2020121304000882,GIC,46,14,10,570.00,"5,700.00"
2020-12-13,2020121304000877,GIC,46,7,10,570.00,"5,700.00"
2020-12-13,2020121304000909,GIC,38,17,10,568.00,"5,680.00"
2020-12-13,2020121304000908,GIC,38,37,10,569.00,"5,690.00"
2020-12-13,2020121304000906,GIC,38,34,10,569.00,"5,690.00"
2020-12-13,2020121304000902,GIC,54,7,10,570.00,"5,700.00"
2020-12-13,2020121304000896,GIC,38,34,10,569.00,"5,690.00"
2020-12-13,2020121304000894,GIC,38,41,10,569.00,"5,690.00"
2020-12-13,2020121304000929,GIC,39,13,10,568.00,"5,680.00"
2020-12-13,2020121304000927,GIC,53,38,10,568.00,"5,680.00"
2020-12-13,2020121304000924,GIC,38,42,10,568.00,"5,680.00"
2020-12-13,2020121304000915,GIC,38,42,10,568.00,"5,680.00"
2020-12-13,2020121304000914,GIC,38,38,10,568.00,"5,680.00"
2020-12-13,2020121304000911,GIC,38,29,10,568.00,"5,680.00"
2020-12-13,2020121304000948,GIC,39,38,10,568.00,"5,680.00"
2020-12-13,2020121304000946,GIC,39,17,10,568.00,"5,680.00"
2020-12-13,2020121304000942,GIC,39,38,10,568.00,"5,680.00"
2020-12-13,2020121304000936,GIC,39,38,10,568.00,"5,680.00"
2020-12-13,2020121304000934,GIC,39,42,10,568.00,"5,680.00"
2020-12-13,2020121304000931,GIC,39,41,10,568.00,"5,680.00"
2020-12-13,2020121304000967,GIC,17,5,10,569.00,"5,690.00"
2020-12-13,2020121304000965,GIC,33,38,10,568.00,"5,680.00"
2020-12-13,2020121304000962,GIC,33,36,10,568.00,"5,680.00"
2020-12-13,2020121304000961,GIC,39,38,10,568.00,"5,680.00"
2020-12-13,2020121304000960,GIC,39,17,10,568.00,"5,680.00"
2020-12-13,2020121304000959,GIC,39,34,10,568.00,"5,680.00"
2020-12-13,2020121304000978,GIC,32,56,10,568.00,"5,680.00"
2020-12-13,2020121304000977,GIC,32,38,10,568.00,"5,680.00"
2020-12-13,2020121304000975,GIC,17,47,10,569.00,"5,690.00"
2020-12-13,2020121304000974,GIC,17,38,10,569.00,"5,690.00"
2020-12-13,2020121304000971,GIC,17,38,10,569.00,"5,690.00"
2020-12-13,2020121304000970,GIC,17,42,10,569.00,"5,690.00"
2020-12-13,2020121304000993,GIC,32,38,10,568.00,"5,680.00"
2020-12-13,2020121304000992,GIC,32,42,10,568.00,"5,680.00"
2020-12-13,2020121304000990,GIC,32,42,10,568.00,"5,680.00"
2020-12-13,2020121304000986,GIC,32,45,10,568.00,"5,680.00"
2020-12-13,2020121304000984,GIC,32,38,10,568.00,"5,680.00"
2020-12-13,2020121304000981,GIC,32,38,10,568.00,"5,680.00"
2020-12-13,2020121304001018,GIC,56,28,10,567.00,"5,670.00"
2020-12-13,2020121304001015,GIC,56,41,10,567.00,"5,670.00"
2020-12-13,2020121304001014,GIC,56,45,10,567.00,"5,670.00"
2020-12-13,2020121304001007,GIC,32,36,10,568.00,"5,680.00"
2020-12-13,2020121304001004,GIC,49,21,10,570.00,"5,700.00"
2020-12-13,2020121304000998,GIC,32,38,10,568.00,"5,680.00"
2020-12-13,2020121304001043,GIC,56,39,10,567.00,"5,670.00"
2020-12-13,2020121304001036,GIC,56,58,10,567.00,"5,670.00"
2020-12-13,2020121304001028,GIC,56,17,10,567.00,"5,670.00"
2020-12-13,2020121304001025,GIC,56,39,10,567.00,"5,670.00"
2020-12-13,2020121304001021,GIC,56,54,10,567.00,"5,670.00"
2020-12-13,2020121304001020,GIC,56,52,10,567.00,"5,670.00"
2020-12-13,2020121304001060,GIC,56,47,10,567.00,"5,670.00"
2020-12-13,2020121304001059,GIC,56,28,10,567.00,"5,670.00"
2020-12-13,2020121304001053,GIC,56,39,10,567.00,"5,670.00"
2020-12-13,2020121304001046,GIC,56,39,10,567.00,"5,670.00"
2020-12-13,2020121304001045,GIC,56,34,10,567.00,"5,670.00"
2020-12-13,2020121304001044,GIC,56,41,10,567.00,"5,670.00"
2020-12-13,2020121304001084,GIC,58,16,10,568.00,"5,680.00"
2020-12-13,2020121304001083,GIC,58,16,10,568.00,"5,680.00"
2020-12-13,2020121304001082,GIC,58,58,10,568.00,"5,680.00"
2020-12-13,2020121304001081,GIC,58,50,10,568.00,"5,680.00"
2020-12-13,2020121304001075,GIC,56,17,10,567.00,"5,670.00"
2020-12-13,2020121304001064,GIC,56,26,10,567.00,"5,670.00"
2020-12-13,2020121304001118,GIC,58,49,10,568.00,"5,680.00"
2020-12-13,2020121304001103,GIC,58,18,10,568.00,"5,680.00"
2020-12-13,2020121304001092,GIC,58,10,10,568.00,"5,680.00"
2020-12-13,2020121304001091,GIC,58,10,10,568.00,"5,680.00"
2020-12-13,2020121304001087,GIC,25,10,10,569.00,"5,690.00"
2020-12-13,2020121304001086,GIC,58,38,10,568.00,"5,680.00"
2020-12-13,2020121304001063,GIMES1,17,22,"25,000",11.10,"277,500.00"
2020-12-13,2020121304001062,GIMES1,6,22,"5,000",11.12,"55,600.00"
2020-12-13,2020121304001010,GIMES1,34,38,"5,000",11.12,"55,600.00"
2020-12-13,2020121304000907,GIMES1,6,8,"1,900",11.16,"21,204.00"
2020-12-13,2020121304000781,GIMES1,6,19,600,11.11,"6,666.00"
2020-12-13,2020121304000780,GIMES1,35,19,"2,000",11.11,"22,220.00"
2020-12-13,2020121304000920,LEMF,35,57,"2,000",9.51,"19,020.00"
2020-12-13,2020121304000919,LEMF,37,57,"1,000",9.51,"9,510.00"
2020-12-13,2020121304000715,LEMF,22,7,"1,000",9.55,"9,550.00"
2020-12-13,2020121304000918,LEMF,37,57,"1,000",9.51,"9,510.00"
2020-12-13,2020121304000643,LUK,34,22,100,9.28,928.00
2020-12-13,2020121304000637,LUK,6,21,300,9.43,"2,829.00"
2020-12-13,2020121304000771,MNBBLP,17,1,"10,000",182.00,"1,820,000.00"
2020-12-13,2020121304001035,NBF2,11,39,"2,600",9.75,"25,350.00"
2020-12-13,2020121304000989,NBF2,11,49,"1,000",9.60,"9,600.00"
2020-12-13,2020121304000938,NBF2,11,58,"1,000",9.60,"9,600.00"
2020-12-13,2020121304000921,NBF2,11,57,"1,000",9.60,"9,600.00"
2020-12-13,2020121304000759,NBF2,26,57,100,9.53,953.00
2020-12-13,2020121304000712,NBF2,10,58,500,9.52,"4,760.00"
2020-12-13,2020121304000676,NBF2,42,39,"1,000",9.60,"9,600.00"
2020-12-13,2020121304000669,NBF2,6,39,"5,200",9.60,"49,920.00"
2020-12-13,2020121304000664,NBF2,6,59,200,9.60,"1,920.00"
2020-12-13,2020121304000862,NBF2,11,58,100,9.60,960.00
2020-12-13,2020121304000861,NBF2,11,39,"4,300",9.60,"41,280.00"
2020-12-13,2020121304000826,NBF2,26,34,100,9.53,953.00
2020-12-13,2020121304000811,NBF2,26,20,100,9.53,953.00
2020-12-13,2020121304000801,NBF2,26,20,100,9.53,953.00
2020-12-13,2020121304001069,NEF,22,42,500,9.86,"4,930.00"
2020-12-13,2020121304000945,NEF,22,57,"7,691",9.86,"75,833.26"
2020-12-13,2020121304000944,NEF,6,57,"2,103",9.86,"20,735.58"
2020-12-13,2020121304000903,NEF,6,57,"2,414",9.86,"23,802.04"
2020-12-13,2020121304000875,NEF,6,6,483,9.86,"4,762.38"
2020-12-13,2020121304000720,NEF,17,42,483,9.85,"4,757.55"
2020-12-13,2020121304000642,NEF,17,45,241,9.85,"2,373.85"
2020-12-13,2020121304000641,NEF,17,45,724,9.85,"7,131.40"
2020-12-13,2020121304001031,NIBLPF,57,17,"2,475",10.05,"24,873.75"
2020-12-13,2020121304001030,NIBLPF,57,50,"1,009",10.05,"10,140.45"
2020-12-13,2020121304000928,NIBLPF,6,57,859,10.02,"8,607.18"
2020-12-13,2020121304000719,NIBLPF,6,42,505,10.00,"5,050.00"
2020-12-13,2020121304000663,NIBLPF,6,19,505,10.00,"5,050.00"
2020-12-13,2020121304000644,NIBLPF,6,45,253,10.00,"2,530.00"
2020-12-13,2020121304001080,NIBPO,6,17,500,421.00,"210,500.00"
2020-12-13,2020121304001079,NIBPO,6,54,610,421.00,"256,810.00"
2020-12-13,2020121304001078,NIBPO,6,16,31,421.00,"13,051.00"
2020-12-13,2020121304001022,NIBPO,34,45,100,420.00,"42,000.00"
2020-12-13,2020121304000755,NIBPO,13,16,150,421.00,"63,150.00"
2020-12-13,2020121304000754,NIBPO,54,16,500,421.00,"210,500.00"
2020-12-13,2020121304000753,NIBPO,13,16,319,422.00,"134,618.00"
2020-12-13,2020121304000710,NIBPO,17,20,10,423.00,"4,230.00"
2020-12-13,2020121304000703,NIBPO,13,26,131,422.00,"55,282.00"
2020-12-13,2020121304000671,NIBPO,17,17,1,422.00,422.00
2020-12-13,2020121304000654,NIBPO,13,46,50,422.00,"21,100.00"
2020-12-13,2020121304000683,NIBSF1,17,19,500,11.00,"5,500.00"
2020-12-13,2020121304000682,NIBSF1,20,19,"1,000",11.01,"11,010.00"
2020-12-13,2020121304000681,NIBSF1,58,19,"1,000",11.01,"11,010.00"
2020-12-13,2020121304000995,NICBF,6,49,"1,000",9.68,"9,680.00"
2020-12-13,2020121304000973,NICBF,6,57,"2,000",9.68,"19,360.00"
2020-12-13,2020121304000823,NICBF,14,34,300,9.62,"2,886.00"
2020-12-13,2020121304001102,NICGF,17,45,500,10.30,"5,150.00"
2020-12-13,2020121304001101,NICGF,17,53,250,10.30,"2,575.00"
2020-12-13,2020121304001100,NICGF,17,58,"1,000",10.29,"10,290.00"
2020-12-13,2020121304001099,NICGF,17,34,500,10.26,"5,130.00"
2020-12-13,2020121304001098,NICGF,17,58,500,10.25,"5,125.00"
2020-12-13,2020121304001097,NICGF,17,42,100,10.25,"1,025.00"
2020-12-13,2020121304000848,NICGF,6,43,"1,000",10.20,"10,200.00"
2020-12-13,2020121304000847,NICGF,6,17,200,10.20,"2,040.00"
2020-12-13,2020121304000658,NICGF,17,56,"2,000",10.25,"20,500.00"
2020-12-13,2020121304000657,NICGF,17,49,"2,000",10.20,"20,400.00"
2020-12-13,2020121304000656,NICGF,17,49,"1,000",10.20,"10,200.00"
2020-12-13,2020121304001096,NICGF,17,21,100,10.25,"1,025.00"
2020-12-13,2020121304001095,NICGF,17,56,500,10.25,"5,125.00"
2020-12-13,2020121304001033,NICGF,6,41,300,10.20,"3,060.00"
2020-12-13,2020121304001032,NICGF,37,41,200,10.24,"2,048.00"
2020-12-13,2020121304000941,NICGF,37,16,"4,300",10.24,"44,032.00"
2020-12-13,2020121304000940,NICGF,37,17,500,10.23,"5,115.00"
2020-12-13,2020121304001093,NMB50,11,50,990,10.25,"10,147.50"
2020-12-13,2020121304001024,NMB50,11,58,100,10.25,"1,025.00"
2020-12-13,2020121304000956,NMB50,11,49,500,10.10,"5,050.00"
2020-12-13,2020121304000955,NMB50,11,49,"1,000",10.10,"10,100.00"
2020-12-13,2020121304000954,NMB50,11,54,"1,600",10.10,"16,160.00"
2020-12-13,2020121304000953,NMB50,11,21,500,10.10,"5,050.00"
2020-12-13,2020121304000952,NMB50,11,21,500,10.10,"5,050.00"
2020-12-13,2020121304000951,NMB50,11,52,500,10.10,"5,050.00"
2020-12-13,2020121304000824,NMB50,17,34,100,9.95,995.00
2020-12-13,2020121304000772,NMB50,17,58,100,9.95,995.00
2020-12-13,2020121304000925,NMBHF1,58,50,"2,831",9.91,"28,055.21"
2020-12-13,2020121304000869,NMBHF1,17,39,187,9.90,"1,851.30"
2020-12-13,2020121304000648,NMBHF1,17,45,416,9.90,"4,118.40"
2020-12-13,2020121304001125,RBCLPO,43,35,125,"14,199.00","1,774,875.00"
2020-12-13,2020121304001089,RBCLPO,43,25,10,"14,140.00","141,400.00"
2020-12-13,2020121304001009,RBCLPO,16,45,20,"14,140.00","282,800.00"
2020-12-13,2020121304000668,RBCLPO,34,40,20,"14,200.00","284,000.00"
2020-12-13,2020121304001077,SAEF,17,34,500,10.96,"5,480.00"
2020-12-13,2020121304001003,SAEF,17,50,"1,000",10.96,"10,960.00"
2020-12-13,2020121304000821,SAEF,6,41,"5,000",10.98,"54,900.00"
2020-12-13,2020121304000812,SAEF,6,41,"5,000",10.98,"54,900.00"
2020-12-13,2020121304000808,SAEF,6,41,"5,000",10.98,"54,900.00"
2020-12-13,2020121304000806,SAEF,6,41,"5,000",10.98,"54,900.00"
2020-12-13,2020121304000699,SAEF,17,56,"2,500",10.96,"27,400.00"
2020-12-13,2020121304001070,SAND2085,19,45,25,"1,035.00","25,875.00"
2020-12-13,2020121304001076,SEF,14,42,500,10.15,"5,075.00"
2020-12-13,2020121304001066,SEF,34,57,"4,780",10.14,"48,469.20"
2020-12-13,2020121304001065,SEF,57,57,220,10.15,"2,233.00"
2020-12-13,2020121304001050,SEF,57,50,"2,280",10.15,"23,142.00"
2020-12-13,2020121304000889,SEF,34,8,"100,000",10.25,"1,025,000.00"
2020-12-13,2020121304000881,SEF,34,21,300,10.25,"3,075.00"
2020-12-13,2020121304000825,SEF,43,45,500,10.10,"5,050.00"
2020-12-13,2020121304000766,SEF,43,57,"1,200",10.10,"12,120.00"
2020-12-13,2020121304000765,SEF,43,42,400,10.10,"4,040.00"
2020-12-13,2020121304000735,SEF,58,42,100,10.10,"1,010.00"
2020-12-13,2020121304000647,SEF,58,41,"1,800",10.05,"18,090.00"
2020-12-13,2020121304000646,SEF,17,41,900,10.20,"9,180.00"
2020-12-13,2020121304000880,SEF,34,37,"20,000",10.24,"204,800.00"
2020-12-13,2020121304000879,SEF,34,56,"2,400",10.20,"24,480.00"
2020-12-13,2020121304000878,SEF,34,49,"1,000",10.19,"10,190.00"
2020-12-13,2020121304000873,SEF,37,14,500,10.10,"5,050.00"
2020-12-13,2020121304000870,SEF,37,45,100,10.10,"1,010.00"
2020-12-13,2020121304000859,SEF,42,14,500,10.10,"5,050.00"
2020-12-13,2020121304001131,SGI,11,45,10,592.00,"5,920.00"
2020-12-13,2020121304001129,SGI,47,13,10,592.00,"5,920.00"
2020-12-13,2020121304001126,SGI,47,35,10,592.00,"5,920.00"
2020-12-13,2020121304001124,SGI,47,46,10,592.00,"5,920.00"
2020-12-13,2020121304001123,SGI,47,46,10,592.00,"5,920.00"
2020-12-13,2020121304001120,SGI,47,18,10,592.00,"5,920.00"
2020-12-13,2020121304000650,SGI,58,38,10,593.00,"5,930.00"
2020-12-13,2020121304000649,SGI,32,34,10,594.00,"5,940.00"
2020-12-13,2020121304000645,SGI,32,54,10,594.00,"5,940.00"
2020-12-13,2020121304000640,SGI,6,28,105,595.00,"62,475.00"
2020-12-13,2020121304000634,SGI,32,29,10,594.00,"5,940.00"
2020-12-13,2020121304000672,SGI,58,19,10,593.00,"5,930.00"
2020-12-13,2020121304000670,SGI,58,39,10,593.00,"5,930.00"
2020-12-13,2020121304000667,SGI,58,6,10,593.00,"5,930.00"
2020-12-13,2020121304000665,SGI,56,6,10,594.00,"5,940.00"
2020-12-13,2020121304000662,SGI,58,57,10,593.00,"5,930.00"
2020-12-13,2020121304000659,SGI,58,50,10,593.00,"5,930.00"
2020-12-13,2020121304000686,SGI,51,56,10,593.00,"5,930.00"
2020-12-13,2020121304000680,SGI,51,52,10,593.00,"5,930.00"
2020-12-13,2020121304000678,SGI,51,57,10,593.00,"5,930.00"
2020-12-13,2020121304000677,SGI,51,13,10,593.00,"5,930.00"
2020-12-13,2020121304000675,SGI,51,43,10,593.00,"5,930.00"
2020-12-13,2020121304000674,SGI,58,36,10,593.00,"5,930.00"
2020-12-13,2020121304000695,SGI,41,13,10,593.00,"5,930.00"
2020-12-13,2020121304000694,SGI,51,38,10,593.00,"5,930.00"
2020-12-13,2020121304000693,SGI,51,57,10,593.00,"5,930.00"
2020-12-13,2020121304000692,SGI,51,25,10,593.00,"5,930.00"
2020-12-13,2020121304000691,SGI,51,39,10,593.00,"5,930.00"
2020-12-13,2020121304000688,SGI,51,51,10,593.00,"5,930.00"
2020-12-13,2020121304000705,SGI,41,50,200,593.00,"118,600.00"
2020-12-13,2020121304000704,SGI,29,50,"1,000",593.00,"593,000.00"
2020-12-13,2020121304000702,SGI,41,38,10,593.00,"5,930.00"
2020-12-13,2020121304000701,SGI,41,58,10,593.00,"5,930.00"
2020-12-13,2020121304000697,SGI,41,44,10,593.00,"5,930.00"
2020-12-13,2020121304000696,SGI,41,34,10,593.00,"5,930.00"
2020-12-13,2020121304000714,SGI,35,35,10,592.00,"5,920.00"
2020-12-13,2020121304000713,SGI,14,57,10,592.00,"5,920.00"
2020-12-13,2020121304000709,SGI,14,58,10,592.00,"5,920.00"
2020-12-13,2020121304000708,SGI,14,48,10,592.00,"5,920.00"
2020-12-13,2020121304000707,SGI,14,50,100,593.00,"59,300.00"
2020-12-13,2020121304000706,SGI,6,50,10,593.00,"5,930.00"
2020-12-13,2020121304000739,SGI,35,19,10,592.00,"5,920.00"
2020-12-13,2020121304000726,SGI,35,50,10,592.00,"5,920.00"
2020-12-13,2020121304000725,SGI,35,25,10,592.00,"5,920.00"
2020-12-13,2020121304000724,SGI,35,34,10,592.00,"5,920.00"
2020-12-13,2020121304000723,SGI,35,41,10,592.00,"5,920.00"
2020-12-13,2020121304000722,SGI,35,5,10,592.00,"5,920.00"
2020-12-13,2020121304000756,SGI,52,57,10,592.00,"5,920.00"
2020-12-13,2020121304000751,SGI,52,55,10,592.00,"5,920.00"
2020-12-13,2020121304000750,SGI,52,35,10,592.00,"5,920.00"
2020-12-13,2020121304000747,SGI,52,57,10,592.00,"5,920.00"
2020-12-13,2020121304000745,SGI,35,49,10,592.00,"5,920.00"
2020-12-13,2020121304000740,SGI,35,39,10,592.00,"5,920.00"
2020-12-13,2020121304000773,SGI,52,1,10,592.00,"5,920.00"
2020-12-13,2020121304000770,SGI,52,10,10,592.00,"5,920.00"
2020-12-13,2020121304000763,SGI,52,37,10,592.00,"5,920.00"
2020-12-13,2020121304000762,SGI,52,29,10,592.00,"5,920.00"
2020-12-13,2020121304000760,SGI,52,10,10,592.00,"5,920.00"
2020-12-13,2020121304000757,SGI,52,19,10,592.00,"5,920.00"
2020-12-13,2020121304000791,SGI,58,10,10,592.00,"5,920.00"
2020-12-13,2020121304000790,SGI,58,45,10,592.00,"5,920.00"
2020-12-13,2020121304000789,SGI,58,43,10,592.00,"5,920.00"
2020-12-13,2020121304000788,SGI,58,28,10,592.00,"5,920.00"
2020-12-13,2020121304000784,SGI,58,57,10,591.00,"5,910.00"
2020-12-13,2020121304000779,SGI,58,10,10,591.00,"5,910.00"
2020-12-13,2020121304000799,SGI,58,10,10,592.00,"5,920.00"
2020-12-13,2020121304000798,SGI,58,26,10,592.00,"5,920.00"
2020-12-13,2020121304000797,SGI,58,10,10,592.00,"5,920.00"
2020-12-13,2020121304000795,SGI,58,56,10,592.00,"5,920.00"
2020-12-13,2020121304000794,SGI,58,48,10,592.00,"5,920.00"
2020-12-13,2020121304000792,SGI,58,48,10,592.00,"5,920.00"
2020-12-13,2020121304000819,SGI,58,57,10,591.00,"5,910.00"
2020-12-13,2020121304000810,SGI,58,38,10,592.00,"5,920.00"
2020-12-13,2020121304000805,SGI,58,10,10,592.00,"5,920.00"
2020-12-13,2020121304000804,SGI,58,26,10,592.00,"5,920.00"
2020-12-13,2020121304000803,SGI,58,41,60,592.00,"35,520.00"
2020-12-13,2020121304000802,SGI,58,51,10,592.00,"5,920.00"
2020-12-13,2020121304000834,SGI,58,39,10,591.00,"5,910.00"
2020-12-13,2020121304000833,SGI,58,8,10,591.00,"5,910.00"
2020-12-13,2020121304000831,SGI,58,36,10,591.00,"5,910.00"
2020-12-13,2020121304000828,SGI,58,39,10,591.00,"5,910.00"
2020-12-13,2020121304000827,SGI,58,56,10,591.00,"5,910.00"
2020-12-13,2020121304000822,SGI,58,57,10,591.00,"5,910.00"
2020-12-13,2020121304000866,SGI,46,42,10,592.00,"5,920.00"
2020-12-13,2020121304000865,SGI,46,51,10,592.00,"5,920.00"
2020-12-13,2020121304000864,SGI,46,38,10,592.00,"5,920.00"
2020-12-13,2020121304000863,SGI,46,17,10,592.00,"5,920.00"
2020-12-13,2020121304000846,SGI,58,16,10,591.00,"5,910.00"
2020-12-13,2020121304000835,SGI,58,16,10,591.00,"5,910.00"
2020-12-13,2020121304000886,SGI,58,1,10,592.00,"5,920.00"
2020-12-13,2020121304000876,SGI,58,56,10,591.00,"5,910.00"
2020-12-13,2020121304000872,SGI,49,34,10,592.00,"5,920.00"
2020-12-13,2020121304000871,SGI,49,21,10,592.00,"5,920.00"
2020-12-13,2020121304000868,SGI,58,10,10,591.00,"5,910.00"
2020-12-13,2020121304000867,SGI,46,16,10,592.00,"5,920.00"
2020-12-13,2020121304000895,SGI,58,1,10,591.00,"5,910.00"
2020-12-13,2020121304000892,SGI,58,14,10,591.00,"5,910.00"
2020-12-13,2020121304000891,SGI,58,7,10,591.00,"5,910.00"
2020-12-13,2020121304000890,SGI,58,35,10,591.00,"5,910.00"
2020-12-13,2020121304000888,SGI,58,22,10,592.00,"5,920.00"
2020-12-13,2020121304000887,SGI,58,5,10,592.00,"5,920.00"
2020-12-13,2020121304000904,SGI,58,34,10,591.00,"5,910.00"
2020-12-13,2020121304000901,SGI,58,33,10,591.00,"5,910.00"
2020-12-13,2020121304000900,SGI,58,34,10,591.00,"5,910.00"
2020-12-13,2020121304000899,SGI,58,26,10,591.00,"5,910.00"
2020-12-13,2020121304000898,SGI,58,28,10,591.00,"5,910.00"
2020-12-13,2020121304000897,SGI,58,41,10,591.00,"5,910.00"
2020-12-13,2020121304000917,SGI,39,22,10,592.00,"5,920.00"
2020-12-13,2020121304000916,SGI,39,38,10,592.00,"5,920.00"
2020-12-13,2020121304000913,SGI,58,56,10,591.00,"5,910.00"
2020-12-13,2020121304000912,SGI,58,26,10,591.00,"5,910.00"
2020-12-13,2020121304000910,SGI,58,38,10,591.00,"5,910.00"
2020-12-13,2020121304000905,SGI,58,38,10,591.00,"5,910.00"
2020-12-13,2020121304000933,SGI,58,42,10,591.00,"5,910.00"
2020-12-13,2020121304000932,SGI,58,14,10,591.00,"5,910.00"
2020-12-13,2020121304000930,SGI,58,42,10,591.00,"5,910.00"
2020-12-13,2020121304000926,SGI,39,17,10,592.00,"5,920.00"
2020-12-13,2020121304000923,SGI,39,38,10,592.00,"5,920.00"
2020-12-13,2020121304000922,SGI,39,37,10,592.00,"5,920.00"
2020-12-13,2020121304000949,SGI,49,34,20,592.00,"11,840.00"
2020-12-13,2020121304000947,SGI,58,38,10,591.00,"5,910.00"
2020-12-13,2020121304000943,SGI,58,21,10,591.00,"5,910.00"
2020-12-13,2020121304000939,SGI,58,38,10,591.00,"5,910.00"
2020-12-13,2020121304000937,SGI,58,47,10,591.00,"5,910.00"
2020-12-13,2020121304000935,SGI,58,38,10,591.00,"5,910.00"
2020-12-13,2020121304000966,SGI,8,42,10,591.00,"5,910.00"
2020-12-13,2020121304000964,SGI,8,38,10,591.00,"5,910.00"
2020-12-13,2020121304000963,SGI,51,41,10,591.00,"5,910.00"
2020-12-13,2020121304000958,SGI,51,38,10,591.00,"5,910.00"
2020-12-13,2020121304000957,SGI,58,48,10,591.00,"5,910.00"
2020-12-13,2020121304000950,SGI,58,17,10,591.00,"5,910.00"
2020-12-13,2020121304000980,SGI,42,38,10,592.00,"5,920.00"
2020-12-13,2020121304000979,SGI,42,39,10,592.00,"5,920.00"
2020-12-13,2020121304000976,SGI,42,38,10,592.00,"5,920.00"
2020-12-13,2020121304000972,SGI,42,38,10,592.00,"5,920.00"
2020-12-13,2020121304000969,SGI,42,38,10,592.00,"5,920.00"
2020-12-13,2020121304000968,SGI,42,42,10,592.00,"5,920.00"
2020-12-13,2020121304000991,SGI,45,38,10,592.00,"5,920.00"
2020-12-13,2020121304000988,SGI,45,49,10,592.00,"5,920.00"
2020-12-13,2020121304000987,SGI,42,38,10,592.00,"5,920.00"
2020-12-13,2020121304000985,SGI,42,59,10,592.00,"5,920.00"
2020-12-13,2020121304000983,SGI,42,38,10,592.00,"5,920.00"
2020-12-13,2020121304000982,SGI,42,8,10,592.00,"5,920.00"
2020-12-13,2020121304001002,SGI,34,56,10,592.00,"5,920.00"
2020-12-13,2020121304001001,SGI,34,42,10,592.00,"5,920.00"
2020-12-13,2020121304000999,SGI,8,42,10,591.00,"5,910.00"
2020-12-13,2020121304000997,SGI,8,38,10,591.00,"5,910.00"
2020-12-13,2020121304000996,SGI,45,28,40,592.00,"23,680.00"
2020-12-13,2020121304000994,SGI,45,58,10,592.00,"5,920.00"
2020-12-13,2020121304001013,SGI,21,25,10,592.00,"5,920.00"
2020-12-13,2020121304001012,SGI,21,47,10,592.00,"5,920.00"
2020-12-13,2020121304001011,SGI,21,50,10,592.00,"5,920.00"
2020-12-13,2020121304001008,SGI,8,42,10,591.00,"5,910.00"
2020-12-13,2020121304001006,SGI,8,28,10,591.00,"5,910.00"
2020-12-13,2020121304001005,SGI,8,38,10,591.00,"5,910.00"
2020-12-13,2020121304001029,SGI,8,32,10,591.00,"5,910.00"
2020-12-13,2020121304001027,SGI,8,47,10,591.00,"5,910.00"
2020-12-13,2020121304001026,SGI,8,41,10,591.00,"5,910.00"
2020-12-13,2020121304001019,SGI,8,39,10,591.00,"5,910.00"
2020-12-13,2020121304001017,SGI,21,52,10,592.00,"5,920.00"
2020-12-13,2020121304001016,SGI,49,50,10,593.00,"5,930.00"
2020-12-13,2020121304001041,SGI,49,50,10,593.00,"5,930.00"
2020-12-13,2020121304001040,SGI,8,39,10,591.00,"5,910.00"
2020-12-13,2020121304001039,SGI,8,6,10,591.00,"5,910.00"
2020-12-13,2020121304001038,SGI,8,19,10,591.00,"5,910.00"
2020-12-13,2020121304001037,SGI,8,33,10,591.00,"5,910.00"
2020-12-13,2020121304001034,SGI,8,19,10,591.00,"5,910.00"
2020-12-13,2020121304001052,SGI,47,56,10,592.00,"5,920.00"
2020-12-13,2020121304001051,SGI,8,17,10,591.00,"5,910.00"
2020-12-13,2020121304001049,SGI,8,38,10,591.00,"5,910.00"
2020-12-13,2020121304001048,SGI,8,47,10,591.00,"5,910.00"
2020-12-13,2020121304001047,SGI,11,49,10,592.00,"5,920.00"
2020-12-13,2020121304001042,SGI,8,17,10,591.00,"5,910.00"
2020-12-13,2020121304001067,SGI,47,16,10,592.00,"5,920.00"
2020-12-13,2020121304001058,SGI,47,58,10,592.00,"5,920.00"
2020-12-13,2020121304001057,SGI,47,39,10,592.00,"5,920.00"
2020-12-13,2020121304001056,SGI,47,42,10,592.00,"5,920.00"
2020-12-13,2020121304001055,SGI,47,33,10,592.00,"5,920.00"
2020-12-13,2020121304001054,SGI,47,26,10,592.00,"5,920.00"
2020-12-13,2020121304001085,SGI,47,38,10,592.00,"5,920.00"
2020-12-13,2020121304001074,SGI,47,13,10,592.00,"5,920.00"
2020-12-13,2020121304001073,SGI,47,33,10,592.00,"5,920.00"
2020-12-13,2020121304001072,SGI,47,26,10,592.00,"5,920.00"
2020-12-13,2020121304001071,SGI,47,16,10,592.00,"5,920.00"
2020-12-13,2020121304001068,SGI,47,16,10,592.00,"5,920.00"
2020-12-13,2020121304001106,SGI,47,10,10,592.00,"5,920.00"
2020-12-13,2020121304001105,SGI,47,18,10,592.00,"5,920.00"
2020-12-13,2020121304001104,SGI,47,22,10,592.00,"5,920.00"
2020-12-13,2020121304001094,SGI,47,56,10,592.00,"5,920.00"
2020-12-13,2020121304001090,SGI,47,38,10,592.00,"5,920.00"
2020-12-13,2020121304001088,SGI,47,10,10,592.00,"5,920.00"
2020-12-13,2020121304001117,SGI,47,34,10,592.00,"5,920.00"
2020-12-13,2020121304001116,SGI,47,46,10,592.00,"5,920.00"
2020-12-13,2020121304001113,SGI,47,10,10,592.00,"5,920.00"
2020-12-13,2020121304001112,SGI,47,59,10,592.00,"5,920.00"
2020-12-13,2020121304001111,SGI,47,38,10,592.00,"5,920.00"
2020-12-13,2020121304001107,SGI,47,38,10,592.00,"5,920.00"
2020-12-13,2020121304001110,STC,4,4,50,"5,117.00","255,850.00"
2020-12-13,2020121304001023,STC,50,10,10,"5,220.00","52,200.00"
2020-12-13,2020121304001000,STC,48,45,40,"5,200.00","208,000.00"
2020-12-13,2020121304000721,STC,58,6,100,"5,200.00","520,000.00"
2020-12-13,2020121304000633,STC,50,48,10,"5,136.00","51,360.00"
2020-12-13,2020121304000459,BBC,25,39,10,"2,899.00","28,990.00"
2020-12-13,2020121304000133,BBC,53,36,10,"2,900.00","29,000.00"
2020-12-13,2020121304000132,BBC,53,36,10,"2,900.00","29,000.00"
2020-12-13,2020121304000595,CMF1,33,51,500,9.96,"4,980.00"
2020-12-13,2020121304000455,CMF1,51,51,100,9.96,996.00
2020-12-13,2020121304000430,CMF1,35,58,"3,000",9.79,"29,370.00"
2020-12-13,2020121304000239,CMF1,51,6,100,9.98,998.00
2020-12-13,2020121304000153,CMF1,51,6,100,9.79,979.00
2020-12-13,2020121304000631,GIC,42,58,10,572.00,"5,720.00"
2020-12-13,2020121304000626,GIC,42,39,10,572.00,"5,720.00"
2020-12-13,2020121304000625,GIC,42,58,10,572.00,"5,720.00"
2020-12-13,2020121304000624,GIC,42,45,10,572.00,"5,720.00"
2020-12-13,2020121304000623,GIC,42,35,10,572.00,"5,720.00"
2020-12-13,2020121304000622,GIC,42,40,10,572.00,"5,720.00"
2020-12-13,2020121304000148,GIC,11,56,10,568.00,"5,680.00"
2020-12-13,2020121304000146,GIC,11,36,10,568.00,"5,680.00"
2020-12-13,2020121304000145,GIC,11,18,10,568.00,"5,680.00"
2020-12-13,2020121304000143,GIC,11,58,10,568.00,"5,680.00"
2020-12-13,2020121304000136,GIC,11,36,10,568.00,"5,680.00"
2020-12-13,2020121304000135,GIC,58,39,10,567.00,"5,670.00"
2020-12-13,2020121304000160,GIC,29,38,110,566.00,"62,260.00"
2020-12-13,2020121304000158,GIC,55,38,90,566.00,"50,940.00"
2020-12-13,2020121304000157,GIC,10,38,40,566.00,"22,640.00"
2020-12-13,2020121304000156,GIC,25,38,200,566.00,"113,200.00"
2020-12-13,2020121304000155,GIC,58,38,60,567.00,"34,020.00"
2020-12-13,2020121304000149,GIC,47,20,10,568.00,"5,680.00"
2020-12-13,2020121304000178,GIC,43,34,10,566.00,"5,660.00"
2020-12-13,2020121304000177,GIC,49,44,10,565.00,"5,650.00"
2020-12-13,2020121304000175,GIC,49,3,10,565.00,"5,650.00"
2020-12-13,2020121304000169,GIC,49,45,10,565.00,"5,650.00"
2020-12-13,2020121304000168,GIC,49,10,10,565.00,"5,650.00"
2020-12-13,2020121304000163,GIC,49,1,10,565.00,"5,650.00"
2020-12-13,2020121304000191,GIC,7,1,10,567.00,"5,670.00"
2020-12-13,2020121304000188,GIC,7,43,10,567.00,"5,670.00"
2020-12-13,2020121304000187,GIC,7,4,10,567.00,"5,670.00"
2020-12-13,2020121304000186,GIC,43,43,10,566.00,"5,660.00"
2020-12-13,2020121304000180,GIC,43,46,10,566.00,"5,660.00"
2020-12-13,2020121304000179,GIC,43,45,10,566.00,"5,660.00"
2020-12-13,2020121304000222,GIC,45,38,10,566.00,"5,660.00"
2020-12-13,2020121304000215,GIC,45,39,10,566.00,"5,660.00"
2020-12-13,2020121304000206,GIC,45,57,10,566.00,"5,660.00"
2020-12-13,2020121304000205,GIC,45,56,10,566.00,"5,660.00"
2020-12-13,2020121304000198,GIC,45,21,10,566.00,"5,660.00"
2020-12-13,2020121304000192,GIC,7,47,10,566.00,"5,660.00"
2020-12-13,2020121304000229,GIC,49,45,10,566.00,"5,660.00"
2020-12-13,2020121304000228,GIC,49,46,10,566.00,"5,660.00"
2020-12-13,2020121304000226,GIC,21,21,10,567.00,"5,670.00"
2020-12-13,2020121304000225,GIC,21,14,10,567.00,"5,670.00"
2020-12-13,2020121304000224,GIC,49,21,10,566.00,"5,660.00"
2020-12-13,2020121304000223,GIC,7,45,10,566.00,"5,660.00"
2020-12-13,2020121304000241,GIC,49,45,10,566.00,"5,660.00"
2020-12-13,2020121304000237,GIC,49,36,10,566.00,"5,660.00"
2020-12-13,2020121304000234,GIC,49,28,10,566.00,"5,660.00"
2020-12-13,2020121304000233,GIC,49,32,10,566.00,"5,660.00"
2020-12-13,2020121304000231,GIC,7,21,10,567.00,"5,670.00"
2020-12-13,2020121304000230,GIC,49,49,10,566.00,"5,660.00"
2020-12-13,2020121304000252,GIC,49,51,10,566.00,"5,660.00"
2020-12-13,2020121304000251,GIC,49,19,10,566.00,"5,660.00"
2020-12-13,2020121304000249,GIC,49,51,10,566.00,"5,660.00"
2020-12-13,2020121304000247,GIC,49,58,10,566.00,"5,660.00"
2020-12-13,2020121304000244,GIC,49,46,10,566.00,"5,660.00"
2020-12-13,2020121304000242,GIC,49,1,10,566.00,"5,660.00"
2020-12-13,2020121304000271,GIC,38,1,10,568.00,"5,680.00"
2020-12-13,2020121304000266,GIC,11,21,10,570.00,"5,700.00"
2020-12-13,2020121304000265,GIC,49,45,10,566.00,"5,660.00"
2020-12-13,2020121304000264,GIC,49,51,10,566.00,"5,660.00"
2020-12-13,2020121304000259,GIC,49,45,10,566.00,"5,660.00"
2020-12-13,2020121304000255,GIC,49,28,10,566.00,"5,660.00"
2020-12-13,2020121304000292,GIC,16,58,10,567.00,"5,670.00"
2020-12-13,2020121304000282,GIC,16,10,10,567.00,"5,670.00"
2020-12-13,2020121304000279,GIC,16,44,10,567.00,"5,670.00"
2020-12-13,2020121304000277,GIC,43,56,10,566.00,"5,660.00"
2020-12-13,2020121304000275,GIC,49,46,10,566.00,"5,660.00"
2020-12-13,2020121304000273,GIC,49,51,10,566.00,"5,660.00"
2020-12-13,2020121304000306,GIC,16,51,10,567.00,"5,670.00"
2020-12-13,2020121304000301,GIC,16,58,10,567.00,"5,670.00"
2020-12-13,2020121304000299,GIC,16,51,10,567.00,"5,670.00"
2020-12-13,2020121304000298,GIC,16,57,10,567.00,"5,670.00"
2020-12-13,2020121304000297,GIC,16,51,10,567.00,"5,670.00"
2020-12-13,2020121304000295,GIC,16,51,10,567.00,"5,670.00"
2020-12-13,2020121304000323,GIC,42,51,10,568.00,"5,680.00"
2020-12-13,2020121304000317,GIC,42,51,10,568.00,"5,680.00"
2020-12-13,2020121304000316,GIC,42,51,10,568.00,"5,680.00"
2020-12-13,2020121304000310,GIC,42,45,10,568.00,"5,680.00"
2020-12-13,2020121304000309,GIC,42,21,10,568.00,"5,680.00"
2020-12-13,2020121304000308,GIC,42,49,10,568.00,"5,680.00"
2020-12-13,2020121304000345,GIC,26,51,10,567.00,"5,670.00"
2020-12-13,2020121304000341,GIC,26,58,10,567.00,"5,670.00"
2020-12-13,2020121304000333,GIC,42,44,10,568.00,"5,680.00"
2020-12-13,2020121304000328,GIC,42,44,10,568.00,"5,680.00"
2020-12-13,2020121304000327,GIC,42,4,10,568.00,"5,680.00"
2020-12-13,2020121304000325,GIC,42,51,10,568.00,"5,680.00"
2020-12-13,2020121304000359,GIC,45,28,10,570.00,"5,700.00"
2020-12-13,2020121304000358,GIC,45,42,10,570.00,"5,700.00"
2020-12-13,2020121304000357,GIC,45,51,10,568.00,"5,680.00"
2020-12-13,2020121304000355,GIC,14,52,10,566.00,"5,660.00"
2020-12-13,2020121304000353,GIC,14,51,10,566.00,"5,660.00"
2020-12-13,2020121304000351,GIC,26,39,10,567.00,"5,670.00"
2020-12-13,2020121304000370,GIC,45,36,10,570.00,"5,700.00"
2020-12-13,2020121304000369,GIC,45,48,10,570.00,"5,700.00"
2020-12-13,2020121304000363,GIC,45,48,80,570.00,"45,600.00"
2020-12-13,2020121304000362,GIC,45,45,10,570.00,"5,700.00"
2020-12-13,2020121304000361,GIC,45,6,100,570.00,"57,000.00"
2020-12-13,2020121304000360,GIC,45,41,10,570.00,"5,700.00"
2020-12-13,2020121304000389,GIC,45,42,10,570.00,"5,700.00"
2020-12-13,2020121304000385,GIC,45,36,10,570.00,"5,700.00"
2020-12-13,2020121304000379,GIC,45,45,10,570.00,"5,700.00"
2020-12-13,2020121304000378,GIC,45,44,10,570.00,"5,700.00"
2020-12-13,2020121304000374,GIC,45,4,10,570.00,"5,700.00"
2020-12-13,2020121304000372,GIC,45,42,10,570.00,"5,700.00"
2020-12-13,2020121304000401,GIC,45,58,10,570.00,"5,700.00"
2020-12-13,2020121304000400,GIC,45,59,10,570.00,"5,700.00"
2020-12-13,2020121304000397,GIC,45,58,10,570.00,"5,700.00"
2020-12-13,2020121304000396,GIC,45,21,10,570.00,"5,700.00"
2020-12-13,2020121304000393,GIC,45,21,10,570.00,"5,700.00"
2020-12-13,2020121304000391,GIC,45,4,10,570.00,"5,700.00"
2020-12-13,2020121304000422,GIC,45,42,10,570.00,"5,700.00"
2020-12-13,2020121304000418,GIC,45,42,10,570.00,"5,700.00"
2020-12-13,2020121304000417,GIC,45,44,10,570.00,"5,700.00"
2020-12-13,2020121304000415,GIC,45,45,10,570.00,"5,700.00"
2020-12-13,2020121304000412,GIC,45,39,10,570.00,"5,700.00"
2020-12-13,2020121304000410,GIC,45,44,10,570.00,"5,700.00"
2020-12-13,2020121304000457,GIC,45,49,10,570.00,"5,700.00"
2020-12-13,2020121304000443,GIC,45,14,10,570.00,"5,700.00"
2020-12-13,2020121304000435,GIC,45,14,10,570.00,"5,700.00"
2020-12-13,2020121304000428,GIC,45,58,10,570.00,"5,700.00"
2020-12-13,2020121304000427,GIC,45,34,10,570.00,"5,700.00"
2020-12-13,2020121304000426,GIC,45,47,10,570.00,"5,700.00"
2020-12-13,2020121304000495,GIC,45,26,10,570.00,"5,700.00"
2020-12-13,2020121304000491,GIC,45,44,10,570.00,"5,700.00"
2020-12-13,2020121304000475,GIC,45,58,10,570.00,"5,700.00"
2020-12-13,2020121304000469,GIC,45,45,10,570.00,"5,700.00"
2020-12-13,2020121304000468,GIC,45,38,10,570.00,"5,700.00"
2020-12-13,2020121304000466,GIC,45,39,10,570.00,"5,700.00"
2020-12-13,2020121304000522,GIC,45,45,10,570.00,"5,700.00"
2020-12-13,2020121304000521,GIC,45,48,10,570.00,"5,700.00"
2020-12-13,2020121304000515,GIC,45,45,10,570.00,"5,700.00"
2020-12-13,2020121304000513,GIC,45,42,10,570.00,"5,700.00"
2020-12-13,2020121304000503,GIC,45,45,10,570.00,"5,700.00"
2020-12-13,2020121304000502,GIC,45,45,10,570.00,"5,700.00"
2020-12-13,2020121304000561,GIC,47,6,10,571.00,"5,710.00"
2020-12-13,2020121304000560,GIC,47,46,10,571.00,"5,710.00"
2020-12-13,2020121304000550,GIC,47,45,10,571.00,"5,710.00"
2020-12-13,2020121304000527,GIC,47,42,10,571.00,"5,710.00"
2020-12-13,2020121304000526,GIC,47,22,10,571.00,"5,710.00"
2020-12-13,2020121304000523,GIC,45,42,10,570.00,"5,700.00"
2020-12-13,2020121304000567,GIC,34,4,10,573.00,"5,730.00"
2020-12-13,2020121304000566,GIC,34,52,10,572.00,"5,720.00"
2020-12-13,2020121304000565,GIC,34,45,10,572.00,"5,720.00"
2020-12-13,2020121304000564,GIC,34,4,10,572.00,"5,720.00"
2020-12-13,2020121304000563,GIC,34,58,10,572.00,"5,720.00"
2020-12-13,2020121304000562,GIC,34,35,10,572.00,"5,720.00"
2020-12-13,2020121304000573,GIC,47,6,10,571.00,"5,710.00"
2020-12-13,2020121304000572,GIC,47,26,10,571.00,"5,710.00"
2020-12-13,2020121304000571,GIC,34,35,10,574.00,"5,740.00"
2020-12-13,2020121304000570,GIC,34,58,10,574.00,"5,740.00"
2020-12-13,2020121304000569,GIC,34,38,10,574.00,"5,740.00"
2020-12-13,2020121304000568,GIC,34,5,10,573.00,"5,730.00"
2020-12-13,2020121304000584,GIC,47,58,10,571.00,"5,710.00"
2020-12-13,2020121304000583,GIC,47,59,10,571.00,"5,710.00"
2020-12-13,2020121304000582,GIC,47,38,10,571.00,"5,710.00"
2020-12-13,2020121304000581,GIC,47,36,10,571.00,"5,710.00"
2020-12-13,2020121304000579,GIC,47,45,10,571.00,"5,710.00"
2020-12-13,2020121304000574,GIC,47,34,10,571.00,"5,710.00"
2020-12-13,2020121304000599,GIC,47,26,10,571.00,"5,710.00"
2020-12-13,2020121304000597,GIC,47,7,10,571.00,"5,710.00"
2020-12-13,2020121304000594,GIC,47,42,10,571.00,"5,710.00"
2020-12-13,2020121304000593,GIC,47,55,10,571.00,"5,710.00"
2020-12-13,2020121304000591,GIC,47,11,10,571.00,"5,710.00"
2020-12-13,2020121304000589,GIC,47,39,10,571.00,"5,710.00"
2020-12-13,2020121304000621,GIC,42,34,10,572.00,"5,720.00"
2020-12-13,2020121304000620,GIC,42,50,10,572.00,"5,720.00"
2020-12-13,2020121304000619,GIC,42,40,10,572.00,"5,720.00"
2020-12-13,2020121304000618,GIC,42,26,10,572.00,"5,720.00"
2020-12-13,2020121304000617,GIC,42,19,10,572.00,"5,720.00"
2020-12-13,2020121304000616,GIC,42,29,10,572.00,"5,720.00"
2020-12-13,2020121304000492,GIMES1,58,8,600,11.16,"6,696.00"
2020-12-13,2020121304000478,GIMES1,58,8,"1,000",11.16,"11,160.00"
2020-12-13,2020121304000322,GIMES1,17,8,"1,500",11.15,"16,725.00"
2020-12-13,2020121304000189,GIMES1,17,42,"1,000",11.15,"11,150.00"
2020-12-13,2020121304000151,GIMES1,17,50,"21,733",11.15,"242,322.95"
2020-12-13,2020121304000150,GIMES1,35,50,"2,000",11.16,"22,320.00"
2020-12-13,2020121304000373,LUK,22,19,200,9.25,"1,850.00"
2020-12-13,2020121304000304,LUK,22,35,"1,000",9.38,"9,380.00"
2020-12-13,2020121304000303,LUK,22,44,900,9.38,"8,442.00"
2020-12-13,2020121304000302,LUK,22,44,100,9.38,938.00
2020-12-13,2020121304000287,LUK,17,56,100,9.22,922.00
2020-12-13,2020121304000267,MLBLPO,17,7,"20,000",109.00,"2,180,000.00"
2020-12-13,2020121304000539,MNBBLP,14,3,"17,022",182.00,"3,098,004.00"
2020-12-13,2020121304000414,MNBBLP,28,1,"10,000",182.00,"1,820,000.00"
2020-12-13,2020121304000405,MNBBLP,17,1,"10,000",182.00,"1,820,000.00"
2020-12-13,2020121304000404,MNBBLP,17,1,"10,000",182.00,"1,820,000.00"
2020-12-13,2020121304000403,MNBBLP,17,1,"10,000",182.00,"1,820,000.00"
2020-12-13,2020121304000392,MNBBLP,17,1,"15,000",182.00,"2,730,000.00"
2020-12-13,2020121304000377,MNBBLP,17,1,"15,000",182.00,"2,730,000.00"
2020-12-13,2020121304000376,MNBBLP,17,1,"20,000",182.00,"3,640,000.00"
2020-12-13,2020121304000577,NBF2,6,38,100,9.68,968.00
2020-12-13,2020121304000542,NBF2,6,20,300,9.68,"2,904.00"
2020-12-13,2020121304000519,NBF2,6,54,"3,500",9.68,"33,880.00"
2020-12-13,2020121304000332,NBF2,6,57,500,9.50,"4,750.00"
2020-12-13,2020121304000321,NBF2,6,58,100,9.50,950.00
2020-12-13,2020121304000276,NBF2,6,41,100,9.50,950.00
2020-12-13,2020121304000598,NEF,17,58,483,9.85,"4,757.55"
2020-12-13,2020121304000590,NEF,17,21,"2,414",9.85,"23,777.90"
2020-12-13,2020121304000578,NEF,17,17,966,9.85,"9,515.10"
2020-12-13,2020121304000464,NEF,17,45,966,9.85,"9,515.10"
2020-12-13,2020121304000456,NEF,17,57,724,9.85,"7,131.40"
2020-12-13,2020121304000442,NEF,17,50,"2,885",9.85,"28,417.25"
2020-12-13,2020121304000441,NEF,6,50,"5,000",9.85,"49,250.00"
2020-12-13,2020121304000281,NEF,17,45,724,9.85,"7,131.40"
2020-12-13,2020121304000258,NEF,17,38,"16,470",9.85,"162,229.50"
2020-12-13,2020121304000257,NEF,11,38,"5,000",9.88,"49,400.00"
2020-12-13,2020121304000476,NIBD2082,6,44,300,"1,070.00","321,000.00"
2020-12-13,2020121304000476,NIBD2082,6,44,300,"1,070.00","321,000.00"
2020-12-13,2020121304000615,NIBLPF,6,17,"1,010",10.00,"10,100.00"
2020-12-13,2020121304000541,NIBLPF,17,42,505,9.99,"5,044.95"
2020-12-13,2020121304000514,NIBLPF,17,42,505,9.99,"5,044.95"
2020-12-13,2020121304000447,NIBLPF,6,50,"1,516",10.05,"15,235.80"
2020-12-13,2020121304000439,NIBLPF,6,50,"2,525",10.05,"25,376.25"
2020-12-13,2020121304000423,NIBLPF,6,49,"2,525",10.05,"25,376.25"
2020-12-13,2020121304000284,NIBLPF,6,45,909,10.05,"9,135.45"
2020-12-13,2020121304000274,NIBLPF,6,45,"2,525",10.05,"25,376.25"
2020-12-13,2020121304000520,NIBPO,54,43,500,421.00,"210,500.00"
2020-12-13,2020121304000517,NIBPO,54,43,500,421.00,"210,500.00"
2020-12-13,2020121304000349,NIBPO,34,38,500,420.00,"210,000.00"
2020-12-13,2020121304000343,NIBPO,54,43,"1,000",425.00,"425,000.00"
2020-12-13,2020121304000193,NIBPO,34,43,"1,500",421.00,"631,500.00"
2020-12-13,2020121304000184,NIBPO,34,35,500,421.00,"210,500.00"
2020-12-13,2020121304000446,NIBSF1,17,46,"27,800",11.00,"305,800.00"
2020-12-13,2020121304000445,NIBSF1,51,46,"2,500",11.01,"27,525.00"
2020-12-13,2020121304000444,NIBSF1,58,46,"1,000",11.01,"11,010.00"
2020-12-13,2020121304000289,NICBF,35,41,100,9.60,960.00
2020-12-13,2020121304000580,NICGF,57,34,500,10.18,"5,090.00"
2020-12-13,2020121304000394,NICGF,57,54,700,10.20,"7,140.00"
2020-12-13,2020121304000501,NMB50,17,26,150,9.95,"1,492.50"
2020-12-13,2020121304000383,NMB50,6,50,100,10.05,"1,005.00"
2020-12-13,2020121304000382,NMB50,6,46,200,10.01,"2,002.00"
2020-12-13,2020121304000381,NMB50,6,5,100,10.00,"1,000.00"
2020-12-13,2020121304000380,NMB50,6,40,100,10.00,"1,000.00"
2020-12-13,2020121304000313,NMB50,17,46,"16,000",9.95,"159,200.00"
2020-12-13,2020121304000312,NMB50,35,46,"4,000",9.96,"39,840.00"
2020-12-13,2020121304000291,NMB50,17,41,100,9.95,995.00
2020-12-13,2020121304000238,NMB50,17,6,100,9.95,995.00
2020-12-13,2020121304000138,NMB50,35,55,"1,000",10.00,"10,000.00"
2020-12-13,2020121304000471,NMBHF1,17,45,832,9.90,"8,236.80"
2020-12-13,2020121304000462,NMBHF1,17,54,"3,912",9.90,"38,728.80"
2020-12-13,2020121304000452,NMBHF1,17,50,"2,000",9.91,"19,820.00"
2020-12-13,2020121304000450,NMBHF1,6,50,"5,000",9.92,"49,600.00"
2020-12-13,2020121304000449,NMBHF1,58,50,"2,000",9.92,"19,840.00"
2020-12-13,2020121304000202,NMBHF1,17,21,496,9.90,"4,910.40"
2020-12-13,2020121304000201,NMBHF1,17,21,"2,000",9.91,"19,820.00"
2020-12-13,2020121304000152,RBCLPO,58,33,20,"14,200.00","284,000.00"
2020-12-13,2020121304000537,SAEF,16,38,"5,000",10.99,"54,950.00"
2020-12-13,2020121304000399,SAEF,17,35,"16,360",10.95,"179,142.00"
2020-12-13,2020121304000398,SAEF,59,35,"4,640",10.96,"50,854.40"
2020-12-13,2020121304000305,SAEF,56,38,"5,000",10.99,"54,950.00"
2020-12-13,2020121304000227,SAEF,47,49,"5,000",11.00,"55,000.00"
2020-12-13,2020121304000181,SAEF,47,34,500,11.00,"5,500.00"
2020-12-13,2020121304000162,SAEF,47,49,"1,000",11.00,"11,000.00"
2020-12-13,2020121304000142,SAEF,47,35,"3,000",11.00,"33,000.00"
2020-12-13,2020121304000627,SEF,17,28,500,10.20,"5,100.00"
2020-12-13,2020121304000543,SEF,28,56,100,10.30,"1,030.00"
2020-12-13,2020121304000511,SEF,42,26,"1,000",10.21,"10,210.00"
2020-12-13,2020121304000508,SEF,17,1,"7,000",10.20,"71,400.00"
2020-12-13,2020121304000494,SEF,17,49,"1,000",10.20,"10,200.00"
2020-12-13,2020121304000472,SEF,6,26,"2,000",10.21,"20,420.00"
2020-12-13,2020121304000470,SEF,6,26,"3,000",10.21,"30,630.00"
2020-12-13,2020121304000402,SEF,17,40,"5,000",10.20,"51,000.00"
2020-12-13,2020121304000200,SEF,17,38,"1,000",10.20,"10,200.00"
2020-12-13,2020121304000141,SEF,17,35,"5,000",10.20,"51,000.00"
2020-12-13,2020121304000630,SGI,32,32,10,594.00,"5,940.00"
2020-12-13,2020121304000629,SGI,32,7,10,594.00,"5,940.00"
2020-12-13,2020121304000628,SGI,32,57,10,594.00,"5,940.00"
2020-12-13,2020121304000614,SGI,32,35,10,594.00,"5,940.00"
2020-12-13,2020121304000613,SGI,32,45,10,594.00,"5,940.00"
2020-12-13,2020121304000612,SGI,32,40,10,594.00,"5,940.00"
2020-12-13,2020121304000134,SGI,17,18,10,595.00,"5,950.00"
2020-12-13,2020121304000159,SGI,32,22,100,596.00,"59,600.00"
2020-12-13,2020121304000147,SGI,17,18,10,595.00,"5,950.00"
2020-12-13,2020121304000144,SGI,17,8,10,595.00,"5,950.00"
2020-12-13,2020121304000140,SGI,17,25,10,595.00,"5,950.00"
2020-12-13,2020121304000139,SGI,17,14,10,595.00,"5,950.00"
2020-12-13,2020121304000137,SGI,17,47,10,595.00,"5,950.00"
2020-12-13,2020121304000170,SGI,17,21,10,595.00,"5,950.00"
2020-12-13,2020121304000167,SGI,17,34,10,595.00,"5,950.00"
2020-12-13,2020121304000166,SGI,17,45,10,595.00,"5,950.00"
2020-12-13,2020121304000165,SGI,17,3,10,595.00,"5,950.00"
2020-12-13,2020121304000164,SGI,17,21,10,595.00,"5,950.00"
2020-12-13,2020121304000161,SGI,17,8,10,595.00,"5,950.00"
2020-12-13,2020121304000182,SGI,17,45,10,595.00,"5,950.00"
2020-12-13,2020121304000176,SGI,17,57,10,595.00,"5,950.00"
2020-12-13,2020121304000174,SGI,21,22,20,596.00,"11,920.00"
2020-12-13,2020121304000173,SGI,17,54,10,595.00,"5,950.00"
2020-12-13,2020121304000172,SGI,17,51,10,595.00,"5,950.00"
2020-12-13,2020121304000171,SGI,17,34,10,595.00,"5,950.00"
2020-12-13,2020121304000199,SGI,25,11,10,595.00,"5,950.00"
2020-12-13,2020121304000197,SGI,17,14,10,595.00,"5,950.00"
2020-12-13,2020121304000194,SGI,17,8,10,595.00,"5,950.00"
2020-12-13,2020121304000190,SGI,17,42,10,595.00,"5,950.00"
2020-12-13,2020121304000185,SGI,17,38,10,595.00,"5,950.00"
2020-12-13,2020121304000183,SGI,17,19,10,595.00,"5,950.00"
2020-12-13,2020121304000216,SGI,55,14,10,595.00,"5,950.00"
2020-12-13,2020121304000209,SGI,55,21,10,595.00,"5,950.00"
2020-12-13,2020121304000208,SGI,25,29,10,595.00,"5,950.00"
2020-12-13,2020121304000207,SGI,25,19,10,595.00,"5,950.00"
2020-12-13,2020121304000204,SGI,25,21,10,595.00,"5,950.00"
2020-12-13,2020121304000203,SGI,25,42,10,595.00,"5,950.00"
2020-12-13,2020121304000232,SGI,55,45,10,595.00,"5,950.00"
2020-12-13,2020121304000221,SGI,55,6,10,595.00,"5,950.00"
2020-12-13,2020121304000220,SGI,55,45,10,595.00,"5,950.00"
2020-12-13,2020121304000219,SGI,55,38,10,595.00,"5,950.00"
2020-12-13,2020121304000218,SGI,55,51,10,595.00,"5,950.00"
2020-12-13,2020121304000217,SGI,55,39,10,595.00,"5,950.00"
2020-12-13,2020121304000246,SGI,58,36,10,593.00,"5,930.00"
2020-12-13,2020121304000245,SGI,58,17,10,593.00,"5,930.00"
2020-12-13,2020121304000243,SGI,56,39,10,594.00,"5,940.00"
2020-12-13,2020121304000240,SGI,56,28,10,594.00,"5,940.00"
2020-12-13,2020121304000236,SGI,55,58,10,595.00,"5,950.00"
2020-12-13,2020121304000235,SGI,55,14,10,595.00,"5,950.00"
2020-12-13,2020121304000260,SGI,32,51,10,594.00,"5,940.00"
2020-12-13,2020121304000256,SGI,32,1,10,594.00,"5,940.00"
2020-12-13,2020121304000254,SGI,32,51,10,594.00,"5,940.00"
2020-12-13,2020121304000253,SGI,58,38,10,593.00,"5,930.00"
2020-12-13,2020121304000250,SGI,58,51,10,593.00,"5,930.00"
2020-12-13,2020121304000248,SGI,58,58,10,593.00,"5,930.00"
2020-12-13,2020121304000270,SGI,32,47,10,594.00,"5,940.00"
2020-12-13,2020121304000269,SGI,32,44,10,594.00,"5,940.00"
2020-12-13,2020121304000268,SGI,32,51,10,594.00,"5,940.00"
2020-12-13,2020121304000263,SGI,32,51,10,594.00,"5,940.00"
2020-12-13,2020121304000262,SGI,32,52,10,594.00,"5,940.00"
2020-12-13,2020121304000261,SGI,32,39,10,594.00,"5,940.00"
2020-12-13,2020121304000286,SGI,58,47,10,593.00,"5,930.00"
2020-12-13,2020121304000285,SGI,58,51,10,593.00,"5,930.00"
2020-12-13,2020121304000283,SGI,58,57,10,593.00,"5,930.00"
2020-12-13,2020121304000280,SGI,58,46,10,593.00,"5,930.00"
2020-12-13,2020121304000278,SGI,58,47,10,593.00,"5,930.00"
2020-12-13,2020121304000272,SGI,32,51,10,594.00,"5,940.00"
2020-12-13,2020121304000300,SGI,58,28,10,593.00,"5,930.00"
2020-12-13,2020121304000296,SGI,58,21,10,593.00,"5,930.00"
2020-12-13,2020121304000294,SGI,58,28,10,593.00,"5,930.00"
2020-12-13,2020121304000293,SGI,58,58,10,593.00,"5,930.00"
2020-12-13,2020121304000290,SGI,58,54,10,593.00,"5,930.00"
2020-12-13,2020121304000288,SGI,58,51,10,593.00,"5,930.00"
2020-12-13,2020121304000319,SGI,58,28,10,593.00,"5,930.00"
2020-12-13,2020121304000318,SGI,58,51,10,593.00,"5,930.00"
2020-12-13,2020121304000315,SGI,58,51,10,593.00,"5,930.00"
2020-12-13,2020121304000314,SGI,58,28,10,593.00,"5,930.00"
2020-12-13,2020121304000311,SGI,58,28,10,593.00,"5,930.00"
2020-12-13,2020121304000307,SGI,58,51,10,593.00,"5,930.00"
2020-12-13,2020121304000331,SGI,58,51,10,593.00,"5,930.00"
2020-12-13,2020121304000330,SGI,58,44,10,593.00,"5,930.00"
2020-12-13,2020121304000329,SGI,58,51,10,593.00,"5,930.00"
2020-12-13,2020121304000326,SGI,58,58,10,593.00,"5,930.00"
2020-12-13,2020121304000324,SGI,58,45,10,593.00,"5,930.00"
2020-12-13,2020121304000320,SGI,58,32,10,593.00,"5,930.00"
2020-12-13,2020121304000339,SGI,58,51,10,593.00,"5,930.00"
2020-12-13,2020121304000338,SGI,58,58,10,593.00,"5,930.00"
2020-12-13,2020121304000337,SGI,58,44,10,593.00,"5,930.00"
2020-12-13,2020121304000336,SGI,58,17,10,593.00,"5,930.00"
2020-12-13,2020121304000335,SGI,58,39,10,593.00,"5,930.00"
2020-12-13,2020121304000334,SGI,58,50,10,593.00,"5,930.00"
2020-12-13,2020121304000348,SGI,58,51,10,593.00,"5,930.00"
2020-12-13,2020121304000347,SGI,58,4,10,593.00,"5,930.00"
2020-12-13,2020121304000346,SGI,58,42,10,593.00,"5,930.00"
2020-12-13,2020121304000344,SGI,58,40,10,593.00,"5,930.00"
2020-12-13,2020121304000342,SGI,58,47,10,593.00,"5,930.00"
2020-12-13,2020121304000340,SGI,58,44,10,593.00,"5,930.00"
2020-12-13,2020121304000365,SGI,58,39,10,593.00,"5,930.00"
2020-12-13,2020121304000364,SGI,58,32,10,593.00,"5,930.00"
2020-12-13,2020121304000356,SGI,58,52,10,593.00,"5,930.00"
2020-12-13,2020121304000354,SGI,58,17,10,593.00,"5,930.00"
2020-12-13,2020121304000352,SGI,58,51,10,593.00,"5,930.00"
2020-12-13,2020121304000350,SGI,58,51,10,593.00,"5,930.00"
2020-12-13,2020121304000384,SGI,58,44,10,593.00,"5,930.00"
2020-12-13,2020121304000375,SGI,58,16,10,593.00,"5,930.00"
2020-12-13,2020121304000371,SGI,58,46,10,593.00,"5,930.00"
2020-12-13,2020121304000368,SGI,58,16,10,593.00,"5,930.00"
2020-12-13,2020121304000367,SGI,58,4,10,593.00,"5,930.00"
2020-12-13,2020121304000366,SGI,58,44,10,593.00,"5,930.00"
2020-12-13,2020121304000406,SGI,14,47,10,594.00,"5,940.00"
2020-12-13,2020121304000395,SGI,11,17,10,595.00,"5,950.00"
2020-12-13,2020121304000390,SGI,14,37,10,594.00,"5,940.00"
2020-12-13,2020121304000388,SGI,14,42,10,594.00,"5,940.00"
2020-12-13,2020121304000387,SGI,14,42,10,594.00,"5,940.00"
2020-12-13,2020121304000386,SGI,14,50,10,594.00,"5,940.00"
2020-12-13,2020121304000416,SGI,14,20,10,594.00,"5,940.00"
2020-12-13,2020121304000413,SGI,14,1,10,594.00,"5,940.00"
2020-12-13,2020121304000411,SGI,14,45,10,594.00,"5,940.00"
2020-12-13,2020121304000409,SGI,14,11,10,594.00,"5,940.00"
2020-12-13,2020121304000408,SGI,14,44,10,594.00,"5,940.00"
2020-12-13,2020121304000407,SGI,14,34,10,594.00,"5,940.00"
2020-12-13,2020121304000429,SGI,58,50,10,593.00,"5,930.00"
2020-12-13,2020121304000425,SGI,58,44,10,593.00,"5,930.00"
2020-12-13,2020121304000424,SGI,14,34,10,594.00,"5,940.00"
2020-12-13,2020121304000421,SGI,14,14,10,594.00,"5,940.00"
2020-12-13,2020121304000420,SGI,14,16,10,594.00,"5,940.00"
2020-12-13,2020121304000419,SGI,14,44,10,594.00,"5,940.00"
2020-12-13,2020121304000440,SGI,58,28,10,593.00,"5,930.00"
2020-12-13,2020121304000438,SGI,58,39,10,593.00,"5,930.00"
2020-12-13,2020121304000437,SGI,58,14,10,593.00,"5,930.00"
2020-12-13,2020121304000436,SGI,58,28,10,593.00,"5,930.00"
2020-12-13,2020121304000434,SGI,58,39,10,593.00,"5,930.00"
2020-12-13,2020121304000431,SGI,58,14,10,593.00,"5,930.00"
2020-12-13,2020121304000460,SGI,58,56,10,593.00,"5,930.00"
2020-12-13,2020121304000458,SGI,58,28,10,593.00,"5,930.00"
2020-12-13,2020121304000454,SGI,58,28,10,593.00,"5,930.00"
2020-12-13,2020121304000453,SGI,58,35,10,593.00,"5,930.00"
2020-12-13,2020121304000451,SGI,58,28,10,593.00,"5,930.00"
2020-12-13,2020121304000448,SGI,58,28,10,593.00,"5,930.00"
2020-12-13,2020121304000474,SGI,58,33,10,593.00,"5,930.00"
2020-12-13,2020121304000473,SGI,58,28,10,593.00,"5,930.00"
2020-12-13,2020121304000467,SGI,58,38,10,593.00,"5,930.00"
2020-12-13,2020121304000465,SGI,58,28,10,593.00,"5,930.00"
2020-12-13,2020121304000463,SGI,58,28,10,593.00,"5,930.00"
2020-12-13,2020121304000461,SGI,58,47,10,593.00,"5,930.00"
2020-12-13,2020121304000483,SGI,49,41,10,595.00,"5,950.00"
2020-12-13,2020121304000482,SGI,49,22,10,595.00,"5,950.00"
2020-12-13,2020121304000481,SGI,49,43,10,595.00,"5,950.00"
2020-12-13,2020121304000480,SGI,49,20,90,595.00,"53,550.00"
2020-12-13,2020121304000479,SGI,36,20,10,595.00,"5,950.00"
2020-12-13,2020121304000477,SGI,58,28,10,593.00,"5,930.00"
2020-12-13,2020121304000489,SGI,49,58,10,595.00,"5,950.00"
2020-12-13,2020121304000488,SGI,49,33,10,595.00,"5,950.00"
2020-12-13,2020121304000487,SGI,49,29,10,595.00,"5,950.00"
2020-12-13,2020121304000486,SGI,49,34,10,595.00,"5,950.00"
2020-12-13,2020121304000485,SGI,49,42,10,595.00,"5,950.00"
2020-12-13,2020121304000484,SGI,49,41,10,595.00,"5,950.00"
2020-12-13,2020121304000499,SGI,49,52,10,595.00,"5,950.00"
2020-12-13,2020121304000498,SGI,49,28,10,595.00,"5,950.00"
2020-12-13,2020121304000497,SGI,49,38,10,595.00,"5,950.00"
2020-12-13,2020121304000496,SGI,49,52,10,595.00,"5,950.00"
2020-12-13,2020121304000493,SGI,21,50,10,596.00,"5,960.00"
2020-12-13,2020121304000490,SGI,49,42,10,595.00,"5,950.00"
2020-12-13,2020121304000509,SGI,49,34,10,595.00,"5,950.00"
2020-12-13,2020121304000507,SGI,49,28,10,595.00,"5,950.00"
2020-12-13,2020121304000506,SGI,49,11,10,595.00,"5,950.00"
2020-12-13,2020121304000505,SGI,49,28,10,595.00,"5,950.00"
2020-12-13,2020121304000504,SGI,49,42,10,595.00,"5,950.00"
2020-12-13,2020121304000500,SGI,49,45,10,595.00,"5,950.00"
2020-12-13,2020121304000529,SGI,49,28,10,595.00,"5,950.00"
2020-12-13,2020121304000528,SGI,49,28,10,595.00,"5,950.00"
2020-12-13,2020121304000518,SGI,49,28,680,595.00,"404,600.00"
2020-12-13,2020121304000516,SGI,49,28,10,595.00,"5,950.00"
2020-12-13,2020121304000512,SGI,49,28,10,595.00,"5,950.00"
2020-12-13,2020121304000510,SGI,49,28,10,595.00,"5,950.00"
2020-12-13,2020121304000535,SGI,49,41,10,597.00,"5,970.00"
2020-12-13,2020121304000534,SGI,49,57,10,597.00,"5,970.00"
2020-12-13,2020121304000533,SGI,49,52,10,597.00,"5,970.00"
2020-12-13,2020121304000532,SGI,49,52,10,596.00,"5,960.00"
2020-12-13,2020121304000531,SGI,49,38,10,596.00,"5,960.00"
2020-12-13,2020121304000530,SGI,49,28,10,595.00,"5,950.00"
2020-12-13,2020121304000548,SGI,49,41,10,598.00,"5,980.00"
2020-12-13,2020121304000547,SGI,49,28,10,595.00,"5,950.00"
2020-12-13,2020121304000546,SGI,49,40,10,595.00,"5,950.00"
2020-12-13,2020121304000540,SGI,58,45,10,593.00,"5,930.00"
2020-12-13,2020121304000538,SGI,58,58,10,593.00,"5,930.00"
2020-12-13,2020121304000536,SGI,49,22,10,597.00,"5,970.00"
2020-12-13,2020121304000555,SGI,49,43,10,598.00,"5,980.00"
2020-12-13,2020121304000554,SGI,49,58,10,598.00,"5,980.00"
2020-12-13,2020121304000553,SGI,49,3,10,598.00,"5,980.00"
2020-12-13,2020121304000552,SGI,49,36,10,594.00,"5,940.00"
2020-12-13,2020121304000551,SGI,58,42,10,593.00,"5,930.00"
2020-12-13,2020121304000549,SGI,58,45,10,593.00,"5,930.00"
2020-12-13,2020121304000576,SGI,49,45,10,599.00,"5,990.00"
2020-12-13,2020121304000575,SGI,49,18,10,598.00,"5,980.00"
2020-12-13,2020121304000559,SGI,49,33,20,598.00,"11,960.00"
2020-12-13,2020121304000558,SGI,49,44,10,598.00,"5,980.00"
2020-12-13,2020121304000557,SGI,49,45,10,598.00,"5,980.00"
2020-12-13,2020121304000556,SGI,49,32,10,598.00,"5,980.00"
2020-12-13,2020121304000596,SGI,58,58,10,593.00,"5,930.00"
2020-12-13,2020121304000592,SGI,58,20,10,593.00,"5,930.00"
2020-12-13,2020121304000588,SGI,45,42,10,594.00,"5,940.00"
2020-12-13,2020121304000587,SGI,45,29,10,594.00,"5,940.00"
2020-12-13,2020121304000586,SGI,45,36,10,594.00,"5,940.00"
2020-12-13,2020121304000585,SGI,45,6,10,594.00,"5,940.00"
2020-12-13,2020121304000605,SGI,22,34,10,594.00,"5,940.00"
2020-12-13,2020121304000604,SGI,22,40,10,594.00,"5,940.00"
2020-12-13,2020121304000603,SGI,22,40,10,594.00,"5,940.00"
2020-12-13,2020121304000602,SGI,22,58,10,594.00,"5,940.00"
2020-12-13,2020121304000601,SGI,22,55,10,594.00,"5,940.00"
2020-12-13,2020121304000600,SGI,22,39,10,594.00,"5,940.00"
2020-12-13,2020121304000611,SGI,32,40,10,594.00,"5,940.00"
2020-12-13,2020121304000610,SGI,49,11,10,594.00,"5,940.00"
2020-12-13,2020121304000609,SGI,22,34,10,594.00,"5,940.00"
2020-12-13,2020121304000608,SGI,22,26,10,594.00,"5,940.00"
2020-12-13,2020121304000607,SGI,22,34,10,594.00,"5,940.00"
2020-12-13,2020121304000606,SGI,22,46,10,594.00,"5,940.00"
2020-12-13,2020121304000525,SRBLD83,47,21,100,"1,060.00","106,000.00"
2020-12-13,2020121304000524,SRBLD83,47,52,100,"1,058.00","105,800.00"
2020-12-13,2020121304000545,STC,52,6,10,"5,136.00","51,360.00"
2020-12-13,2020121304000544,STC,28,6,10,"5,136.00","51,360.00"
2020-12-13,2020121304000433,STC,28,32,13,"5,136.00","66,768.00"
2020-12-13,2020121304000432,STC,58,32,10,"5,150.00","51,500.00"
2020-12-13,2020121304000214,STC,28,6,10,"5,136.00","51,360.00"
2020-12-13,2020121304000213,STC,59,6,10,"5,136.00","51,360.00"
2020-12-13,2020121304000212,STC,17,6,10,"5,136.00","51,360.00"
2020-12-13,2020121304000211,STC,8,6,10,"5,136.00","51,360.00"
2020-12-13,2020121304000210,STC,56,6,10,"5,140.00","51,400.00"
2020-12-13,2020121304000196,STC,54,32,10,"5,145.00","51,450.00"
2020-12-13,2020121304000195,STC,17,32,30,"5,150.00","154,500.00"
2020-12-13,2020121304000154,STC,58,6,20,"5,250.00","105,000.00"
2020-12-13,2020121303015863,ALBSL,26,6,18,897.00,"16,146.00"
2020-12-13,2020121303015862,ALBSL,22,6,16,900.00,"14,400.00"
2020-12-13,2020121303015633,ALBSL,34,50,19,912.00,"17,328.00"
2020-12-13,2020121303015632,ALBSL,34,50,11,911.00,"10,021.00"
2020-12-13,2020121303015631,ALBSL,34,14,11,909.00,"9,999.00"
2020-12-13,2020121303015630,ALBSL,34,1,100,909.00,"90,900.00"
2020-12-13,2020121303015508,ALBSL,34,18,"1,300",907.00,"1,179,100.00"
2020-12-13,2020121303015507,ALBSL,34,50,11,907.00,"9,977.00"
2020-12-13,2020121303015506,ALBSL,34,46,11,907.00,"9,977.00"
2020-12-13,2020121303015505,ALBSL,34,58,11,905.00,"9,955.00"
2020-12-13,2020121303015504,ALBSL,34,50,11,905.00,"9,955.00"
2020-12-13,2020121303015503,ALBSL,34,58,11,905.00,"9,955.00"
2020-12-13,2020121303015629,ALBSL,34,41,11,908.00,"9,988.00"
2020-12-13,2020121303015628,ALBSL,34,49,11,908.00,"9,988.00"
2020-12-13,2020121303015627,ALBSL,34,47,37,908.00,"33,596.00"
2020-12-13,2020121303015511,ALBSL,34,47,63,908.00,"57,204.00"
2020-12-13,2020121303015510,ALBSL,34,7,116,907.00,"105,212.00"
2020-12-13,2020121303015509,ALBSL,34,57,10,907.00,"9,070.00"
2020-12-13,2020121303015671,ALICL,49,32,17,893.00,"15,181.00"
2020-12-13,2020121303015670,ALICL,49,57,83,891.00,"73,953.00"
2020-12-13,2020121303015658,ALICL,49,57,417,891.00,"371,547.00"
2020-12-13,2020121303015538,ALICL,49,45,83,891.00,"73,953.00"
2020-12-13,2020121303015537,ALICL,34,45,32,891.00,"28,512.00"
2020-12-13,2020121304000131,BBC,7,36,10,"2,900.00","29,000.00"
2020-12-13,2020121304000130,BBC,35,36,10,"2,900.00","29,000.00"
2020-12-13,2020121304000129,BBC,58,36,20,"2,900.00","58,000.00"
2020-12-13,2020121304000128,BBC,53,36,10,"2,925.00","29,250.00"
2020-12-13,2020121304000127,BBC,53,36,10,"2,925.00","29,250.00"
2020-12-13,2020121304000126,BBC,57,36,10,"2,925.00","29,250.00"
2020-12-13,2020121304000015,BBC,57,57,10,"2,958.00","29,580.00"
2020-12-13,2020121303015698,CBBL,57,44,190,"1,426.00","270,940.00"
2020-12-13,2020121303015697,CBBL,14,44,10,"1,426.00","14,260.00"
2020-12-13,2020121303015590,CBBL,19,57,10,"1,429.00","14,290.00"
2020-12-13,2020121303015582,CBBL,18,35,100,"1,428.00","142,800.00"
2020-12-13,2020121303015581,CBBL,18,55,50,"1,428.00","71,400.00"
2020-12-13,2020121303015825,CIT,33,52,10,"4,995.00","49,950.00"
2020-12-13,2020121303015824,CIT,33,55,12,"4,995.00","59,940.00"
2020-12-13,2020121303015624,CIT,38,58,266,"4,999.00","1,329,734.00"
2020-12-13,2020121303015623,CIT,38,56,25,"4,998.00","124,950.00"
2020-12-13,2020121303015622,CIT,38,52,10,"4,998.00","49,980.00"
2020-12-13,2020121303015621,CIT,38,19,376,"4,998.00","1,879,248.00"
2020-12-13,2020121303015525,CIT,19,28,10,"4,995.00","49,950.00"
2020-12-13,2020121303015620,CIT,38,42,233,"4,998.00","1,164,534.00"
2020-12-13,2020121303015619,CIT,38,14,10,"4,997.00","49,970.00"
2020-12-13,2020121303015618,CIT,38,35,20,"4,997.00","99,940.00"
2020-12-13,2020121303015617,CIT,38,34,50,"4,996.00","249,800.00"
2020-12-13,2020121303015616,CIT,38,13,10,"4,995.00","49,950.00"
2020-12-13,2020121303015599,CIT,19,55,10,"4,995.00","49,950.00"
2020-12-13,2020121303015665,CLBSL,25,46,58,735.00,"42,630.00"
2020-12-13,2020121303015664,CLBSL,25,47,137,733.00,"100,421.00"
2020-12-13,2020121303015638,CLBSL,45,45,13,730.00,"9,490.00"
2020-12-13,2020121303015634,CLBSL,45,45,10,730.00,"7,300.00"
2020-12-13,2020121303015625,CORBL,51,34,10,215.00,"2,150.00"
2020-12-13,2020121303015816,DDBL,51,13,33,"1,360.00","44,880.00"
2020-12-13,2020121303015757,DDBL,18,45,10,"1,358.00","13,580.00"
2020-12-13,2020121303015636,DDBL,58,13,73,"1,360.00","99,280.00"
2020-12-13,2020121303015767,EDBL,32,59,50,358.00,"17,900.00"
2020-12-13,2020121303015766,EDBL,32,50,144,358.00,"51,552.00"
2020-12-13,2020121303015869,FMDBL,16,44,108,590.00,"63,720.00"
2020-12-13,2020121303015738,FMDBL,16,44,242,590.00,"142,780.00"
2020-12-13,2020121303015737,FMDBL,16,50,200,590.00,"118,000.00"
2020-12-13,2020121303015736,FMDBL,16,46,90,590.00,"53,100.00"
2020-12-13,2020121303015679,FMDBL,11,47,36,586.00,"21,096.00"
2020-12-13,2020121303015610,FMDBL,46,38,50,587.00,"29,350.00"
2020-12-13,2020121303015609,FMDBL,46,29,50,587.00,"29,350.00"
2020-12-13,2020121303015560,FMDBL,53,29,100,587.00,"58,700.00"
2020-12-13,2020121303015735,FMDBL,16,38,20,590.00,"11,800.00"
2020-12-13,2020121303015734,FMDBL,16,51,100,590.00,"59,000.00"
2020-12-13,2020121303015733,FMDBL,16,38,300,590.00,"177,000.00"
2020-12-13,2020121303015732,FMDBL,16,38,20,590.00,"11,800.00"
2020-12-13,2020121303015731,FMDBL,16,41,28,590.00,"16,520.00"
2020-12-13,2020121303015680,FMDBL,3,47,114,586.00,"66,804.00"
2020-12-13,2020121303015535,FOWAD,37,57,53,"1,981.00","104,993.00"
2020-12-13,2020121303015534,FOWAD,17,57,555,"1,981.00","1,099,455.00"
2020-12-13,2020121303015533,FOWAD,59,57,31,"1,982.00","61,442.00"
2020-12-13,2020121303015532,FOWAD,51,57,40,"1,989.00","79,560.00"
2020-12-13,2020121303015857,GBBL,4,42,560,284.00,"159,040.00"
2020-12-13,2020121303015822,GBBL,4,42,"2,000",284.00,"568,000.00"
2020-12-13,2020121303015814,GBBL,48,38,50,285.00,"14,250.00"
2020-12-13,2020121303015787,GBBL,4,38,10,285.00,"2,850.00"
2020-12-13,2020121303015711,GBBL,4,38,520,285.00,"148,200.00"
2020-12-13,2020121303015678,GBBL,48,41,450,284.00,"127,800.00"
2020-12-13,2020121303015672,GBBL,29,41,500,284.00,"142,000.00"
2020-12-13,2020121303015663,GBBL,6,41,50,284.00,"14,200.00"
2020-12-13,2020121303015823,GFCL,35,43,10,205.00,"2,050.00"
2020-12-13,2020121303015662,GFCL,58,38,100,202.00,"20,200.00"
2020-12-13,2020121304000123,GIC,57,57,10,568.00,"5,680.00"
2020-12-13,2020121304000121,GIC,57,22,10,568.00,"5,680.00"
2020-12-13,2020121304000114,GIC,57,49,10,568.00,"5,680.00"
2020-12-13,2020121304000111,GIC,7,13,10,572.00,"5,720.00"
2020-12-13,2020121304000110,GIC,7,41,10,572.00,"5,720.00"
2020-12-13,2020121304000109,GIC,7,58,10,571.00,"5,710.00"
2020-12-13,2020121304000002,GIC,11,51,10,562.00,"5,620.00"
2020-12-13,2020121304000021,GIC,44,42,10,566.00,"5,660.00"
2020-12-13,2020121304000017,GIC,44,21,10,566.00,"5,660.00"
2020-12-13,2020121304000016,GIC,17,57,10,567.00,"5,670.00"
2020-12-13,2020121304000013,GIC,49,47,10,565.00,"5,650.00"
2020-12-13,2020121304000005,GIC,49,46,10,565.00,"5,650.00"
2020-12-13,2020121304000003,GIC,25,51,10,564.00,"5,640.00"
2020-12-13,2020121304000035,GIC,58,35,10,567.00,"5,670.00"
2020-12-13,2020121304000033,GIC,44,47,10,566.00,"5,660.00"
2020-12-13,2020121304000032,GIC,44,41,10,566.00,"5,660.00"
2020-12-13,2020121304000026,GIC,44,37,10,566.00,"5,660.00"
2020-12-13,2020121304000024,GIC,44,19,10,566.00,"5,660.00"
2020-12-13,2020121304000022,GIC,44,19,10,566.00,"5,660.00"
2020-12-13,2020121304000046,GIC,48,45,10,570.00,"5,700.00"
2020-12-13,2020121304000045,GIC,48,34,10,570.00,"5,700.00"
2020-12-13,2020121304000044,GIC,48,41,10,570.00,"5,700.00"
2020-12-13,2020121304000043,GIC,48,54,10,569.00,"5,690.00"
2020-12-13,2020121304000042,GIC,58,58,10,567.00,"5,670.00"
2020-12-13,2020121304000036,GIC,58,22,10,567.00,"5,670.00"
2020-12-13,2020121304000075,GIC,57,59,10,568.00,"5,680.00"
2020-12-13,2020121304000073,GIC,57,33,10,568.00,"5,680.00"
2020-12-13,2020121304000066,GIC,22,28,10,570.00,"5,700.00"
2020-12-13,2020121304000057,GIC,44,56,10,570.00,"5,700.00"
2020-12-13,2020121304000056,GIC,44,39,10,570.00,"5,700.00"
2020-12-13,2020121304000055,GIC,44,55,10,570.00,"5,700.00"
2020-12-13,2020121304000096,GIC,57,17,10,568.00,"5,680.00"
2020-12-13,2020121304000087,GIC,57,45,10,568.00,"5,680.00"
2020-12-13,2020121304000084,GIC,57,7,10,568.00,"5,680.00"
2020-12-13,2020121304000080,GIC,57,56,10,568.00,"5,680.00"
2020-12-13,2020121304000079,GIC,57,35,10,568.00,"5,680.00"
2020-12-13,2020121304000077,GIC,57,47,10,568.00,"5,680.00"
2020-12-13,2020121304000108,GIC,7,58,10,570.00,"5,700.00"
2020-12-13,2020121304000107,GIC,7,46,10,570.00,"5,700.00"
2020-12-13,2020121304000106,GIC,7,3,10,570.00,"5,700.00"
2020-12-13,2020121304000102,GIC,57,50,10,568.00,"5,680.00"
2020-12-13,2020121304000100,GIC,57,25,10,568.00,"5,680.00"
2020-12-13,2020121304000098,GIC,57,45,10,568.00,"5,680.00"
2020-12-13,2020121303015776,GILB,16,32,10,"1,481.00","14,810.00"
2020-12-13,2020121303015755,GILB,16,41,53,"1,481.00","78,493.00"
2020-12-13,2020121303015541,GMFBS,34,34,11,884.00,"9,724.00"
2020-12-13,2020121303015725,GMFIL,34,49,100,206.00,"20,600.00"
2020-12-13,2020121303015696,GRDBL,37,57,970,152.00,"147,440.00"
2020-12-13,2020121303015695,GRDBL,38,57,90,152.00,"13,680.00"
2020-12-13,2020121303015694,GRDBL,59,57,10,152.00,"1,520.00"
2020-12-13,2020121303015811,HIDCL,49,37,171,284.00,"48,564.00"
2020-12-13,2020121303015810,HIDCL,49,22,29,284.00,"8,236.00"
2020-12-13,2020121303015717,HIDCL,16,34,32,283.00,"9,056.00"
2020-12-13,2020121303015716,HIDCL,25,34,30,283.00,"8,490.00"
2020-12-13,2020121303015715,HIDCL,49,34,300,283.00,"84,900.00"
2020-12-13,2020121303015714,HIDCL,32,34,638,283.00,"180,554.00"
2020-12-13,2020121303015675,HIDCL,32,57,123,283.00,"34,809.00"
2020-12-13,2020121303015650,ILBS,16,22,60,"1,008.00","60,480.00"
2020-12-13,2020121303015649,ILBS,16,57,40,995.00,"39,800.00"
2020-12-13,2020121303015608,ILBS,16,43,11,"1,005.00","11,055.00"
2020-12-13,2020121303015607,ILBS,16,4,11,"1,005.00","11,055.00"
2020-12-13,2020121303015559,ILBS,16,45,10,"1,000.00","10,000.00"
2020-12-13,2020121303015558,ILBS,16,57,11,"1,000.00","11,000.00"
2020-12-13,2020121303015545,ILBS,16,41,22,997.00,"21,934.00"
2020-12-13,2020121303015544,ILBS,16,36,25,996.00,"24,900.00"
2020-12-13,2020121303015543,ILBS,16,58,15,995.00,"14,925.00"
2020-12-13,2020121303015551,ILBS,16,34,513,999.00,"512,487.00"
2020-12-13,2020121303015550,ILBS,16,1,100,999.00,"99,900.00"
2020-12-13,2020121303015549,ILBS,16,11,180,999.00,"179,820.00"
2020-12-13,2020121303015548,ILBS,16,45,111,999.00,"110,889.00"
