Date,Transact. No.,Symbol,Buyer,Seller,Quantity,Rate,Amount
2021-01-20,2021012003023306,ACLBSL,36,40,10,"1,332.00","13,320.00"
2021-01-20,2021012003023173,ACLBSL,36,54,10,"1,332.00","13,320.00"
2021-01-20,2021012003023287,ALICL,16,33,90,"1,103.00","99,270.00"
2021-01-20,2021012003023286,ALICL,16,32,10,"1,100.00","11,000.00"
2021-01-20,2021012003023285,ALICL,16,38,32,"1,100.00","35,200.00"
2021-01-20,2021012003023221,BBC,32,42,30,"3,136.00","94,080.00"
2021-01-20,2021012003023220,BBC,34,42,10,"3,136.00","31,360.00"
2021-01-20,2021012003023219,BBC,52,42,10,"3,137.00","31,370.00"
2021-01-20,2021012003023609,CBBL,58,29,84,"1,353.00","113,652.00"
2021-01-20,2021012003023596,CBBL,58,45,100,"1,353.00","135,300.00"
2021-01-20,2021012003023369,CBBL,58,29,185,"1,353.00","250,305.00"
2021-01-20,2021012003023368,CBBL,13,29,100,"1,354.00","135,400.00"
2021-01-20,2021012003023367,CBBL,44,29,85,"1,354.00","115,090.00"
2021-01-20,2021012003023366,CBBL,13,29,50,"1,355.00","67,750.00"
2021-01-20,2021012003023212,CBBL,16,29,156,"1,360.00","212,160.00"
2021-01-20,2021012003023172,CBBL,16,16,50,"1,360.00","68,000.00"
2021-01-20,2021012003023365,CBBL,47,29,100,"1,355.00","135,500.00"
2021-01-20,2021012003023364,CBBL,25,29,20,"1,355.00","27,100.00"
2021-01-20,2021012003023363,CBBL,4,29,10,"1,355.00","13,550.00"
2021-01-20,2021012003023362,CBBL,39,29,50,"1,356.00","67,800.00"
2021-01-20,2021012003023361,CBBL,45,29,100,"1,356.00","135,600.00"
2021-01-20,2021012003023213,CBBL,38,29,44,"1,360.00","59,840.00"
2021-01-20,2021012003023520,CFCL,50,41,32,218.00,"6,976.00"
2021-01-20,2021012003023566,CIT,47,13,10,"3,459.00","34,590.00"
2021-01-20,2021012003023458,CIT,38,13,20,"3,459.00","69,180.00"
2021-01-20,2021012003023482,CLBSL,13,57,10,"1,000.00","10,000.00"
2021-01-20,2021012003023211,CLBSL,13,36,13,"1,000.00","13,000.00"
2021-01-20,2021012003023210,CLBSL,22,36,77,"1,000.00","77,000.00"
2021-01-20,2021012003023209,CLBSL,42,36,10,"1,002.00","10,020.00"
2021-01-20,2021012003023491,CMF2,43,49,100,10.35,"1,035.00"
2021-01-20,2021012003023406,CMF2,43,41,100,10.30,"1,030.00"
2021-01-20,2021012003023533,DDBL,42,8,50,"1,659.00","82,950.00"
2021-01-20,2021012003023532,DDBL,38,8,100,"1,659.00","165,900.00"
2021-01-20,2021012003023513,DDBL,42,55,20,"1,659.00","33,180.00"
2021-01-20,2021012003023512,DDBL,36,56,50,"1,658.00","82,900.00"
2021-01-20,2021012003023527,EDBL,33,8,10,399.00,"3,990.00"
2021-01-20,2021012003023537,FMDBL,17,35,90,677.00,"60,930.00"
2021-01-20,2021012003023277,FMDBL,5,35,10,677.00,"6,770.00"
2021-01-20,2021012003023581,FOWAD,34,22,12,"2,699.00","32,388.00"
2021-01-20,2021012003023580,FOWAD,34,34,28,"2,689.00","75,292.00"
2021-01-20,2021012003023481,FOWAD,17,34,10,"2,689.00","26,890.00"
2021-01-20,2021012003023468,FOWAD,34,22,33,"2,699.00","89,067.00"
2021-01-20,2021012003023467,FOWAD,34,56,67,"2,698.00","180,766.00"
2021-01-20,2021012003023466,FOWAD,34,43,25,"2,695.00","67,375.00"
2021-01-20,2021012003023465,FOWAD,34,17,50,"2,690.00","134,500.00"
2021-01-20,2021012003023320,FOWAD,17,40,40,"2,689.00","107,560.00"
2021-01-20,2021012003023186,FOWAD,57,40,10,"2,689.00","26,890.00"
2021-01-20,2021012003023518,GBBL,17,26,19,359.00,"6,821.00"
2021-01-20,2021012003023588,GBLBS,56,17,10,673.00,"6,730.00"
2021-01-20,2021012003023562,GBLBS,10,7,75,672.00,"50,400.00"
2021-01-20,2021012003023506,GBLBS,33,45,100,672.00,"67,200.00"
2021-01-20,2021012003023401,GBLBS,33,21,100,672.00,"67,200.00"
2021-01-20,2021012003023303,GBLBS,16,45,100,671.00,"67,100.00"
2021-01-20,2021012003023302,GBLBS,46,45,100,672.00,"67,200.00"
2021-01-20,2021012003023251,GBLBS,43,17,100,673.00,"67,300.00"
2021-01-20,2021012003023250,GBLBS,43,7,200,672.00,"134,400.00"
2021-01-20,2021012003023616,GILB,45,38,63,"1,545.00","97,335.00"
2021-01-20,2021012003023561,GILB,45,38,50,"1,545.00","77,250.00"
2021-01-20,2021012003023383,GLBSL,47,35,231,"1,056.00","243,936.00"
2021-01-20,2021012003023382,GLBSL,41,35,100,"1,056.00","105,600.00"
2021-01-20,2021012003023381,GLBSL,48,35,50,"1,057.00","52,850.00"
2021-01-20,2021012003023380,GLBSL,56,35,50,"1,057.00","52,850.00"
2021-01-20,2021012003023379,GLBSL,45,35,19,"1,057.00","20,083.00"
2021-01-20,2021012003023378,GLBSL,45,35,50,"1,058.00","52,900.00"
2021-01-20,2021012003023593,GLICL,54,44,70,679.00,"47,530.00"
2021-01-20,2021012003023592,GLICL,54,33,100,678.00,"67,800.00"
2021-01-20,2021012003023591,GLICL,54,39,30,678.00,"20,340.00"
2021-01-20,2021012003023450,GLICL,16,39,110,678.00,"74,580.00"
2021-01-20,2021012003023410,GLICL,16,34,890,678.00,"603,420.00"
2021-01-20,2021012003023409,GLICL,33,34,10,678.00,"6,780.00"
2021-01-20,2021012003023408,GLICL,41,34,100,678.00,"67,800.00"
2021-01-20,2021012003023236,GLICL,6,44,131,679.00,"88,949.00"
2021-01-20,2021012003023230,GLICL,17,44,265,679.00,"179,935.00"
2021-01-20,2021012003023189,GLICL,29,44,230,679.00,"156,170.00"
2021-01-20,2021012003023571,GMFBS,26,45,10,"1,455.00","14,550.00"
2021-01-20,2021012003023444,GMFBS,26,32,30,"1,456.00","43,680.00"
2021-01-20,2021012003023442,GMFBS,57,37,20,"1,428.00","28,560.00"
2021-01-20,2021012003023391,GMFBS,57,32,20,"1,428.00","28,560.00"
2021-01-20,2021012003023502,GMFIL,17,25,100,224.00,"22,400.00"
2021-01-20,2021012003023456,GMFIL,59,22,10,226.00,"2,260.00"
2021-01-20,2021012003023222,GMFIL,59,52,10,225.00,"2,250.00"
2021-01-20,2021012003023304,GRDBL,20,13,50,189.00,"9,450.00"
2021-01-20,2021012003023252,GRDBL,20,41,20,189.00,"3,780.00"
2021-01-20,2021012003023294,GUFL,43,6,362,375.00,"135,750.00"
2021-01-20,2021012003023293,GUFL,43,45,750,374.00,"280,500.00"
2021-01-20,2021012003023292,GUFL,43,13,38,374.00,"14,212.00"
2021-01-20,2021012003023291,GUFL,43,57,50,373.00,"18,650.00"
2021-01-20,2021012003023253,GUFL,21,57,50,373.00,"18,650.00"
2021-01-20,2021012003023586,HIDCL,35,49,400,325.00,"130,000.00"
2021-01-20,2021012003023585,HIDCL,21,49,50,325.00,"16,250.00"
2021-01-20,2021012003023584,HIDCL,50,49,50,325.00,"16,250.00"
2021-01-20,2021012003023579,HIDCL,1,44,20,326.00,"6,520.00"
2021-01-20,2021012003023536,HIDCL,47,7,100,325.00,"32,500.00"
2021-01-20,2021012003023535,HIDCL,57,7,200,325.00,"65,000.00"
2021-01-20,2021012003023183,HIDCL,34,42,177,325.00,"57,525.00"
2021-01-20,2021012003023182,HIDCL,42,42,23,325.00,"7,475.00"
2021-01-20,2021012003023181,HIDCL,42,34,477,325.00,"155,025.00"
2021-01-20,2021012003023180,HIDCL,33,34,23,325.00,"7,475.00"
2021-01-20,2021012003023462,HIDCL,57,59,15,326.00,"4,890.00"
2021-01-20,2021012003023457,HIDCL,6,59,500,326.00,"163,000.00"
2021-01-20,2021012003023394,HIDCL,29,59,150,326.00,"48,900.00"
2021-01-20,2021012003023377,HIDCL,34,46,200,325.00,"65,000.00"
2021-01-20,2021012003023276,HIDCL,45,59,100,326.00,"32,600.00"
2021-01-20,2021012003023237,HIDCL,8,59,300,326.00,"97,800.00"
2021-01-20,2021012003023534,HIDCL,25,7,100,325.00,"32,500.00"
2021-01-20,2021012003023477,HIDCL,44,55,97,325.00,"31,525.00"
2021-01-20,2021012003023476,HIDCL,14,55,20,325.00,"6,500.00"
2021-01-20,2021012003023475,HIDCL,44,55,100,325.00,"32,500.00"
2021-01-20,2021012003023474,HIDCL,34,55,83,325.00,"26,975.00"
2021-01-20,2021012003023463,HIDCL,57,44,285,326.00,"92,910.00"
2021-01-20,2021012003023563,ICFC,32,58,10,316.00,"3,160.00"
2021-01-20,2021012003023451,ICFC,32,58,10,316.00,"3,160.00"
2021-01-20,2021012003023359,ICFC,43,50,30,311.00,"9,330.00"
2021-01-20,2021012003023358,ICFC,22,50,50,311.00,"15,550.00"
2021-01-20,2021012003023357,ICFC,54,50,500,311.00,"155,500.00"
2021-01-20,2021012003023356,ICFC,6,50,200,311.00,"62,200.00"
2021-01-20,2021012003023343,ICFC,1,50,10,313.00,"3,130.00"
2021-01-20,2021012003023342,ICFC,32,50,10,315.00,"3,150.00"
2021-01-20,2021012003023179,ICFC,32,58,10,316.00,"3,160.00"
2021-01-20,2021012003023349,ICFC,6,50,100,312.00,"31,200.00"
2021-01-20,2021012003023348,ICFC,48,50,100,312.00,"31,200.00"
2021-01-20,2021012003023347,ICFC,43,50,100,312.00,"31,200.00"
2021-01-20,2021012003023346,ICFC,38,50,250,312.00,"78,000.00"
2021-01-20,2021012003023345,ICFC,22,50,35,312.00,"10,920.00"
2021-01-20,2021012003023344,ICFC,34,50,635,312.00,"198,120.00"
2021-01-20,2021012003023355,ICFC,55,50,"1,000",311.00,"311,000.00"
2021-01-20,2021012003023354,ICFC,47,50,100,311.00,"31,100.00"
2021-01-20,2021012003023353,ICFC,41,50,290,312.00,"90,480.00"
2021-01-20,2021012003023352,ICFC,16,50,200,312.00,"62,400.00"
2021-01-20,2021012003023351,ICFC,58,50,100,312.00,"31,200.00"
2021-01-20,2021012003023350,ICFC,41,50,290,312.00,"90,480.00"
2021-01-20,2021012003023582,ILBS,55,40,44,"1,399.00","61,556.00"
2021-01-20,2021012003023396,ILBS,55,45,11,"1,398.00","15,378.00"
2021-01-20,2021012003023248,ILBS,3,46,38,"1,400.00","53,200.00"
2021-01-20,2021012003023217,ILBS,21,26,10,"1,398.00","13,980.00"
2021-01-20,2021012003023216,ILBS,46,26,31,"1,398.00","43,338.00"
2021-01-20,2021012003023449,JFL,4,45,400,297.00,"118,800.00"
2021-01-20,2021012003023448,JFL,4,38,100,297.00,"29,700.00"
2021-01-20,2021012003023447,JFL,4,32,100,297.00,"29,700.00"
2021-01-20,2021012003023446,JFL,4,47,200,297.00,"59,400.00"
2021-01-20,2021012003023163,JFL,4,21,100,296.00,"29,600.00"
2021-01-20,2021012003023551,JSLBB,4,45,100,"2,432.00","243,200.00"
2021-01-20,2021012003023517,JSLBB,22,3,90,"2,403.00","216,270.00"
2021-01-20,2021012003023516,JSLBB,50,3,10,"2,404.00","24,040.00"
2021-01-20,2021012003023480,JSLBB,4,46,130,"2,431.00","316,030.00"
2021-01-20,2021012003023479,JSLBB,4,56,50,"2,430.00","121,500.00"
2021-01-20,2021012003023478,JSLBB,4,22,20,"2,430.00","48,600.00"
2021-01-20,2021012003023529,KLBSL,57,33,200,"1,328.00","265,600.00"
2021-01-20,2021012003023528,KLBSL,57,33,10,"1,321.00","13,210.00"
2021-01-20,2021012003023452,KLBSL,16,33,90,"1,321.00","118,890.00"
2021-01-20,2021012003023413,KLBSL,16,22,10,"1,321.00","13,210.00"
2021-01-20,2021012003023178,KLBSL,59,41,100,"1,322.00","132,200.00"
2021-01-20,2021012003023239,KMCDB,25,54,10,"1,248.00","12,480.00"
2021-01-20,2021012003023238,KMCDB,25,38,25,"1,230.00","30,750.00"
2021-01-20,2021012003023618,KSBBL,34,34,500,277.00,"138,500.00"
2021-01-20,2021012003023568,KSBBL,22,16,120,276.00,"33,120.00"
2021-01-20,2021012003023541,KSBBL,22,29,400,276.00,"110,400.00"
2021-01-20,2021012003023511,KSBBL,22,34,100,276.00,"27,600.00"
2021-01-20,2021012003023510,KSBBL,22,57,16,276.00,"4,416.00"
2021-01-20,2021012003023393,KSBBL,44,57,484,276.00,"133,584.00"
2021-01-20,2021012003023392,KSBBL,44,21,16,276.00,"4,416.00"
2021-01-20,2021012003023300,KSBBL,7,21,500,276.00,"138,000.00"
2021-01-20,2021012003023203,KSBBL,57,13,60,275.00,"16,500.00"
2021-01-20,2021012003023202,KSBBL,41,13,100,275.00,"27,500.00"
2021-01-20,2021012003023201,KSBBL,59,13,40,275.00,"11,000.00"
2021-01-20,2021012003023560,LBBL,52,49,200,240.00,"48,000.00"
2021-01-20,2021012003023278,LBBL,44,49,12,240.00,"2,880.00"
2021-01-20,2021012003023576,LICN,45,49,50,"2,398.00","119,900.00"
2021-01-20,2021012003023235,LICN,6,34,115,"2,399.00","275,885.00"
2021-01-20,2021012003023283,MDB,50,53,229,359.00,"82,211.00"
2021-01-20,2021012003023370,MERO,54,17,22,"1,020.00","22,440.00"
2021-01-20,2021012003023555,MFIL,57,16,100,425.00,"42,500.00"
2021-01-20,2021012003023554,MFIL,25,16,100,425.00,"42,500.00"
2021-01-20,2021012003023553,MFIL,57,16,100,425.00,"42,500.00"
2021-01-20,2021012003023552,MFIL,45,16,200,425.00,"85,000.00"
2021-01-20,2021012003023407,MLBBL,11,48,40,"1,508.00","60,320.00"
2021-01-20,2021012003023273,MLBBL,43,48,50,"1,508.00","75,400.00"
2021-01-20,2021012003023608,MLBL,25,17,"2,407",286.00,"688,402.00"
2021-01-20,2021012003023607,MLBL,25,38,116,285.00,"33,060.00"
2021-01-20,2021012003023606,MLBL,25,38,100,285.00,"28,500.00"
2021-01-20,2021012003023605,MLBL,25,42,197,285.00,"56,145.00"
2021-01-20,2021012003023604,MLBL,25,42,50,285.00,"14,250.00"
2021-01-20,2021012003023603,MLBL,25,58,25,285.00,"7,125.00"
2021-01-20,2021012003023376,MLBL,17,17,500,284.00,"142,000.00"
2021-01-20,2021012003023284,MLBL,38,17,500,284.00,"142,000.00"
2021-01-20,2021012003023190,MLBL,34,17,20,284.00,"5,680.00"
2021-01-20,2021012003023602,MLBL,25,42,250,285.00,"71,250.00"
2021-01-20,2021012003023601,MLBL,25,22,500,285.00,"142,500.00"
2021-01-20,2021012003023600,MLBL,25,17,838,285.00,"238,830.00"
2021-01-20,2021012003023599,MLBL,25,59,500,284.00,"142,000.00"
2021-01-20,2021012003023598,MLBL,25,17,17,284.00,"4,828.00"
2021-01-20,2021012003023521,MLBL,34,17,20,284.00,"5,680.00"
2021-01-20,2021012003023455,MMFDB,34,25,20,"1,339.00","26,780.00"
2021-01-20,2021012003023416,MMFDB,14,25,30,"1,339.00","40,170.00"
2021-01-20,2021012003023583,MNBBL,1,4,83,386.00,"32,038.00"
2021-01-20,2021012003023540,MNBBL,28,6,15,387.00,"5,805.00"
2021-01-20,2021012003023469,MNBBL,1,45,330,386.00,"127,380.00"
2021-01-20,2021012003023185,MNBBL,49,32,150,386.00,"57,900.00"
2021-01-20,2021012003023184,MNBBL,49,13,287,386.00,"110,782.00"
2021-01-20,2021012003023282,MPFL,34,57,100,183.00,"18,300.00"
2021-01-20,2021012003023578,MSMBS,34,35,10,"1,145.00","11,450.00"
2021-01-20,2021012003023421,MSMBS,26,35,200,"1,146.00","229,200.00"
2021-01-20,2021012003023420,MSMBS,17,35,20,"1,150.00","23,000.00"
2021-01-20,2021012003023419,MSMBS,17,35,100,"1,153.00","115,300.00"
2021-01-20,2021012003023418,MSMBS,17,35,100,"1,154.00","115,400.00"
2021-01-20,2021012003023171,NABBC,35,52,"1,870",746.00,"1,395,020.00"
2021-01-20,2021012003023170,NABBC,50,52,20,746.00,"14,920.00"
2021-01-20,2021012003023169,NABBC,25,52,10,746.00,"7,460.00"
2021-01-20,2021012003023168,NABBC,40,52,20,746.00,"14,920.00"
2021-01-20,2021012003023167,NABBC,22,52,20,746.00,"14,920.00"
2021-01-20,2021012003023166,NABBC,41,52,10,746.00,"7,460.00"
2021-01-20,2021012003023165,NABBC,34,52,10,746.00,"7,460.00"
2021-01-20,2021012003023164,NABBC,6,52,40,746.00,"29,840.00"
2021-01-20,2021012003023587,NEF,45,45,100,11.05,"1,105.00"
2021-01-20,2021012003023289,NEF,44,48,"2,414",11.00,"26,554.00"
2021-01-20,2021012003023288,NEF,44,19,483,10.99,"5,308.17"
2021-01-20,2021012003023397,NICGF,19,56,800,11.21,"8,968.00"
2021-01-20,2021012003023274,NICGF,19,42,"1,000",11.20,"11,200.00"
2021-01-20,2021012003023241,NICGF,47,42,"4,000",11.20,"44,800.00"
2021-01-20,2021012003023240,NICGF,47,42,"5,000",11.20,"56,000.00"
2021-01-20,2021012003023509,NLBBL,57,14,500,"1,300.00","650,000.00"
2021-01-20,2021012003023323,NLBBL,44,40,50,"1,313.00","65,650.00"
2021-01-20,2021012003023610,NLIC,6,57,24,"2,885.00","69,240.00"
2021-01-20,2021012003023590,NLIC,56,36,120,"2,880.00","345,600.00"
2021-01-20,2021012003023543,NLIC,35,57,50,"2,885.00","144,250.00"
2021-01-20,2021012003023539,NLIC,57,45,90,"2,880.00","259,200.00"
2021-01-20,2021012003023531,NLIC,22,26,22,"2,885.00","63,470.00"
2021-01-20,2021012003023530,NLIC,22,35,55,"2,885.00","158,675.00"
2021-01-20,2021012003023199,NLIC,45,3,20,"2,885.00","57,700.00"
2021-01-20,2021012003023279,NLIC,1,3,71,"2,885.00","204,835.00"
2021-01-20,2021012003023269,NLIC,6,3,80,"2,885.00","230,800.00"
2021-01-20,2021012003023249,NLIC,26,3,50,"2,885.00","144,250.00"
2021-01-20,2021012003023242,NLIC,11,3,60,"2,885.00","173,100.00"
2021-01-20,2021012003023218,NLIC,22,3,18,"2,885.00","51,930.00"
2021-01-20,2021012003023200,NLIC,49,3,50,"2,885.00","144,250.00"
2021-01-20,2021012003023385,NLIC,13,40,21,"2,885.00","60,585.00"
2021-01-20,2021012003023384,NLIC,13,44,70,"2,884.00","201,880.00"
2021-01-20,2021012003023360,NLIC,32,14,100,"2,881.00","288,100.00"
2021-01-20,2021012003023301,NLIC,59,44,20,"2,884.00","57,680.00"
2021-01-20,2021012003023298,NLIC,35,44,10,"2,884.00","28,840.00"
2021-01-20,2021012003023280,NLIC,1,40,29,"2,885.00","83,665.00"
2021-01-20,2021012003023402,NLIC,49,50,11,"2,885.00","31,735.00"
2021-01-20,2021012003023390,NLIC,13,50,49,"2,885.00","141,365.00"
2021-01-20,2021012003023389,NLIC,13,14,50,"2,885.00","144,250.00"
2021-01-20,2021012003023388,NLIC,13,50,10,"2,885.00","28,850.00"
2021-01-20,2021012003023387,NLIC,13,56,100,"2,885.00","288,500.00"
2021-01-20,2021012003023386,NLIC,13,5,100,"2,885.00","288,500.00"
2021-01-20,2021012003023439,NLIC,45,33,10,"2,885.00","28,850.00"
2021-01-20,2021012003023423,NLIC,49,17,100,"2,881.00","288,100.00"
2021-01-20,2021012003023422,NLIC,50,17,99,"2,885.00","285,615.00"
2021-01-20,2021012003023417,NLIC,50,44,201,"2,885.00","579,885.00"
2021-01-20,2021012003023414,NLIC,45,44,10,"2,885.00","28,850.00"
2021-01-20,2021012003023403,NLIC,49,44,89,"2,885.00","256,765.00"
2021-01-20,2021012003023504,NLIC,26,1,50,"2,881.00","144,050.00"
2021-01-20,2021012003023503,NLIC,41,1,10,"2,885.00","28,850.00"
2021-01-20,2021012003023484,NLIC,55,28,285,"2,886.00","822,510.00"
2021-01-20,2021012003023483,NLIC,55,6,100,"2,886.00","288,600.00"
2021-01-20,2021012003023460,NLIC,41,3,100,"2,885.00","288,500.00"
2021-01-20,2021012003023459,NLIC,41,33,40,"2,885.00","115,400.00"
2021-01-20,2021012003023473,NLICL,25,6,80,"1,070.00","85,600.00"
2021-01-20,2021012003023472,NLICL,25,38,72,"1,070.00","77,040.00"
2021-01-20,2021012003023471,NLICL,25,14,100,"1,069.00","106,900.00"
2021-01-20,2021012003023470,NLICL,25,43,40,"1,069.00","42,760.00"
2021-01-20,2021012003023438,NLICL,33,49,50,"1,066.00","53,300.00"
2021-01-20,2021012003023437,NLICL,3,49,100,"1,066.00","106,600.00"
2021-01-20,2021012003023436,NLICL,59,49,200,"1,066.00","213,200.00"
2021-01-20,2021012003023435,NLICL,42,49,10,"1,067.00","10,670.00"
2021-01-20,2021012003023434,NMBMF,39,34,219,"1,160.00","254,040.00"
2021-01-20,2021012003023433,NMBMF,39,34,110,"1,160.00","127,600.00"
2021-01-20,2021012003023432,NMBMF,29,34,100,"1,161.00","116,100.00"
2021-01-20,2021012003023431,NMBMF,5,34,100,"1,161.00","116,100.00"
2021-01-20,2021012003023430,NMBMF,41,34,71,"1,161.00","82,431.00"
2021-01-20,2021012003023429,NMBMF,44,34,100,"1,164.00","116,400.00"
2021-01-20,2021012003023198,NMFBS,33,40,10,"2,499.00","24,990.00"
2021-01-20,2021012003023197,NMFBS,33,25,16,"2,490.00","39,840.00"
2021-01-20,2021012003023196,NMFBS,33,10,26,"2,490.00","64,740.00"
2021-01-20,2021012003023589,NRIC,59,16,100,"1,476.00","147,600.00"
2021-01-20,2021012003023577,NRIC,16,16,15,"1,476.00","22,140.00"
2021-01-20,2021012003023567,NRIC,47,16,30,"1,476.00","44,280.00"
2021-01-20,2021012003023550,NRIC,48,16,100,"1,476.00","147,600.00"
2021-01-20,2021012003023549,NRIC,7,16,10,"1,476.00","14,760.00"
2021-01-20,2021012003023548,NRIC,29,16,55,"1,476.00","81,180.00"
2021-01-20,2021012003023226,NRIC,56,45,10,"1,476.00","14,760.00"
2021-01-20,2021012003023223,NRIC,28,38,40,"1,475.00","59,000.00"
2021-01-20,2021012003023208,NRIC,57,45,20,"1,476.00","29,520.00"
2021-01-20,2021012003023193,NRIC,28,21,70,"1,475.00","103,250.00"
2021-01-20,2021012003023192,NRIC,38,21,100,"1,475.00","147,500.00"
2021-01-20,2021012003023191,NRIC,36,21,30,"1,475.00","44,250.00"
2021-01-20,2021012003023259,NRIC,51,32,90,"1,475.00","132,750.00"
2021-01-20,2021012003023258,NRIC,6,32,10,"1,475.00","14,750.00"
2021-01-20,2021012003023257,NRIC,13,32,100,"1,475.00","147,500.00"
2021-01-20,2021012003023256,NRIC,25,32,100,"1,475.00","147,500.00"
2021-01-20,2021012003023255,NRIC,33,32,50,"1,475.00","73,750.00"
2021-01-20,2021012003023254,NRIC,28,32,"1,390","1,475.00","2,050,250.00"
2021-01-20,2021012003023265,NRIC,51,32,10,"1,475.00","14,750.00"
2021-01-20,2021012003023264,NRIC,1,32,25,"1,475.00","36,875.00"
2021-01-20,2021012003023263,NRIC,51,32,40,"1,475.00","59,000.00"
2021-01-20,2021012003023262,NRIC,20,32,250,"1,475.00","368,750.00"
2021-01-20,2021012003023261,NRIC,20,32,250,"1,475.00","368,750.00"
2021-01-20,2021012003023260,NRIC,59,32,100,"1,475.00","147,500.00"
2021-01-20,2021012003023272,NRIC,32,50,60,"1,476.00","88,560.00"
2021-01-20,2021012003023271,NRIC,32,38,60,"1,476.00","88,560.00"
2021-01-20,2021012003023270,NRIC,32,45,180,"1,476.00","265,680.00"
2021-01-20,2021012003023268,NRIC,41,32,45,"1,475.00","66,375.00"
2021-01-20,2021012003023267,NRIC,41,32,20,"1,475.00","29,500.00"
2021-01-20,2021012003023266,NRIC,19,32,20,"1,475.00","29,500.00"
2021-01-20,2021012003023309,NRIC,44,22,290,"1,476.00","428,040.00"
2021-01-20,2021012003023307,NRIC,44,50,710,"1,476.00","1,047,960.00"
2021-01-20,2021012003023297,NRIC,1,34,125,"1,475.00","184,375.00"
2021-01-20,2021012003023296,NRIC,34,34,20,"1,475.00","29,500.00"
2021-01-20,2021012003023295,NRIC,41,34,155,"1,475.00","228,625.00"
2021-01-20,2021012003023290,NRIC,21,50,50,"1,476.00","73,800.00"
2021-01-20,2021012003023315,NRIC,49,22,10,"1,475.00","14,750.00"
2021-01-20,2021012003023314,NRIC,38,22,100,"1,475.00","147,500.00"
2021-01-20,2021012003023313,NRIC,20,22,10,"1,475.00","14,750.00"
2021-01-20,2021012003023312,NRIC,45,22,300,"1,475.00","442,500.00"
2021-01-20,2021012003023311,NRIC,42,22,20,"1,475.00","29,500.00"
2021-01-20,2021012003023310,NRIC,1,22,25,"1,475.00","36,875.00"
2021-01-20,2021012003023333,NRIC,17,32,65,"1,475.00","95,875.00"
2021-01-20,2021012003023332,NRIC,41,32,66,"1,475.00","97,350.00"
2021-01-20,2021012003023319,NRIC,41,22,134,"1,475.00","197,650.00"
2021-01-20,2021012003023318,NRIC,34,22,50,"1,475.00","73,750.00"
2021-01-20,2021012003023317,NRIC,34,22,200,"1,475.00","295,000.00"
2021-01-20,2021012003023316,NRIC,14,22,100,"1,475.00","147,500.00"
2021-01-20,2021012003023339,NRIC,19,32,15,"1,475.00","22,125.00"
2021-01-20,2021012003023338,NRIC,57,32,10,"1,475.00","14,750.00"
2021-01-20,2021012003023337,NRIC,19,32,20,"1,475.00","29,500.00"
2021-01-20,2021012003023336,NRIC,38,32,25,"1,475.00","36,875.00"
2021-01-20,2021012003023335,NRIC,55,32,50,"1,475.00","73,750.00"
2021-01-20,2021012003023334,NRIC,11,32,100,"1,475.00","147,500.00"
2021-01-20,2021012003023405,NRIC,29,38,100,"1,476.00","147,600.00"
2021-01-20,2021012003023373,NRIC,45,52,431,"1,477.00","636,587.00"
2021-01-20,2021012003023372,NRIC,45,45,40,"1,476.00","59,040.00"
2021-01-20,2021012003023371,NRIC,45,32,29,"1,475.00","42,775.00"
2021-01-20,2021012003023341,NRIC,37,32,20,"1,475.00","29,500.00"
2021-01-20,2021012003023340,NRIC,50,32,100,"1,475.00","147,500.00"
2021-01-20,2021012003023523,NRIC,10,41,50,"1,477.00","73,850.00"
2021-01-20,2021012003023522,NRIC,10,52,194,"1,477.00","286,538.00"
2021-01-20,2021012003023485,NRIC,29,25,150,"1,476.00","221,400.00"
2021-01-20,2021012003023445,NRIC,29,28,200,"1,476.00","295,200.00"
2021-01-20,2021012003023440,NRIC,29,57,200,"1,476.00","295,200.00"
2021-01-20,2021012003023411,NRIC,49,52,60,"1,477.00","88,620.00"
2021-01-20,2021012003023547,NRIC,37,16,300,"1,476.00","442,800.00"
2021-01-20,2021012003023546,NRIC,19,16,30,"1,476.00","44,280.00"
2021-01-20,2021012003023545,NRIC,29,16,350,"1,476.00","516,600.00"
2021-01-20,2021012003023526,NRIC,10,33,96,"1,477.00","141,792.00"
2021-01-20,2021012003023525,NRIC,10,32,60,"1,477.00","88,620.00"
2021-01-20,2021012003023524,NRIC,10,39,100,"1,477.00","147,700.00"
2021-01-20,2021012003023538,NRN,49,17,10,363.00,"3,630.00"
2021-01-20,2021012003023490,NRN,38,49,500,364.00,"182,000.00"
2021-01-20,2021012003023443,NRN,49,42,10,363.00,"3,630.00"
2021-01-20,2021012003023275,NRN,49,38,10,363.00,"3,630.00"
2021-01-20,2021012003023232,NRN,49,38,110,363.00,"39,930.00"
2021-01-20,2021012003023641,NTC,40,8,65,"1,332.00","86,580.00"
2021-01-20,2021012003023640,NTC,7,8,310,"1,332.00","412,920.00"
2021-01-20,2021012003023639,NTC,37,8,"1,000","1,333.00","1,333,000.00"
2021-01-20,2021012003023638,NTC,41,8,20,"1,333.00","26,660.00"
2021-01-20,2021012003023637,NTC,36,8,85,"1,333.00","113,305.00"
2021-01-20,2021012003023636,NTC,38,8,100,"1,333.00","133,300.00"
2021-01-20,2021012003023404,NTC,38,26,500,"1,337.00","668,500.00"
2021-01-20,2021012003023395,NTC,41,26,150,"1,337.00","200,550.00"
2021-01-20,2021012003023374,NTC,1,26,50,"1,337.00","66,850.00"
2021-01-20,2021012003023322,NTC,40,29,20,"1,335.00","26,700.00"
2021-01-20,2021012003023321,NTC,42,29,30,"1,335.00","40,050.00"
2021-01-20,2021012003023225,NTC,33,26,150,"1,337.00","200,550.00"
2021-01-20,2021012003023623,NTC,21,8,30,"1,335.00","40,050.00"
2021-01-20,2021012003023622,NTC,48,8,20,"1,335.00","26,700.00"
2021-01-20,2021012003023621,NTC,40,8,80,"1,335.00","106,800.00"
2021-01-20,2021012003023620,NTC,38,8,100,"1,336.00","133,600.00"
2021-01-20,2021012003023597,NTC,20,26,50,"1,337.00","66,850.00"
2021-01-20,2021012003023441,NTC,32,26,100,"1,337.00","133,700.00"
2021-01-20,2021012003023629,NTC,16,8,200,"1,334.00","266,800.00"
2021-01-20,2021012003023628,NTC,39,8,40,"1,334.00","53,360.00"
2021-01-20,2021012003023627,NTC,48,8,100,"1,335.00","133,500.00"
2021-01-20,2021012003023626,NTC,45,8,10,"1,335.00","13,350.00"
2021-01-20,2021012003023625,NTC,26,8,50,"1,335.00","66,750.00"
2021-01-20,2021012003023624,NTC,57,8,50,"1,335.00","66,750.00"
2021-01-20,2021012003023635,NTC,38,8,30,"1,334.00","40,020.00"
2021-01-20,2021012003023634,NTC,38,8,500,"1,334.00","667,000.00"
2021-01-20,2021012003023633,NTC,58,8,100,"1,334.00","133,400.00"
2021-01-20,2021012003023632,NTC,35,8,10,"1,334.00","13,340.00"
2021-01-20,2021012003023631,NTC,45,8,50,"1,334.00","66,700.00"
2021-01-20,2021012003023630,NTC,33,8,50,"1,334.00","66,700.00"
2021-01-20,2021012003023617,NUBL,34,11,10,"1,500.00","15,000.00"
2021-01-20,2021012003023174,NUBL,16,11,100,"1,500.00","150,000.00"
2021-01-20,2021012003023508,OHL,49,10,10,489.00,"4,890.00"
2021-01-20,2021012003023595,PFL,13,40,84,227.00,"19,068.00"
2021-01-20,2021012003023594,PFL,13,41,16,227.00,"3,632.00"
2021-01-20,2021012003023515,PFL,44,41,20,227.00,"4,540.00"
2021-01-20,2021012003023507,PFL,33,1,92,226.00,"20,792.00"
2021-01-20,2021012003023461,PFL,33,39,56,226.00,"12,656.00"
2021-01-20,2021012003023454,PFL,33,42,110,226.00,"24,860.00"
2021-01-20,2021012003023453,PFL,44,42,99,226.00,"22,374.00"
2021-01-20,2021012004000021,PLI,34,4,10,394.00,"3,940.00"
2021-01-20,2021012004000020,PLI,34,17,10,394.00,"3,940.00"
2021-01-20,2021012004000019,PLI,34,51,10,394.00,"3,940.00"
2021-01-20,2021012004000018,PLI,34,42,10,394.00,"3,940.00"
2021-01-20,2021012004000017,PLI,34,42,10,394.00,"3,940.00"
2021-01-20,2021012004000016,PLI,34,37,10,394.00,"3,940.00"
2021-01-20,2021012004000003,PLI,14,40,10,380.00,"3,800.00"
2021-01-20,2021012004000002,PLI,39,48,10,373.00,"3,730.00"
2021-01-20,2021012004000001,PLI,17,7,10,366.00,"3,660.00"
2021-01-20,2021012004000009,PLI,34,42,10,394.00,"3,940.00"
2021-01-20,2021012004000008,PLI,34,17,10,394.00,"3,940.00"
2021-01-20,2021012004000007,PLI,34,7,10,394.00,"3,940.00"
2021-01-20,2021012004000006,PLI,34,41,10,394.00,"3,940.00"
2021-01-20,2021012004000005,PLI,34,34,10,394.00,"3,940.00"
2021-01-20,2021012004000004,PLI,14,42,10,387.00,"3,870.00"
2021-01-20,2021012004000015,PLI,34,37,10,394.00,"3,940.00"
2021-01-20,2021012004000014,PLI,34,37,10,394.00,"3,940.00"
2021-01-20,2021012004000013,PLI,34,19,10,394.00,"3,940.00"
2021-01-20,2021012004000012,PLI,34,40,10,394.00,"3,940.00"
2021-01-20,2021012004000011,PLI,34,17,10,394.00,"3,940.00"
2021-01-20,2021012004000010,PLI,34,21,10,394.00,"3,940.00"
2021-01-20,2021012003023494,PLIC,54,41,47,825.00,"38,775.00"
2021-01-20,2021012003023493,PLIC,54,46,15,825.00,"12,375.00"
2021-01-20,2021012003023492,PLIC,54,38,374,818.00,"305,932.00"
2021-01-20,2021012003023619,PROFL,39,32,"1,000",180.00,"180,000.00"
2021-01-20,2021012003023614,PROFL,32,32,100,180.00,"18,000.00"
2021-01-20,2021012003023569,PROFL,45,32,250,180.00,"45,000.00"
2021-01-20,2021012003023324,PROFL,21,32,20,180.00,"3,600.00"
2021-01-20,2021012003023489,RLFL,55,11,305,217.00,"66,185.00"
2021-01-20,2021012003023488,RLFL,45,11,100,217.00,"21,700.00"
2021-01-20,2021012003023487,RLFL,56,11,95,217.00,"20,615.00"
2021-01-20,2021012003023565,RLI,32,42,10,629.00,"6,290.00"
2021-01-20,2021012003023564,RLI,32,52,80,629.00,"50,320.00"
2021-01-20,2021012003023519,RLI,13,52,50,629.00,"31,450.00"
2021-01-20,2021012003023464,RLI,33,40,10,628.00,"6,280.00"
2021-01-20,2021012003023424,RLI,33,14,50,628.00,"31,400.00"
2021-01-20,2021012003023331,RLI,33,38,10,628.00,"6,280.00"
2021-01-20,2021012003023299,RLI,33,26,10,628.00,"6,280.00"
2021-01-20,2021012003023234,RLI,39,25,10,628.00,"6,280.00"
2021-01-20,2021012003023611,RMDC,32,53,50,"1,159.00","57,950.00"
2021-01-20,2021012003023428,RMDC,33,25,924,"1,148.00","1,060,752.00"
2021-01-20,2021012003023427,RMDC,43,25,10,"1,150.00","11,500.00"
2021-01-20,2021012003023426,RMDC,28,25,66,"1,150.00","75,900.00"
2021-01-20,2021012003023415,RSDC,57,45,54,679.00,"36,666.00"
2021-01-20,2021012003023214,RSDC,41,22,182,679.00,"123,578.00"
2021-01-20,2021012003023229,SABSL,42,46,172,"1,280.00","220,160.00"
2021-01-20,2021012003023228,SABSL,16,46,58,"1,281.00","74,298.00"
2021-01-20,2021012003023227,SABSL,29,46,40,"1,282.00","51,280.00"
2021-01-20,2021012003023613,SADBL,17,28,14,215.00,"3,010.00"
2021-01-20,2021012003023612,SADBL,36,28,86,215.00,"18,490.00"
2021-01-20,2021012003023305,SADBL,25,10,20,216.00,"4,320.00"
2021-01-20,2021012003023231,SADBL,36,10,"2,000",216.00,"432,000.00"
2021-01-20,2021012003023425,SAPDBL,57,45,500,189.00,"94,500.00"
2021-01-20,2021012003023514,SDLBSL,6,33,20,"1,225.00","24,500.00"
2021-01-20,2021012003023400,SDLBSL,6,32,10,"1,241.00","12,410.00"
2021-01-20,2021012003023399,SDLBSL,6,43,20,"1,240.00","24,800.00"
2021-01-20,2021012003023398,SDLBSL,6,6,50,"1,230.00","61,500.00"
2021-01-20,2021012003023559,SFCL,41,50,200,184.00,"36,800.00"
2021-01-20,2021012003023558,SFCL,22,56,300,185.00,"55,500.00"
2021-01-20,2021012003023204,SHL,14,39,100,205.00,"20,500.00"
2021-01-20,2021012003023542,SKBBL,38,14,50,"1,715.00","85,750.00"
2021-01-20,2021012003023544,SLBBL,11,1,50,"1,281.00","64,050.00"
2021-01-20,2021012003023281,SLBBL,16,1,100,"1,281.00","128,100.00"
2021-01-20,2021012003023615,SLBS,56,14,50,"1,509.00","75,450.00"
2021-01-20,2021012003023501,SLBS,56,45,100,"1,507.00","150,700.00"
2021-01-20,2021012003023500,SLBS,56,6,10,"1,507.00","15,070.00"
2021-01-20,2021012003023499,SLBS,56,28,50,"1,507.00","75,350.00"
2021-01-20,2021012003023498,SLBS,56,8,13,"1,505.00","19,565.00"
2021-01-20,2021012003023497,SLBS,56,50,30,"1,505.00","45,150.00"
2021-01-20,2021012003023496,SLBS,56,57,100,"1,503.00","150,300.00"
2021-01-20,2021012003023495,SLBS,56,42,29,"1,500.00","43,500.00"
2021-01-20,2021012003023570,SLBSL,22,50,20,"1,294.00","25,880.00"
2021-01-20,2021012003023375,SLBSL,22,22,13,"1,285.00","16,705.00"
2021-01-20,2021012003023215,SLBSL,3,45,13,"1,274.00","16,562.00"
2021-01-20,2021012003023330,SLICL,26,36,200,820.00,"164,000.00"
2021-01-20,2021012003023329,SLICL,26,52,10,820.00,"8,200.00"
2021-01-20,2021012003023328,SLICL,26,7,733,820.00,"601,060.00"
2021-01-20,2021012003023327,SLICL,26,38,100,820.00,"82,000.00"
2021-01-20,2021012003023326,SLICL,26,32,300,820.00,"246,000.00"
2021-01-20,2021012003023325,SLICL,26,25,366,820.00,"300,120.00"
2021-01-20,2021012003023207,SLICL,26,56,100,819.00,"81,900.00"
2021-01-20,2021012003023206,SLICL,26,48,496,819.00,"406,224.00"
2021-01-20,2021012003023205,SLICL,26,26,"1,000",818.00,"818,000.00"
2021-01-20,2021012003023194,SLICL,58,6,100,817.00,"81,700.00"
2021-01-20,2021012003023188,SLICL,58,49,47,817.00,"38,399.00"
2021-01-20,2021012003023187,SLICL,58,32,714,817.00,"583,338.00"
2021-01-20,2021012003023557,SMB,25,57,78,"1,380.00","107,640.00"
2021-01-20,2021012003023556,SMB,34,57,10,"1,389.00","13,890.00"
2021-01-20,2021012003023308,SMB,34,58,10,"1,390.00","13,900.00"
2021-01-20,2021012003023233,SMFDB,54,35,50,"1,116.00","55,800.00"
2021-01-20,2021012003023224,SNLB,34,21,20,"1,189.00","23,780.00"
2021-01-20,2021012003023412,STC,56,41,10,"8,180.00","81,800.00"
2021-01-20,2021012003023195,STC,28,41,30,"8,050.00","241,500.00"
2021-01-20,2021012003023505,SWBBL,34,42,10,"1,918.00","19,180.00"
2021-01-20,2021012003023575,USLB,28,57,217,"1,590.00","345,030.00"
2021-01-20,2021012003023574,USLB,46,57,70,"1,590.00","111,300.00"
2021-01-20,2021012003023573,USLB,44,57,13,"1,590.00","20,670.00"
2021-01-20,2021012003023572,USLB,42,57,100,"1,591.00","159,100.00"
2021-01-20,2021012003023486,USLB,32,58,10,"1,598.00","15,980.00"
2021-01-20,2021012003023247,VLBS,14,22,20,"1,247.00","24,940.00"
2021-01-20,2021012003023246,VLBS,14,33,20,"1,245.00","24,900.00"
2021-01-20,2021012003023245,VLBS,14,45,120,"1,245.00","149,400.00"
2021-01-20,2021012003023244,VLBS,14,40,100,"1,245.00","124,500.00"
2021-01-20,2021012003023243,VLBS,14,34,200,"1,244.00","248,800.00"
2021-01-20,2021012003023177,VLBS,21,32,100,"1,243.00","124,300.00"
2021-01-20,2021012003023176,VLBS,21,22,10,"1,243.00","12,430.00"
2021-01-20,2021012003023175,VLBS,21,29,14,"1,242.00","17,388.00"
2021-01-20,2021012003022838,ACLBSL,36,26,10,"1,332.00","13,320.00"
2021-01-20,2021012003022804,ACLBSL,36,7,10,"1,332.00","13,320.00"
2021-01-20,2021012003022803,ACLBSL,36,37,10,"1,330.00","13,300.00"
2021-01-20,2021012003022739,ACLBSL,53,45,100,"1,330.00","133,000.00"
2021-01-20,2021012003022738,ACLBSL,57,45,25,"1,331.00","33,275.00"
2021-01-20,2021012003022737,ACLBSL,33,45,300,"1,331.00","399,300.00"
2021-01-20,2021012003022736,ACLBSL,16,45,20,"1,331.00","26,620.00"
2021-01-20,2021012003022735,ACLBSL,50,45,150,"1,332.00","199,800.00"
2021-01-20,2021012003022715,ACLBSL,16,38,10,"1,331.00","13,310.00"
2021-01-20,2021012003022702,ACLBSL,16,7,10,"1,331.00","13,310.00"
2021-01-20,2021012003022700,ALBSL,38,45,11,"1,305.00","14,355.00"
2021-01-20,2021012003022697,ALBSL,3,47,11,"1,315.00","14,465.00"
2021-01-20,2021012003023083,ALICL,40,38,68,"1,100.00","74,800.00"
2021-01-20,2021012003023072,ALICL,16,38,100,"1,100.00","110,000.00"
2021-01-20,2021012003022896,ALICL,54,4,900,"1,104.00","993,600.00"
2021-01-20,2021012003022895,ALICL,54,20,"1,000","1,103.00","1,103,000.00"
2021-01-20,2021012003022894,ALICL,54,16,100,"1,102.00","110,200.00"
2021-01-20,2021012003022904,BFC,32,45,100,177.00,"17,700.00"
2021-01-20,2021012003023128,CBBL,16,39,34,"1,360.00","46,240.00"
2021-01-20,2021012003022972,CBBL,16,38,100,"1,360.00","136,000.00"
2021-01-20,2021012003022971,CBBL,16,55,500,"1,360.00","680,000.00"
2021-01-20,2021012003022970,CBBL,16,49,50,"1,360.00","68,000.00"
2021-01-20,2021012003022969,CBBL,16,50,"1,610","1,360.00","2,189,600.00"
2021-01-20,2021012003022960,CBBL,44,50,75,"1,360.00","102,000.00"
2021-01-20,2021012003022730,CBBL,26,50,50,"1,360.00","68,000.00"
2021-01-20,2021012003023154,CFCL,50,25,18,218.00,"3,924.00"
2021-01-20,2021012003023153,CFCL,49,25,32,218.00,"6,976.00"
2021-01-20,2021012003023156,CIT,52,38,100,"3,457.00","345,700.00"
2021-01-20,2021012003023071,CIT,52,44,140,"3,457.00","483,980.00"
2021-01-20,2021012003023070,CIT,57,44,10,"3,458.00","34,580.00"
2021-01-20,2021012003023040,CIT,52,3,50,"3,457.00","172,850.00"
2021-01-20,2021012003022937,CIT,52,45,90,"3,457.00","311,130.00"
2021-01-20,2021012003022936,CIT,45,45,10,"3,458.00","34,580.00"
2021-01-20,2021012003022851,CIT,52,45,40,"3,457.00","138,280.00"
2021-01-20,2021012003022756,CIT,52,5,100,"3,457.00","345,700.00"
2021-01-20,2021012003022732,CIT,52,38,10,"3,457.00","34,570.00"
2021-01-20,2021012003022690,CIT,52,14,50,"3,457.00","172,850.00"
2021-01-20,2021012003022673,CIT,52,3,280,"3,457.00","967,960.00"
2021-01-20,2021012003023078,CLBSL,47,45,50,"1,001.00","50,050.00"
2021-01-20,2021012003022826,CLBSL,25,34,10,"1,005.00","10,050.00"
2021-01-20,2021012003022773,CLBSL,22,25,23,"1,000.00","23,000.00"
2021-01-20,2021012003023161,CMF1,43,25,100,10.20,"1,020.00"
2021-01-20,2021012003023109,CMF1,43,29,500,10.12,"5,060.00"
2021-01-20,2021012003023052,CMF1,43,46,500,10.08,"5,040.00"
2021-01-20,2021012003023051,CMF1,43,17,"1,000",10.08,"10,080.00"
2021-01-20,2021012003022809,CMF1,43,45,805,10.05,"8,090.25"
2021-01-20,2021012003022679,CMF1,43,32,"12,680",9.97,"126,419.60"
2021-01-20,2021012003023086,DDBL,3,54,20,"1,656.00","33,120.00"
2021-01-20,2021012003023085,DDBL,50,54,50,"1,656.00","82,800.00"
2021-01-20,2021012003023084,DDBL,28,54,10,"1,656.00","16,560.00"
2021-01-20,2021012003022684,DDBL,28,43,90,"1,656.00","149,040.00"
2021-01-20,2021012003022683,DDBL,17,43,20,"1,656.00","33,120.00"
2021-01-20,2021012003023079,EDBL,14,38,20,396.00,"7,920.00"
2021-01-20,2021012003022857,EDBL,50,8,125,399.00,"49,875.00"
2021-01-20,2021012003022680,EDBL,1,8,50,399.00,"19,950.00"
2021-01-20,2021012003023015,FMDBL,36,37,90,675.00,"60,750.00"
2021-01-20,2021012003023014,FMDBL,39,37,10,679.00,"6,790.00"
2021-01-20,2021012003022939,FMDBL,39,21,300,679.00,"203,700.00"
2021-01-20,2021012003022938,FMDBL,39,55,190,677.00,"128,630.00"
2021-01-20,2021012003022834,FMDBL,36,50,200,675.00,"135,000.00"
2021-01-20,2021012003022829,FMDBL,36,57,67,675.00,"45,225.00"
2021-01-20,2021012003022828,FMDBL,49,57,935,675.00,"631,125.00"
2021-01-20,2021012003022742,FMDBL,57,34,10,677.00,"6,770.00"
2021-01-20,2021012003022709,FMDBL,4,34,10,677.00,"6,770.00"
2021-01-20,2021012003022868,FOWAD,13,55,20,"2,667.00","53,340.00"
2021-01-20,2021012003023112,GBBL,7,25,500,358.00,"179,000.00"
2021-01-20,2021012003023091,GBBL,43,26,200,359.00,"71,800.00"
2021-01-20,2021012003022869,GBBL,45,26,230,359.00,"82,570.00"
2021-01-20,2021012003022713,GBBL,7,13,400,358.00,"143,200.00"
2021-01-20,2021012003022893,GBLBS,16,56,100,673.00,"67,300.00"
2021-01-20,2021012003022892,GBLBS,16,34,20,673.00,"13,460.00"
2021-01-20,2021012003022891,GBLBS,16,22,20,673.00,"13,460.00"
2021-01-20,2021012003022890,GBLBS,16,17,300,673.00,"201,900.00"
2021-01-20,2021012003022889,GBLBS,16,44,15,671.00,"10,065.00"
2021-01-20,2021012003022831,GBLBS,16,25,15,671.00,"10,065.00"
2021-01-20,2021012003022784,GBLBS,48,17,700,673.00,"471,100.00"
2021-01-20,2021012003022725,GBLBS,16,29,30,671.00,"20,130.00"
2021-01-20,2021012003022724,GBLBS,14,29,70,672.00,"47,040.00"
2021-01-20,2021012003023060,GFCL,52,21,100,249.00,"24,900.00"
2021-01-20,2021012003022861,GFCL,41,39,90,248.00,"22,320.00"
2021-01-20,2021012003022792,GFCL,39,21,100,250.00,"25,000.00"
2021-01-20,2021012003023157,GLICL,29,26,120,679.00,"81,480.00"
2021-01-20,2021012003023114,GLICL,28,26,80,679.00,"54,320.00"
2021-01-20,2021012003023113,GLICL,28,49,120,679.00,"81,480.00"
2021-01-20,2021012003023110,GLICL,36,49,30,679.00,"20,370.00"
2021-01-20,2021012003022981,GLICL,33,49,50,679.00,"33,950.00"
2021-01-20,2021012003022729,GLICL,54,39,56,680.00,"38,080.00"
2021-01-20,2021012003022728,GLICL,54,32,53,680.00,"36,040.00"
2021-01-20,2021012003022727,GLICL,54,42,191,679.00,"129,689.00"
2021-01-20,2021012003022726,GLICL,20,42,77,679.00,"52,283.00"
2021-01-20,2021012003022699,GLICL,20,33,100,679.00,"67,900.00"
2021-01-20,2021012003022670,GLICL,20,1,23,679.00,"15,617.00"
2021-01-20,2021012003023026,GMFBS,26,32,10,"1,428.00","14,280.00"
2021-01-20,2021012003023009,GMFBS,5,32,10,"1,428.00","14,280.00"
2021-01-20,2021012003022957,GMFBS,42,26,93,"1,400.00","130,200.00"
2021-01-20,2021012003022956,GMFBS,42,26,250,"1,400.00","350,000.00"
2021-01-20,2021012003022955,GMFBS,42,26,127,"1,400.00","177,800.00"
2021-01-20,2021012003022840,GMFBS,5,42,10,"1,412.00","14,120.00"
2021-01-20,2021012003023129,GMFIL,17,32,100,224.00,"22,400.00"
2021-01-20,2021012003022858,GRDBL,20,25,50,189.00,"9,450.00"
2021-01-20,2021012003022787,GRDBL,20,52,50,189.00,"9,450.00"
2021-01-20,2021012003023048,GUFL,1,13,67,374.00,"25,058.00"
2021-01-20,2021012003023032,GUFL,1,52,13,374.00,"4,862.00"
2021-01-20,2021012003022985,GUFL,1,33,200,374.00,"74,800.00"
2021-01-20,2021012003022984,GUFL,1,28,500,374.00,"187,000.00"
2021-01-20,2021012003022983,GUFL,1,34,220,374.00,"82,280.00"
2021-01-20,2021012003022777,GUFL,45,34,30,374.00,"11,220.00"
2021-01-20,2021012003022743,GUFL,33,34,200,374.00,"74,800.00"
2021-01-20,2021012003023108,HIDCL,29,59,100,326.00,"32,600.00"
2021-01-20,2021012003023080,HIDCL,41,59,65,326.00,"21,190.00"
2021-01-20,2021012003023077,HIDCL,33,4,277,325.00,"90,025.00"
2021-01-20,2021012003023076,HIDCL,34,4,240,325.00,"78,000.00"
2021-01-20,2021012003023075,HIDCL,32,4,200,325.00,"65,000.00"
2021-01-20,2021012003023074,HIDCL,57,4,200,325.00,"65,000.00"
2021-01-20,2021012003022688,HIDCL,35,41,50,326.00,"16,300.00"
2021-01-20,2021012003022687,HIDCL,13,41,30,326.00,"9,780.00"
2021-01-20,2021012003022686,HIDCL,22,41,40,326.00,"13,040.00"
2021-01-20,2021012003023034,HIDCL,59,55,73,325.00,"23,725.00"
2021-01-20,2021012003022908,HIDCL,59,25,61,325.00,"19,825.00"
2021-01-20,2021012003022873,HIDCL,52,59,50,326.00,"16,300.00"
2021-01-20,2021012003022872,HIDCL,41,59,220,326.00,"71,720.00"
2021-01-20,2021012003022806,HIDCL,41,41,780,326.00,"254,280.00"
2021-01-20,2021012003022689,HIDCL,21,41,100,326.00,"32,600.00"
2021-01-20,2021012003023073,HIDCL,59,4,83,325.00,"26,975.00"
2021-01-20,2021012003023039,HIDCL,59,55,17,325.00,"5,525.00"
2021-01-20,2021012003023038,HIDCL,59,55,100,325.00,"32,500.00"
2021-01-20,2021012003023037,HIDCL,35,55,250,325.00,"81,250.00"
2021-01-20,2021012003023036,HIDCL,14,55,10,325.00,"3,250.00"
2021-01-20,2021012003023035,HIDCL,26,55,50,325.00,"16,250.00"
2021-01-20,2021012003023100,ICFC,32,25,100,315.00,"31,500.00"
2021-01-20,2021012003023099,ICFC,32,16,490,315.00,"154,350.00"
2021-01-20,2021012003023098,ICFC,32,36,600,314.00,"188,400.00"
2021-01-20,2021012003022749,ICFC,34,42,100,312.00,"31,200.00"
2021-01-20,2021012003022734,ICFC,32,16,10,315.00,"3,150.00"
2021-01-20,2021012003022733,ICFC,32,41,233,313.00,"72,929.00"
2021-01-20,2021012003023042,ILBS,46,45,11,"1,398.00","15,378.00"
2021-01-20,2021012003023020,ILBS,39,57,134,"1,399.00","187,466.00"
2021-01-20,2021012003023019,ILBS,39,57,11,"1,399.00","15,389.00"
2021-01-20,2021012003023018,ILBS,39,21,55,"1,399.00","76,945.00"
2021-01-20,2021012003023013,ILBS,46,14,90,"1,398.00","125,820.00"
2021-01-20,2021012003022744,ILBS,21,14,627,"1,396.00","875,292.00"
2021-01-20,2021012003022759,JBBL,34,41,10,225.00,"2,250.00"
2021-01-20,2021012003022701,JBBL,34,42,16,224.00,"3,584.00"
2021-01-20,2021012003022698,JBBL,50,14,80,224.00,"17,920.00"
2021-01-20,2021012003022681,JFL,4,54,100,295.00,"29,500.00"
2021-01-20,2021012003023138,JSLBB,4,22,30,"2,430.00","72,900.00"
2021-01-20,2021012003023137,JSLBB,4,59,20,"2,430.00","48,600.00"
2021-01-20,2021012003023136,JSLBB,4,42,27,"2,430.00","65,610.00"
2021-01-20,2021012003023135,JSLBB,4,42,10,"2,430.00","24,300.00"
2021-01-20,2021012003023134,JSLBB,4,43,10,"2,425.00","24,250.00"
2021-01-20,2021012003023133,JSLBB,4,56,25,"2,425.00","60,625.00"
2021-01-20,2021012003023132,JSLBB,4,7,58,"2,423.00","140,534.00"
2021-01-20,2021012003023131,JSLBB,4,4,20,"2,420.00","48,400.00"
2021-01-20,2021012003022754,KMCDB,25,54,10,"1,248.00","12,480.00"
2021-01-20,2021012003022753,KMCDB,25,29,90,"1,240.00","111,600.00"
2021-01-20,2021012003023095,KSBBL,21,21,85,276.00,"23,460.00"
2021-01-20,2021012003023094,KSBBL,21,55,100,276.00,"27,600.00"
2021-01-20,2021012003023093,KSBBL,21,29,875,276.00,"241,500.00"
2021-01-20,2021012003023059,KSBBL,59,34,60,275.00,"16,500.00"
2021-01-20,2021012003023058,KSBBL,13,34,300,275.00,"82,500.00"
2021-01-20,2021012003023056,KSBBL,13,29,200,276.00,"55,200.00"
2021-01-20,2021012003022867,KSBBL,42,34,70,276.00,"19,320.00"
2021-01-20,2021012003022866,KSBBL,44,34,500,276.00,"138,000.00"
2021-01-20,2021012003022674,KSBBL,33,20,99,276.00,"27,324.00"
2021-01-20,2021012003023055,KSBBL,19,29,100,276.00,"27,600.00"
2021-01-20,2021012003023043,KSBBL,6,29,100,276.00,"27,600.00"
2021-01-20,2021012003023021,KSBBL,29,29,500,276.00,"138,000.00"
2021-01-20,2021012003023008,KSBBL,41,29,100,276.00,"27,600.00"
2021-01-20,2021012003023007,KSBBL,55,29,45,276.00,"12,420.00"
2021-01-20,2021012003023006,KSBBL,42,29,80,276.00,"22,080.00"
2021-01-20,2021012003023081,LBBL,26,49,200,240.00,"48,000.00"
2021-01-20,2021012003022941,LBBL,33,5,"1,200",239.00,"286,800.00"
2021-01-20,2021012003022925,LICN,17,37,50,"2,381.00","119,050.00"
2021-01-20,2021012003022781,LICN,14,58,10,"2,400.00","24,000.00"
2021-01-20,2021012003022780,LICN,14,25,190,"2,399.00","455,810.00"
2021-01-20,2021012003022779,LICN,14,14,10,"2,397.00","23,970.00"
2021-01-20,2021012003022778,LICN,14,50,90,"2,397.00","215,730.00"
2021-01-20,2021012003022740,LICN,16,4,"1,000","2,390.00","2,390,000.00"
2021-01-20,2021012003023005,MDB,47,53,450,358.00,"161,100.00"
2021-01-20,2021012003023142,MERO,54,52,35,"1,020.00","35,700.00"
2021-01-20,2021012003023141,MERO,54,19,139,"1,019.00","141,641.00"
2021-01-20,2021012003023140,MERO,54,20,40,"1,018.00","40,720.00"
2021-01-20,2021012003023139,MERO,54,38,20,"1,018.00","20,360.00"
2021-01-20,2021012003023096,MERO,46,14,10,"1,014.00","10,140.00"
2021-01-20,2021012003023127,MFIL,25,47,169,430.00,"72,670.00"
2021-01-20,2021012003023126,MFIL,25,38,366,429.00,"157,014.00"
2021-01-20,2021012003023125,MFIL,25,33,500,429.00,"214,500.00"
2021-01-20,2021012003023124,MFIL,25,58,53,428.00,"22,684.00"
2021-01-20,2021012003023123,MFIL,25,13,"1,000",427.00,"427,000.00"
2021-01-20,2021012003023122,MFIL,25,49,500,426.00,"213,000.00"
2021-01-20,2021012003023049,MFIL,29,49,500,426.00,"213,000.00"
2021-01-20,2021012003022827,MFIL,25,59,200,425.00,"85,000.00"
2021-01-20,2021012003022819,MFIL,25,45,12,425.00,"5,100.00"
2021-01-20,2021012003023158,MLBL,6,35,10,283.00,"2,830.00"
2021-01-20,2021012003022676,MLBL,41,44,100,283.00,"28,300.00"
2021-01-20,2021012003022905,MLBL,6,44,610,283.00,"172,630.00"
2021-01-20,2021012003022854,MLBL,34,44,10,283.00,"2,830.00"
2021-01-20,2021012003022776,MLBL,34,44,20,283.00,"5,660.00"
2021-01-20,2021012003022760,MLBL,50,44,200,283.00,"56,600.00"
2021-01-20,2021012003022747,MLBL,55,44,300,283.00,"84,900.00"
2021-01-20,2021012003022731,MLBL,34,44,21,283.00,"5,943.00"
2021-01-20,2021012003023027,MMFDB,59,25,50,"1,337.00","66,850.00"
2021-01-20,2021012003022865,MNBBL,29,13,50,386.00,"19,300.00"
2021-01-20,2021012003022808,MNBBL,35,57,"1,300",385.00,"500,500.00"
2021-01-20,2021012003022795,MNBBL,35,59,440,385.00,"169,400.00"
2021-01-20,2021012003022794,MNBBL,54,59,360,385.00,"138,600.00"
2021-01-20,2021012003022664,MNBBL,6,13,10,386.00,"3,860.00"
2021-01-20,2021012003022663,MNBBL,52,13,153,386.00,"59,058.00"
2021-01-20,2021012003023047,MPFL,37,52,200,182.00,"36,400.00"
2021-01-20,2021012003022669,MPFL,41,1,200,182.00,"36,400.00"
2021-01-20,2021012003022720,MSLB,39,7,21,"1,883.00","39,543.00"
2021-01-20,2021012003022719,MSLB,39,39,31,"1,880.00","58,280.00"
2021-01-20,2021012003022718,MSLB,39,5,20,"1,870.00","37,400.00"
2021-01-20,2021012003022717,MSLB,39,8,10,"1,860.00","18,600.00"
2021-01-20,2021012003023160,MSMBS,19,35,10,"1,155.00","11,550.00"
2021-01-20,2021012003023159,MSMBS,44,35,151,"1,155.00","174,405.00"
2021-01-20,2021012003023144,MSMBS,44,48,13,"1,155.00","15,015.00"
2021-01-20,2021012003023069,MSMBS,44,49,11,"1,155.00","12,705.00"
2021-01-20,2021012003022837,MSMBS,59,35,35,"1,155.00","40,425.00"
2021-01-20,2021012003022836,MSMBS,42,35,260,"1,155.00","300,300.00"
2021-01-20,2021012003022835,MSMBS,22,35,258,"1,155.00","297,990.00"
2021-01-20,2021012003023050,NEF,53,25,"2,414",10.95,"26,433.30"
2021-01-20,2021012003022959,NICGF,19,38,"1,000",11.20,"11,200.00"
2021-01-20,2021012003023010,NLBBL,43,40,300,"1,301.00","390,300.00"
2021-01-20,2021012003022958,NLBBL,43,21,200,"1,301.00","260,200.00"
2021-01-20,2021012003023155,NLIC,16,3,100,"2,885.00","288,500.00"
2021-01-20,2021012003023090,NLIC,45,3,22,"2,885.00","63,470.00"
2021-01-20,2021012003023063,NLIC,4,3,35,"2,885.00","100,975.00"
2021-01-20,2021012003023053,NLIC,14,3,45,"2,885.00","129,825.00"
2021-01-20,2021012003023046,NLIC,57,6,140,"2,880.00","403,200.00"
2021-01-20,2021012003022949,NLIC,16,3,29,"2,885.00","83,665.00"
2021-01-20,2021012003022704,NLIC,22,26,60,"2,875.00","172,500.00"
2021-01-20,2021012003022678,NLIC,22,50,100,"2,875.00","287,500.00"
2021-01-20,2021012003022677,NLIC,22,34,244,"2,875.00","701,500.00"
2021-01-20,2021012003022672,NLIC,45,34,187,"2,875.00","537,625.00"
2021-01-20,2021012003022671,NLIC,45,22,13,"2,875.00","37,375.00"
2021-01-20,2021012003022783,NLIC,22,32,87,"2,875.00","250,125.00"
2021-01-20,2021012003022782,NLIC,22,32,13,"2,875.00","37,375.00"
2021-01-20,2021012003022752,NLIC,14,50,65,"2,876.00","186,940.00"
2021-01-20,2021012003022750,NLIC,22,56,100,"2,875.00","287,500.00"
2021-01-20,2021012003022741,NLIC,17,50,199,"2,876.00","572,324.00"
2021-01-20,2021012003022714,NLIC,38,50,230,"2,876.00","661,480.00"
2021-01-20,2021012003022821,NLIC,22,6,83,"2,875.00","238,625.00"
2021-01-20,2021012003022820,NLIC,14,6,35,"2,879.00","100,765.00"
2021-01-20,2021012003022818,NLIC,14,4,50,"2,879.00","143,950.00"
2021-01-20,2021012003022802,NLIC,14,26,100,"2,879.00","287,900.00"
2021-01-20,2021012003022801,NLIC,14,44,100,"2,878.00","287,800.00"
2021-01-20,2021012003022800,NLIC,14,26,215,"2,876.00","618,340.00"
2021-01-20,2021012003022863,NLIC,6,13,10,"2,880.00","28,800.00"
2021-01-20,2021012003022860,NLIC,59,13,150,"2,880.00","432,000.00"
2021-01-20,2021012003022859,NLIC,59,55,50,"2,880.00","144,000.00"
2021-01-20,2021012003022832,NLIC,21,6,52,"2,875.00","149,500.00"
2021-01-20,2021012003022824,NLIC,37,6,20,"2,875.00","57,500.00"
2021-01-20,2021012003022822,NLIC,1,6,50,"2,875.00","143,750.00"
2021-01-20,2021012003022913,NLIC,57,13,150,"2,880.00","432,000.00"
2021-01-20,2021012003022881,NLIC,36,13,180,"2,880.00","518,400.00"
2021-01-20,2021012003022880,NLIC,36,6,20,"2,879.00","57,580.00"
2021-01-20,2021012003022871,NLIC,28,21,17,"2,875.00","48,875.00"
2021-01-20,2021012003022870,NLIC,21,21,13,"2,875.00","37,375.00"
2021-01-20,2021012003022864,NLIC,50,13,10,"2,880.00","28,800.00"
2021-01-20,2021012003022919,NLIC,57,35,100,"2,880.00","288,000.00"
2021-01-20,2021012003022918,NLIC,57,22,35,"2,880.00","100,800.00"
2021-01-20,2021012003022917,NLIC,57,51,20,"2,880.00","57,600.00"
2021-01-20,2021012003022916,NLIC,57,52,24,"2,880.00","69,120.00"
2021-01-20,2021012003022915,NLIC,57,52,22,"2,880.00","63,360.00"
2021-01-20,2021012003022914,NLIC,57,39,10,"2,880.00","28,800.00"
2021-01-20,2021012003022948,NLIC,16,47,50,"2,885.00","144,250.00"
2021-01-20,2021012003022947,NLIC,16,41,39,"2,885.00","112,515.00"
2021-01-20,2021012003022946,NLIC,16,6,32,"2,885.00","92,320.00"
2021-01-20,2021012003022945,NLIC,16,49,50,"2,885.00","144,250.00"
2021-01-20,2021012003022944,NLIC,28,49,50,"2,885.00","144,250.00"
2021-01-20,2021012003022924,NLIC,57,21,101,"2,880.00","290,880.00"
2021-01-20,2021012003023030,NLICL,38,38,55,"1,070.00","58,850.00"
2021-01-20,2021012003023029,NLICL,38,1,25,"1,070.00","26,750.00"
2021-01-20,2021012003023028,NLICL,38,45,10,"1,070.00","10,700.00"
2021-01-20,2021012003022930,NLICL,38,34,60,"1,069.00","64,140.00"
2021-01-20,2021012003022928,NLICL,54,39,20,"1,065.00","21,300.00"
2021-01-20,2021012003022927,NLICL,54,39,100,"1,066.00","106,600.00"
2021-01-20,2021012003022812,NLICL,34,14,25,"1,065.00","26,625.00"
2021-01-20,2021012003022811,NLICL,36,14,242,"1,065.00","257,730.00"
2021-01-20,2021012003022810,NLICL,7,14,20,"1,067.00","21,340.00"
2021-01-20,2021012003022793,NLICL,7,43,480,"1,067.00","512,160.00"
2021-01-20,2021012003022775,NLICL,59,43,200,"1,067.00","213,400.00"
2021-01-20,2021012003022703,NLICL,37,55,198,"1,066.00","211,068.00"
2021-01-20,2021012003022926,NLICL,22,39,80,"1,067.00","85,360.00"
2021-01-20,2021012003022817,NLICL,54,14,712,"1,065.00","758,280.00"
2021-01-20,2021012003022816,NLICL,14,14,50,"1,065.00","53,250.00"
2021-01-20,2021012003022815,NLICL,37,14,50,"1,065.00","53,250.00"
2021-01-20,2021012003022814,NLICL,51,14,100,"1,065.00","106,500.00"
2021-01-20,2021012003022813,NLICL,36,14,50,"1,065.00","53,250.00"
2021-01-20,2021012003022962,NMBMF,5,49,50,"1,164.00","58,200.00"
2021-01-20,2021012003022982,NMFBS,35,33,178,"2,484.00","442,152.00"
2021-01-20,2021012003022833,NMFBS,35,58,20,"2,484.00","49,680.00"
2021-01-20,2021012003022772,NMFBS,35,41,50,"2,484.00","124,200.00"
2021-01-20,2021012003022771,NMFBS,35,19,16,"2,484.00","39,744.00"
2021-01-20,2021012003022770,NMFBS,35,17,26,"2,482.00","64,532.00"
2021-01-20,2021012003022769,NMFBS,35,32,100,"2,480.00","248,000.00"
2021-01-20,2021012003022762,NMFBS,35,47,26,"2,470.00","64,220.00"
2021-01-20,2021012003022761,NMFBS,35,59,89,"2,470.00","219,830.00"
2021-01-20,2021012003022768,NMFBS,35,13,205,"2,480.00","508,400.00"
2021-01-20,2021012003022767,NMFBS,35,17,100,"2,480.00","248,000.00"
2021-01-20,2021012003022766,NMFBS,35,17,100,"2,480.00","248,000.00"
2021-01-20,2021012003022765,NMFBS,35,41,50,"2,480.00","124,000.00"
2021-01-20,2021012003022764,NMFBS,35,32,30,"2,480.00","74,400.00"
2021-01-20,2021012003022763,NMFBS,35,34,10,"2,479.00","24,790.00"
2021-01-20,2021012003023121,NRIC,45,52,20,"1,477.00","29,540.00"
2021-01-20,2021012003023119,NRIC,42,52,55,"1,477.00","81,235.00"
2021-01-20,2021012003023118,NRIC,42,25,40,"1,476.00","59,040.00"
2021-01-20,2021012003023117,NRIC,42,22,40,"1,476.00","59,040.00"
2021-01-20,2021012003023116,NRIC,42,32,65,"1,476.00","95,940.00"
2021-01-20,2021012003023111,NRIC,6,32,50,"1,476.00","73,800.00"
2021-01-20,2021012003022722,NRIC,43,3,30,"1,478.00","44,340.00"
2021-01-20,2021012003022716,NRIC,45,45,50,"1,476.00","73,800.00"
2021-01-20,2021012003022696,NRIC,33,38,10,"1,476.00","14,760.00"
2021-01-20,2021012003022695,NRIC,38,38,30,"1,477.00","44,310.00"
2021-01-20,2021012003022789,NRIC,4,34,60,"1,478.00","88,680.00"
2021-01-20,2021012003022788,NRIC,4,58,55,"1,478.00","81,290.00"
2021-01-20,2021012003022757,NRIC,3,41,40,"1,477.00","59,080.00"
2021-01-20,2021012003022755,NRIC,32,58,10,"1,478.00","14,780.00"
2021-01-20,2021012003022751,NRIC,45,42,100,"1,476.00","147,600.00"
2021-01-20,2021012003022723,NRIC,42,3,5,"1,478.00","7,390.00"
2021-01-20,2021012003022825,NRIC,4,34,100,"1,478.00","147,800.00"
2021-01-20,2021012003022807,NRIC,53,45,30,"1,477.00","44,310.00"
2021-01-20,2021012003022799,NRIC,45,37,190,"1,476.00","280,440.00"
2021-01-20,2021012003022798,NRIC,3,37,110,"1,477.00","162,470.00"
2021-01-20,2021012003022791,NRIC,4,3,45,"1,478.00","66,510.00"
2021-01-20,2021012003022790,NRIC,4,57,40,"1,478.00","59,120.00"
2021-01-20,2021012003023033,NRIC,50,38,30,"1,476.00","44,280.00"
2021-01-20,2021012003023025,NRIC,50,57,30,"1,476.00","44,280.00"
2021-01-20,2021012003023024,NRIC,58,57,10,"1,476.00","14,760.00"
2021-01-20,2021012003023023,NRIC,45,57,160,"1,476.00","236,160.00"
2021-01-20,2021012003022879,NRIC,57,52,100,"1,477.00","147,700.00"
2021-01-20,2021012003022878,NRIC,53,52,30,"1,477.00","44,310.00"
2021-01-20,2021012003023061,NRIC,43,5,125,"1,476.00","184,500.00"
2021-01-20,2021012003023057,NRIC,50,45,40,"1,476.00","59,040.00"
2021-01-20,2021012003023054,NRIC,52,52,50,"1,477.00","73,850.00"
2021-01-20,2021012003023045,NRIC,38,52,50,"1,477.00","73,850.00"
2021-01-20,2021012003023044,NRIC,38,41,150,"1,477.00","221,550.00"
2021-01-20,2021012003023041,NRIC,43,52,10,"1,477.00","14,770.00"
2021-01-20,2021012003023106,NRIC,57,32,10,"1,476.00","14,760.00"
2021-01-20,2021012003023105,NRIC,19,32,30,"1,476.00","44,280.00"
2021-01-20,2021012003023104,NRIC,45,32,100,"1,476.00","147,600.00"
2021-01-20,2021012003023103,NRIC,6,32,100,"1,476.00","147,600.00"
2021-01-20,2021012003023102,NRIC,47,32,150,"1,476.00","221,400.00"
2021-01-20,2021012003023101,NRIC,43,32,75,"1,476.00","110,700.00"
2021-01-20,2021012003023162,NRN,49,45,10,363.00,"3,630.00"
2021-01-20,2021012003023062,NRN,49,56,100,363.00,"36,300.00"
2021-01-20,2021012003022974,NRN,49,6,10,363.00,"3,630.00"
2021-01-20,2021012003022973,NRN,49,49,50,363.00,"18,150.00"
2021-01-20,2021012003022856,NRN,42,49,250,363.00,"90,750.00"
2021-01-20,2021012003022855,NRN,42,21,250,363.00,"90,750.00"
2021-01-20,2021012003022712,NRN,16,53,10,362.00,"3,620.00"
2021-01-20,2021012003022675,NRN,16,21,10,362.00,"3,620.00"
2021-01-20,2021012003022667,NRN,16,32,40,362.00,"14,480.00"
2021-01-20,2021012003022666,NRN,59,32,100,362.00,"36,200.00"
2021-01-20,2021012003022665,NRN,37,32,210,362.00,"76,020.00"
2021-01-20,2021012003023107,NTC,42,29,50,"1,335.00","66,750.00"
2021-01-20,2021012003023087,NTC,42,26,40,"1,337.00","53,480.00"
2021-01-20,2021012003023064,NTC,34,26,100,"1,337.00","133,700.00"
2021-01-20,2021012003023012,NTC,45,26,15,"1,337.00","20,055.00"
2021-01-20,2021012003023011,NTC,45,34,15,"1,336.00","20,040.00"
2021-01-20,2021012003022990,NTC,8,34,50,"1,336.00","66,800.00"
2021-01-20,2021012003022707,NTC,3,47,335,"1,337.00","447,895.00"
2021-01-20,2021012003022706,NTC,41,47,180,"1,338.00","240,840.00"
2021-01-20,2021012003022884,NTC,3,34,50,"1,339.00","66,950.00"
2021-01-20,2021012003022883,NTC,3,50,555,"1,339.00","743,145.00"
2021-01-20,2021012003022882,NTC,3,22,450,"1,339.00","602,550.00"
2021-01-20,2021012003022786,NTC,21,22,20,"1,339.00","26,780.00"
2021-01-20,2021012003022785,NTC,21,37,50,"1,338.00","66,900.00"
2021-01-20,2021012003022708,NTC,34,47,275,"1,337.00","367,675.00"
2021-01-20,2021012003022912,NTC,44,29,22,"1,337.00","29,414.00"
2021-01-20,2021012003022911,NTC,34,29,28,"1,337.00","37,436.00"
2021-01-20,2021012003022888,NTC,3,40,15,"1,340.00","20,100.00"
2021-01-20,2021012003022887,NTC,3,40,300,"1,340.00","402,000.00"
2021-01-20,2021012003022886,NTC,3,28,20,"1,340.00","26,800.00"
2021-01-20,2021012003022885,NTC,3,53,10,"1,339.00","13,390.00"
2021-01-20,2021012003022989,NTC,54,34,200,"1,336.00","267,200.00"
2021-01-20,2021012003022988,NTC,17,34,75,"1,336.00","100,200.00"
2021-01-20,2021012003022987,NTC,44,34,130,"1,336.00","173,680.00"
2021-01-20,2021012003022986,NTC,51,34,50,"1,336.00","66,800.00"
2021-01-20,2021012003022980,NTC,51,35,50,"1,336.00","66,800.00"
2021-01-20,2021012003022942,NTC,44,26,278,"1,337.00","371,686.00"
2021-01-20,2021012003022935,NUBL,36,43,100,"1,500.00","150,000.00"
2021-01-20,2021012003022934,NUBL,36,58,32,"1,500.00","48,000.00"
2021-01-20,2021012003022850,NUBL,28,58,33,"1,500.00","49,500.00"
2021-01-20,2021012003022849,NUBL,28,26,50,"1,500.00","75,000.00"
2021-01-20,2021012003022848,NUBL,28,54,50,"1,500.00","75,000.00"
2021-01-20,2021012003022847,NUBL,28,26,400,"1,500.00","600,000.00"
2021-01-20,2021012003022846,NUBL,28,11,100,"1,500.00","150,000.00"
2021-01-20,2021012003022845,NUBL,28,45,500,"1,500.00","750,000.00"
2021-01-20,2021012003022844,NUBL,28,58,90,"1,500.00","135,000.00"
2021-01-20,2021012003022843,NUBL,28,57,327,"1,500.00","490,500.00"
2021-01-20,2021012003022842,NUBL,28,33,50,"1,499.00","74,950.00"
2021-01-20,2021012003022841,NUBL,28,33,200,"1,499.00","299,800.00"
2021-01-20,2021012003022929,PFL,44,42,24,226.00,"5,424.00"
2021-01-20,2021012003022923,PFL,44,22,14,226.00,"3,164.00"
2021-01-20,2021012003022922,PFL,44,57,101,226.00,"22,826.00"
2021-01-20,2021012003022921,PFL,44,14,124,226.00,"28,024.00"
2021-01-20,2021012003022920,PFL,44,42,13,226.00,"2,938.00"
2021-01-20,2021012003022705,PFL,44,21,27,225.00,"6,075.00"
2021-01-20,2021012003022903,PLIC,35,39,75,815.00,"61,125.00"
2021-01-20,2021012003022902,PLIC,54,39,100,815.00,"81,500.00"
2021-01-20,2021012003022901,PLIC,26,39,50,815.00,"40,750.00"
2021-01-20,2021012003022900,PLIC,49,39,500,816.00,"408,000.00"
2021-01-20,2021012003022899,PLIC,28,39,142,816.00,"115,872.00"
2021-01-20,2021012003022898,PLIC,46,39,376,817.00,"307,192.00"
2021-01-20,2021012003022682,PLIC,45,39,20,820.00,"16,400.00"
2021-01-20,2021012003022897,PLIC,6,39,300,818.00,"245,400.00"
2021-01-20,2021012003022774,PLIC,46,41,24,817.00,"19,608.00"
2021-01-20,2021012003022694,PLIC,28,32,358,816.00,"292,128.00"
2021-01-20,2021012003022693,PLIC,54,32,30,816.00,"24,480.00"
2021-01-20,2021012003022692,PLIC,52,32,200,816.00,"163,200.00"
2021-01-20,2021012003022691,PLIC,51,32,412,816.00,"336,192.00"
2021-01-20,2021012003023089,PROFL,40,32,100,180.00,"18,000.00"
2021-01-20,2021012003023088,PROFL,40,25,100,180.00,"18,000.00"
2021-01-20,2021012003022977,PROFL,22,45,54,181.00,"9,774.00"
2021-01-20,2021012003022976,PROFL,22,44,100,181.00,"18,100.00"
2021-01-20,2021012003022975,PROFL,22,41,46,181.00,"8,326.00"
2021-01-20,2021012003022877,PROFL,19,41,54,181.00,"9,774.00"
2021-01-20,2021012003022876,PROFL,19,53,350,181.00,"63,350.00"
2021-01-20,2021012003022875,PROFL,19,39,500,181.00,"90,500.00"
2021-01-20,2021012003022874,PROFL,19,32,96,181.00,"17,376.00"
2021-01-20,2021012003022853,PROFL,1,32,55,181.00,"9,955.00"
2021-01-20,2021012003022852,PROFL,1,36,75,180.00,"13,500.00"
2021-01-20,2021012003023092,RLI,39,45,10,628.00,"6,280.00"
2021-01-20,2021012003023004,RLI,42,52,70,629.00,"44,030.00"
2021-01-20,2021012003023003,RLI,42,40,10,629.00,"6,290.00"
2021-01-20,2021012003023002,RLI,42,43,10,629.00,"6,290.00"
2021-01-20,2021012003023001,RLI,42,22,10,629.00,"6,290.00"
2021-01-20,2021012003023000,RLI,42,11,10,629.00,"6,290.00"
2021-01-20,2021012003022993,RLI,42,40,10,629.00,"6,290.00"
2021-01-20,2021012003022992,RLI,42,58,10,629.00,"6,290.00"
2021-01-20,2021012003022991,RLI,42,26,10,629.00,"6,290.00"
2021-01-20,2021012003022943,RLI,50,38,10,627.00,"6,270.00"
2021-01-20,2021012003022758,RLI,50,41,10,627.00,"6,270.00"
2021-01-20,2021012003022999,RLI,42,7,10,629.00,"6,290.00"
2021-01-20,2021012003022998,RLI,42,45,10,629.00,"6,290.00"
2021-01-20,2021012003022997,RLI,42,38,10,629.00,"6,290.00"
2021-01-20,2021012003022996,RLI,42,38,10,629.00,"6,290.00"
2021-01-20,2021012003022995,RLI,42,21,10,629.00,"6,290.00"
2021-01-20,2021012003022994,RLI,42,38,10,629.00,"6,290.00"
2021-01-20,2021012003022796,RSDC,37,45,100,680.00,"68,000.00"
2021-01-20,2021012003023151,SADBL,44,10,250,216.00,"54,000.00"
2021-01-20,2021012003023143,SADBL,49,10,100,216.00,"21,600.00"
2021-01-20,2021012003022964,SADBL,3,10,364,216.00,"78,624.00"
2021-01-20,2021012003022963,SADBL,3,1,636,216.00,"137,376.00"
2021-01-20,2021012003022961,SADBL,14,1,100,216.00,"21,600.00"
2021-01-20,2021012003022746,SAEF,8,47,"3,000",12.51,"37,530.00"
2021-01-20,2021012003022954,SAPDBL,57,38,20,189.00,"3,780.00"
2021-01-20,2021012003022953,SAPDBL,38,38,80,189.00,"15,120.00"
2021-01-20,2021012003022952,SAPDBL,20,38,200,189.00,"37,800.00"
2021-01-20,2021012003022951,SAPDBL,58,38,100,189.00,"18,900.00"
2021-01-20,2021012003022950,SAPDBL,49,38,100,189.00,"18,900.00"
2021-01-20,2021012003022862,SDLBSL,14,38,10,"1,217.00","12,170.00"
2021-01-20,2021012003022830,SEF,29,21,500,10.91,"5,455.00"
2021-01-20,2021012003023097,SFCL,41,45,40,184.00,"7,360.00"
2021-01-20,2021012003022940,SFCL,3,56,100,185.00,"18,500.00"
2021-01-20,2021012003022906,SFCL,41,42,200,184.00,"36,800.00"
2021-01-20,2021012003022805,SFCL,41,56,100,185.00,"18,500.00"
2021-01-20,2021012003022721,SFCL,3,56,300,185.00,"55,500.00"
2021-01-20,2021012003022668,SFCL,49,56,"1,000",185.00,"185,000.00"
2021-01-20,2021012003022968,SHINE,44,44,200,265.00,"53,000.00"
2021-01-20,2021012003022967,SHINE,52,44,180,265.00,"47,700.00"
2021-01-20,2021012003022966,SHINE,44,44,175,265.00,"46,375.00"
2021-01-20,2021012003022965,SHINE,13,44,125,265.00,"33,125.00"
2021-01-20,2021012003022823,SHINE,57,44,370,266.00,"98,420.00"
2021-01-20,2021012003022748,SINDU,10,49,6,185.00,"1,110.00"
2021-01-20,2021012003023068,SKBBL,35,43,20,"1,713.00","34,260.00"
2021-01-20,2021012003023067,SKBBL,35,59,200,"1,710.00","342,000.00"
2021-01-20,2021012003023066,SKBBL,35,37,50,"1,709.00","85,450.00"
2021-01-20,2021012003023065,SKBBL,35,14,50,"1,705.00","85,250.00"
2021-01-20,2021012003023152,SLBBL,34,34,100,"1,282.00","128,200.00"
2021-01-20,2021012003023115,SLBBL,42,34,215,"1,282.00","275,630.00"
2021-01-20,2021012003023150,SLBS,56,44,38,"1,500.00","57,000.00"
2021-01-20,2021012003023149,SLBS,56,4,25,"1,500.00","37,500.00"
2021-01-20,2021012003023148,SLBS,56,33,106,"1,500.00","159,000.00"
2021-01-20,2021012003023147,SLBS,56,14,11,"1,500.00","16,500.00"
2021-01-20,2021012003023146,SLBS,56,42,200,"1,499.00","299,800.00"
2021-01-20,2021012003023145,SLBS,56,39,100,"1,497.00","149,700.00"
2021-01-20,2021012003022979,SLBS,56,45,50,"1,490.00","74,500.00"
2021-01-20,2021012003022978,SLBS,56,41,38,"1,490.00","56,620.00"
2021-01-20,2021012003023120,SLBSL,17,58,131,"1,275.00","167,025.00"
2021-01-20,2021012003022745,SLBSL,34,58,10,"1,275.00","12,750.00"
2021-01-20,2021012003023130,SLICL,58,32,101,817.00,"82,517.00"
2021-01-20,2021012003023082,SLICL,5,32,286,818.00,"233,948.00"
2021-01-20,2021012003023022,SLICL,5,49,23,819.00,"18,837.00"
2021-01-20,2021012003022839,SLICL,5,38,15,819.00,"12,285.00"
2021-01-20,2021012003022711,SLICL,49,25,154,820.00,"126,280.00"
2021-01-20,2021012003022710,SLICL,49,36,46,820.00,"37,720.00"
2021-01-20,2021012003022910,SMFBS,11,42,10,"1,784.00","17,840.00"
2021-01-20,2021012003022909,SMFBS,11,6,24,"1,784.00","42,816.00"
2021-01-20,2021012003022685,SMFDB,17,44,279,"1,115.00","311,085.00"
2021-01-20,2021012003023031,SWBBL,57,57,42,"1,901.00","79,842.00"
2021-01-20,2021012003022907,TRH,39,22,20,323.00,"6,460.00"
2021-01-20,2021012003023017,USLB,44,8,17,"1,590.00","27,030.00"
2021-01-20,2021012003023016,USLB,13,8,30,"1,590.00","47,700.00"
2021-01-20,2021012003022933,USLB,13,45,70,"1,590.00","111,300.00"
2021-01-20,2021012003022932,USLB,11,45,30,"1,590.00","47,700.00"
2021-01-20,2021012003022931,USLB,56,45,50,"1,590.00","79,500.00"
2021-01-20,2021012003022797,VLBS,26,32,137,"1,242.00","170,154.00"
2021-01-20,2021012003022401,ACLBSL,16,35,10,"1,331.00","13,310.00"
2021-01-20,2021012003022323,ACLBSL,16,45,140,"1,331.00","186,340.00"
2021-01-20,2021012003022322,ACLBSL,42,45,50,"1,332.00","66,600.00"
2021-01-20,2021012003022198,ACLBSL,16,6,10,"1,331.00","13,310.00"
2021-01-20,2021012003022599,ALBSL,38,32,46,"1,305.00","60,030.00"
2021-01-20,2021012003022399,ALBSL,33,42,11,"1,303.00","14,333.00"
2021-01-20,2021012003022644,ALICL,40,10,38,"1,101.00","41,838.00"
2021-01-20,2021012003022598,ALICL,16,50,50,"1,095.00","54,750.00"
2021-01-20,2021012003022479,ALICL,52,25,54,"1,095.00","59,130.00"
2021-01-20,2021012003022461,ALICL,40,8,44,"1,095.00","48,180.00"
2021-01-20,2021012003022263,ALICL,47,8,50,"1,095.00","54,750.00"
2021-01-20,2021012003022262,ALICL,57,8,100,"1,096.00","109,600.00"
2021-01-20,2021012003022261,ALICL,34,8,56,"1,100.00","61,600.00"
2021-01-20,2021012003022209,ALICL,34,34,"2,444","1,100.00","2,688,400.00"
2021-01-20,2021012003022331,BBC,34,58,40,"3,136.00","125,440.00"
2021-01-20,2021012003022482,CBBL,57,50,10,"1,360.00","13,600.00"
2021-01-20,2021012003022481,CBBL,57,51,20,"1,359.00","27,180.00"
2021-01-20,2021012003022468,CBBL,42,22,100,"1,358.00","135,800.00"
2021-01-20,2021012003022325,CBBL,35,50,50,"1,360.00","68,000.00"
2021-01-20,2021012003022391,CFCL,49,32,"1,010",218.00,"220,180.00"
2021-01-20,2021012003022390,CFCL,49,25,500,218.00,"109,000.00"
2021-01-20,2021012003022389,CFCL,49,39,800,218.00,"174,400.00"
2021-01-20,2021012003022388,CFCL,49,28,10,218.00,"2,180.00"
2021-01-20,2021012003022387,CFCL,49,49,200,218.00,"43,600.00"
2021-01-20,2021012003022386,CFCL,49,32,600,218.00,"130,800.00"
2021-01-20,2021012003022291,CFCL,49,39,65,213.00,"13,845.00"
2021-01-20,2021012003022297,CFCL,49,44,54,214.00,"11,556.00"
2021-01-20,2021012003022296,CFCL,49,37,806,214.00,"172,484.00"
2021-01-20,2021012003022295,CFCL,49,14,500,214.00,"107,000.00"
2021-01-20,2021012003022294,CFCL,49,40,300,213.00,"63,900.00"
2021-01-20,2021012003022293,CFCL,49,28,"2,500",213.00,"532,500.00"
2021-01-20,2021012003022292,CFCL,49,17,"1,000",213.00,"213,000.00"
2021-01-20,2021012003022303,CFCL,49,25,50,215.00,"10,750.00"
2021-01-20,2021012003022302,CFCL,49,52,20,215.00,"4,300.00"
2021-01-20,2021012003022301,CFCL,49,14,90,215.00,"19,350.00"
2021-01-20,2021012003022300,CFCL,49,45,300,215.00,"64,500.00"
2021-01-20,2021012003022299,CFCL,49,34,460,215.00,"98,900.00"
2021-01-20,2021012003022298,CFCL,49,28,"2,500",214.00,"535,000.00"
2021-01-20,2021012003022309,CFCL,49,34,50,215.00,"10,750.00"
2021-01-20,2021012003022308,CFCL,49,28,50,215.00,"10,750.00"
2021-01-20,2021012003022307,CFCL,49,21,100,215.00,"21,500.00"
2021-01-20,2021012003022306,CFCL,49,49,600,215.00,"129,000.00"
2021-01-20,2021012003022305,CFCL,49,58,10,215.00,"2,150.00"
2021-01-20,2021012003022304,CFCL,49,10,100,215.00,"21,500.00"
2021-01-20,2021012003022355,CFCL,49,28,10,216.00,"2,160.00"
2021-01-20,2021012003022354,CFCL,49,51,70,216.00,"15,120.00"
2021-01-20,2021012003022353,CFCL,49,53,500,216.00,"108,000.00"
2021-01-20,2021012003022352,CFCL,49,43,125,216.00,"27,000.00"
2021-01-20,2021012003022311,CFCL,49,59,250,215.00,"53,750.00"
2021-01-20,2021012003022310,CFCL,49,34,100,215.00,"21,500.00"
2021-01-20,2021012003022361,CFCL,49,21,10,216.00,"2,160.00"
2021-01-20,2021012003022360,CFCL,49,34,50,216.00,"10,800.00"
2021-01-20,2021012003022359,CFCL,49,34,50,216.00,"10,800.00"
2021-01-20,2021012003022358,CFCL,49,52,200,216.00,"43,200.00"
2021-01-20,2021012003022357,CFCL,49,52,20,216.00,"4,320.00"
2021-01-20,2021012003022356,CFCL,49,58,400,216.00,"86,400.00"
2021-01-20,2021012003022367,CFCL,49,55,"1,000",217.00,"217,000.00"
2021-01-20,2021012003022366,CFCL,49,14,500,217.00,"108,500.00"
2021-01-20,2021012003022365,CFCL,49,29,50,217.00,"10,850.00"
2021-01-20,2021012003022364,CFCL,49,49,100,217.00,"21,700.00"
2021-01-20,2021012003022363,CFCL,49,11,98,217.00,"21,266.00"
2021-01-20,2021012003022362,CFCL,49,22,90,216.00,"19,440.00"
2021-01-20,2021012003022373,CFCL,49,22,500,217.00,"108,500.00"
2021-01-20,2021012003022372,CFCL,49,17,"1,000",217.00,"217,000.00"
2021-01-20,2021012003022371,CFCL,49,49,44,217.00,"9,548.00"
2021-01-20,2021012003022370,CFCL,49,22,25,217.00,"5,425.00"
2021-01-20,2021012003022369,CFCL,49,22,25,217.00,"5,425.00"
2021-01-20,2021012003022368,CFCL,49,49,200,217.00,"43,400.00"
2021-01-20,2021012003022379,CFCL,49,44,200,218.00,"43,600.00"
2021-01-20,2021012003022378,CFCL,49,43,30,218.00,"6,540.00"
2021-01-20,2021012003022377,CFCL,49,35,"2,200",217.00,"477,400.00"
2021-01-20,2021012003022376,CFCL,49,32,600,217.00,"130,200.00"
2021-01-20,2021012003022375,CFCL,49,45,100,217.00,"21,700.00"
2021-01-20,2021012003022374,CFCL,49,25,100,217.00,"21,700.00"
2021-01-20,2021012003022385,CFCL,49,28,260,218.00,"56,680.00"
2021-01-20,2021012003022384,CFCL,49,55,100,218.00,"21,800.00"
2021-01-20,2021012003022383,CFCL,49,14,150,218.00,"32,700.00"
2021-01-20,2021012003022382,CFCL,49,51,300,218.00,"65,400.00"
2021-01-20,2021012003022381,CFCL,49,42,100,218.00,"21,800.00"
2021-01-20,2021012003022380,CFCL,49,25,50,218.00,"10,900.00"
2021-01-20,2021012003022270,CIT,52,58,50,"3,457.00","172,850.00"
2021-01-20,2021012003022565,CLBSL,58,25,45,"1,005.00","45,225.00"
2021-01-20,2021012003022483,CLBSL,50,29,50,"1,008.00","50,400.00"
2021-01-20,2021012003022600,CMF1,48,32,"5,000",9.97,"49,850.00"
2021-01-20,2021012003022465,CMF1,22,32,"10,000",9.97,"99,700.00"
2021-01-20,2021012003022464,CMF1,8,32,"2,320",9.97,"23,130.40"
2021-01-20,2021012003022627,DDBL,38,54,100,"1,659.00","165,900.00"
2021-01-20,2021012003022626,DDBL,38,42,40,"1,658.00","66,320.00"
2021-01-20,2021012003022568,DDBL,17,8,80,"1,656.00","132,480.00"
2021-01-20,2021012003022525,DDBL,38,8,20,"1,657.00","33,140.00"
2021-01-20,2021012003022628,EDBL,41,21,100,397.00,"39,700.00"
2021-01-20,2021012003022258,EDBL,39,21,200,398.00,"79,600.00"
2021-01-20,2021012003022257,EDBL,39,21,250,398.00,"99,500.00"
2021-01-20,2021012003022252,EDBL,41,56,200,399.00,"79,800.00"
2021-01-20,2021012003022477,FMDBL,40,34,100,677.00,"67,700.00"
2021-01-20,2021012003022442,FMDBL,49,54,15,675.00,"10,125.00"
2021-01-20,2021012003022441,FMDBL,19,54,75,675.00,"50,625.00"
2021-01-20,2021012003022440,FMDBL,58,54,40,675.00,"27,000.00"
2021-01-20,2021012003022439,FMDBL,49,54,30,675.00,"20,250.00"
2021-01-20,2021012003022438,FMDBL,51,54,15,676.00,"10,140.00"
2021-01-20,2021012003022268,FMDBL,51,58,85,676.00,"57,460.00"
2021-01-20,2021012003022267,FMDBL,17,58,65,676.00,"43,940.00"
2021-01-20,2021012003022215,FMDBL,55,34,100,677.00,"67,700.00"
2021-01-20,2021012003022659,FOWAD,22,11,25,"2,665.00","66,625.00"
2021-01-20,2021012003022620,FOWAD,14,42,50,"2,670.00","133,500.00"
2021-01-20,2021012003022619,FOWAD,14,26,11,"2,667.00","29,337.00"
2021-01-20,2021012003022316,FOWAD,39,40,10,"2,661.00","26,610.00"
2021-01-20,2021012003022315,FOWAD,39,40,15,"2,665.00","39,975.00"
2021-01-20,2021012003022189,FOWAD,46,16,50,"2,670.00","133,500.00"
2021-01-20,2021012003022170,FOWAD,46,42,50,"2,670.00","133,500.00"
2021-01-20,2021012003022621,GBBL,7,6,29,358.00,"10,382.00"
2021-01-20,2021012003022579,GBBL,56,1,890,358.00,"318,620.00"
2021-01-20,2021012003022510,GBBL,55,1,110,358.00,"39,380.00"
2021-01-20,2021012003022350,GBBL,55,48,100,358.00,"35,800.00"
2021-01-20,2021012003022349,GBBL,55,6,150,358.00,"53,700.00"
2021-01-20,2021012003022348,GBBL,55,14,640,358.00,"229,120.00"
2021-01-20,2021012003022238,GBBL,39,14,100,358.00,"35,800.00"
2021-01-20,2021012003022183,GBBL,55,35,190,357.00,"67,830.00"
2021-01-20,2021012003022182,GBBL,59,35,10,357.00,"3,570.00"
2021-01-20,2021012003022172,GBBL,53,14,100,358.00,"35,800.00"
2021-01-20,2021012003022631,GBLBS,14,10,30,672.00,"20,160.00"
2021-01-20,2021012003022630,GBLBS,14,10,70,672.00,"47,040.00"
2021-01-20,2021012003022629,GBLBS,17,10,300,672.00,"201,600.00"
2021-01-20,2021012003022459,GBLBS,17,3,200,672.00,"134,400.00"
2021-01-20,2021012003022321,GBLBS,16,58,15,671.00,"10,065.00"
2021-01-20,2021012003022239,GBLBS,16,33,35,671.00,"23,485.00"
2021-01-20,2021012003022573,GILB,42,54,81,"1,542.00","124,902.00"
2021-01-20,2021012003022462,GILB,1,54,29,"1,544.00","44,776.00"
2021-01-20,2021012003022180,GLBSL,45,17,31,"1,057.00","32,767.00"
2021-01-20,2021012003022179,GLBSL,58,17,20,"1,057.00","21,140.00"
2021-01-20,2021012003022178,GLBSL,3,17,10,"1,057.00","10,570.00"
2021-01-20,2021012003022455,GLICL,20,6,300,679.00,"203,700.00"
2021-01-20,2021012003022398,GLICL,48,32,47,680.00,"31,960.00"
2021-01-20,2021012003022397,GLICL,48,46,10,680.00,"6,800.00"
2021-01-20,2021012003022396,GLICL,48,43,400,680.00,"272,000.00"
2021-01-20,2021012003022395,GLICL,48,58,43,680.00,"29,240.00"
2021-01-20,2021012003022343,GLICL,48,58,157,680.00,"106,760.00"
2021-01-20,2021012003022342,GLICL,48,50,269,680.00,"182,920.00"
2021-01-20,2021012003022642,GMFBS,42,37,100,"1,400.00","140,000.00"
2021-01-20,2021012003022641,GMFBS,42,58,10,"1,395.00","13,950.00"
2021-01-20,2021012003022640,GMFBS,42,8,13,"1,395.00","18,135.00"
2021-01-20,2021012003022597,GMFBS,42,8,40,"1,395.00","55,800.00"
2021-01-20,2021012003022596,GMFBS,42,57,10,"1,395.00","13,950.00"
2021-01-20,2021012003022595,GMFBS,42,29,10,"1,393.00","13,930.00"
2021-01-20,2021012003022594,GMFBS,42,5,140,"1,393.00","195,020.00"
2021-01-20,2021012003022566,GMFIL,40,32,"1,480",225.00,"333,000.00"
2021-01-20,2021012003022431,GMFIL,46,22,20,226.00,"4,520.00"
2021-01-20,2021012003022333,GRDBL,20,59,26,189.00,"4,914.00"
2021-01-20,2021012003022332,GRDBL,41,59,24,189.00,"4,536.00"
2021-01-20,2021012003022569,GUFL,48,34,50,374.00,"18,700.00"
2021-01-20,2021012003022490,GUFL,39,6,10,375.00,"3,750.00"
2021-01-20,2021012003022432,GUFL,53,28,549,374.00,"205,326.00"
2021-01-20,2021012003022168,GUFL,43,28,162,374.00,"60,588.00"
2021-01-20,2021012003022167,GUFL,43,28,498,374.00,"186,252.00"
2021-01-20,2021012003022166,GUFL,43,1,200,374.00,"74,800.00"
2021-01-20,2021012003022165,GUFL,43,42,140,373.00,"52,220.00"
2021-01-20,2021012003022422,HIDCL,22,41,19,326.00,"6,194.00"
2021-01-20,2021012003022314,HIDCL,11,32,112,327.00,"36,624.00"
2021-01-20,2021012003022313,HIDCL,11,42,100,327.00,"32,700.00"
2021-01-20,2021012003022312,HIDCL,11,6,88,327.00,"28,776.00"
2021-01-20,2021012003022256,HIDCL,47,6,50,327.00,"16,350.00"
2021-01-20,2021012003022224,HIDCL,22,57,"1,941",326.00,"632,766.00"
2021-01-20,2021012003022223,HIDCL,42,57,100,326.00,"32,600.00"
2021-01-20,2021012003022222,HIDCL,14,57,159,326.00,"51,834.00"
2021-01-20,2021012003022564,ICFC,34,56,265,312.00,"82,680.00"
2021-01-20,2021012003022563,ICFC,49,56,100,312.00,"31,200.00"
2021-01-20,2021012003022524,ICFC,17,41,100,313.00,"31,300.00"
2021-01-20,2021012003022506,ICFC,48,41,100,313.00,"31,300.00"
2021-01-20,2021012003022505,ICFC,52,41,500,313.00,"156,500.00"
2021-01-20,2021012003022504,ICFC,16,41,100,313.00,"31,300.00"
2021-01-20,2021012003022497,ICFC,59,41,200,314.00,"62,800.00"
2021-01-20,2021012003022188,ICFC,17,56,100,315.00,"31,500.00"
2021-01-20,2021012003022187,ICFC,26,56,35,315.00,"11,025.00"
2021-01-20,2021012003022503,ICFC,34,41,"3,000",313.00,"939,000.00"
2021-01-20,2021012003022502,ICFC,16,41,500,313.00,"156,500.00"
2021-01-20,2021012003022501,ICFC,17,41,100,313.00,"31,300.00"
2021-01-20,2021012003022500,ICFC,17,41,100,313.00,"31,300.00"
2021-01-20,2021012003022499,ICFC,17,41,100,313.00,"31,300.00"
2021-01-20,2021012003022498,ICFC,45,41,20,314.00,"6,280.00"
2021-01-20,2021012003022636,ILBS,21,38,11,"1,397.00","15,367.00"
2021-01-20,2021012003022614,ILBS,21,58,36,"1,397.00","50,292.00"
2021-01-20,2021012003022540,ILBS,20,58,22,"1,397.00","30,734.00"
2021-01-20,2021012003022317,ILBS,21,22,11,"1,396.00","15,356.00"
2021-01-20,2021012003022269,ILBS,21,46,150,"1,396.00","209,400.00"
2021-01-20,2021012003022195,ILBS,21,32,11,"1,395.00","15,345.00"
2021-01-20,2021012003022194,ILBS,21,56,11,"1,395.00","15,345.00"
2021-01-20,2021012003022513,JBBL,16,48,194,223.00,"43,262.00"
2021-01-20,2021012003022512,JBBL,28,48,31,223.00,"6,913.00"
2021-01-20,2021012003022271,JBBL,28,19,500,223.00,"111,500.00"
2021-01-20,2021012003022518,KMCDB,49,48,120,"1,240.00","148,800.00"
2021-01-20,2021012003022517,KMCDB,49,29,50,"1,240.00","62,000.00"
2021-01-20,2021012003022516,KMCDB,49,56,50,"1,235.00","61,750.00"
2021-01-20,2021012003022515,KMCDB,49,41,10,"1,234.00","12,340.00"
2021-01-20,2021012003022514,KMCDB,49,20,70,"1,234.00","86,380.00"
2021-01-20,2021012003022344,KMCDB,25,20,10,"1,234.00","12,340.00"
2021-01-20,2021012003022220,KMCDB,25,14,262,"1,221.00","319,902.00"
2021-01-20,2021012003022219,KMCDB,58,14,40,"1,222.00","48,880.00"
2021-01-20,2021012003022218,KMCDB,25,14,28,"1,222.00","34,216.00"
2021-01-20,2021012003022217,KMCDB,57,14,30,"1,223.00","36,690.00"
2021-01-20,2021012003022216,KMCDB,36,14,40,"1,224.00","48,960.00"
2021-01-20,2021012003022527,KSBBL,32,20,20,276.00,"5,520.00"
2021-01-20,2021012003022526,KSBBL,45,20,81,276.00,"22,356.00"
2021-01-20,2021012003022472,KSBBL,45,34,19,276.00,"5,244.00"
2021-01-20,2021012003022471,KSBBL,45,34,200,276.00,"55,200.00"
2021-01-20,2021012003022470,KSBBL,41,34,121,276.00,"33,396.00"
2021-01-20,2021012003022417,KSBBL,48,34,200,277.00,"55,400.00"
2021-01-20,2021012003022318,KSBBL,41,1,85,276.00,"23,460.00"
2021-01-20,2021012003022260,KSBBL,41,50,384,276.00,"105,984.00"
2021-01-20,2021012003022507,LBBL,33,44,11,239.00,"2,629.00"
2021-01-20,2021012003022251,LBBL,40,21,300,240.00,"72,000.00"
2021-01-20,2021012003022250,LBBL,20,21,200,240.00,"48,000.00"
2021-01-20,2021012003022637,LICN,5,37,100,"2,380.00","238,000.00"
2021-01-20,2021012003022633,LICN,35,16,50,"2,366.00","118,300.00"
2021-01-20,2021012003022542,LICN,50,40,100,"2,380.00","238,000.00"
2021-01-20,2021012003022488,LICN,14,50,10,"2,397.00","23,970.00"
2021-01-20,2021012003022487,LICN,14,56,10,"2,386.00","23,860.00"
2021-01-20,2021012003022335,LICN,14,22,50,"2,380.00","119,000.00"
2021-01-20,2021012003022423,LICN,14,22,20,"2,380.00","47,600.00"
2021-01-20,2021012003022339,LICN,14,56,40,"2,386.00","95,440.00"
2021-01-20,2021012003022338,LICN,14,56,50,"2,381.00","119,050.00"
2021-01-20,2021012003022337,LICN,14,8,20,"2,381.00","47,620.00"
2021-01-20,2021012003022336,LICN,14,59,40,"2,380.00","95,200.00"
2021-01-20,2021012003022643,MERO,46,50,32,"1,014.00","32,448.00"
2021-01-20,2021012003022571,MERO,57,50,10,"1,014.00","10,140.00"
2021-01-20,2021012003022457,MERO,47,32,120,"1,013.00","121,560.00"
2021-01-20,2021012003022266,MERO,14,50,48,"1,014.00","48,672.00"
2021-01-20,2021012003022265,MERO,14,45,10,"1,014.00","10,140.00"
2021-01-20,2021012003022264,MERO,14,43,42,"1,014.00","42,588.00"
2021-01-20,2021012003022436,MFIL,25,41,200,425.00,"85,000.00"
2021-01-20,2021012003022639,MLBL,48,44,"1,000",283.00,"283,000.00"
2021-01-20,2021012003022632,MLBL,33,44,400,283.00,"113,200.00"
2021-01-20,2021012003022556,MLBL,33,44,400,283.00,"113,200.00"
2021-01-20,2021012003022541,MLBL,11,44,150,283.00,"42,450.00"
2021-01-20,2021012003022494,MLBL,39,17,500,284.00,"142,000.00"
2021-01-20,2021012003022493,MLBL,35,17,93,284.00,"26,412.00"
2021-01-20,2021012003022532,MLBL,51,44,"2,000",283.00,"566,000.00"
2021-01-20,2021012003022531,MLBL,35,44,100,283.00,"28,300.00"
2021-01-20,2021012003022530,MLBL,33,44,319,283.00,"90,277.00"
2021-01-20,2021012003022528,MLBL,33,17,50,284.00,"14,200.00"
2021-01-20,2021012003022496,MLBL,57,17,300,284.00,"85,200.00"
2021-01-20,2021012003022495,MLBL,17,17,500,284.00,"142,000.00"
2021-01-20,2021012003022538,MLBL,58,44,200,283.00,"56,600.00"
2021-01-20,2021012003022537,MLBL,35,44,"2,000",283.00,"566,000.00"
2021-01-20,2021012003022536,MLBL,35,44,100,283.00,"28,300.00"
2021-01-20,2021012003022535,MLBL,41,44,"1,750",283.00,"495,250.00"
2021-01-20,2021012003022534,MLBL,21,44,20,283.00,"5,660.00"
2021-01-20,2021012003022533,MLBL,40,44,300,283.00,"84,900.00"
2021-01-20,2021012003022638,MMFDB,46,25,217,"1,335.00","289,695.00"
2021-01-20,2021012003022486,MMFDB,34,45,350,"1,339.00","468,650.00"
2021-01-20,2021012003022606,MNBBL,52,55,47,386.00,"18,142.00"
2021-01-20,2021012003022605,MNBBL,11,55,13,386.00,"5,018.00"
2021-01-20,2021012003022604,MNBBL,50,55,300,386.00,"115,800.00"
2021-01-20,2021012003022450,MNBBL,45,6,200,386.00,"77,200.00"
2021-01-20,2021012003022449,MNBBL,45,33,300,386.00,"115,800.00"
2021-01-20,2021012003022210,MSLB,39,47,10,"1,855.00","18,550.00"
2021-01-20,2021012003022650,MSMBS,22,49,11,"1,155.00","12,705.00"
2021-01-20,2021012003022444,NBF2,17,48,"8,700",10.35,"90,045.00"
2021-01-20,2021012003022448,NIBLPF,17,45,"50,000",11.84,"592,000.00"
2021-01-20,2021012003022249,NIBLPF,17,6,"26,493",11.90,"315,266.70"
2021-01-20,2021012003022248,NIBLPF,17,53,"2,020",11.90,"24,038.00"
2021-01-20,2021012003022247,NIBLPF,17,11,"12,525",11.89,"148,922.25"
2021-01-20,2021012003022246,NIBLPF,17,45,"1,263",11.88,"15,004.44"
2021-01-20,2021012003022245,NIBLPF,17,52,"2,525",11.88,"29,997.00"
2021-01-20,2021012003022244,NIBLPF,17,57,"2,000",11.88,"23,760.00"
2021-01-20,2021012003022243,NIBLPF,17,42,"1,010",11.84,"11,958.40"
2021-01-20,2021012003022242,NIBLPF,17,21,"1,000",11.80,"11,800.00"
2021-01-20,2021012003022241,NIBLPF,17,21,"1,000",11.79,"11,790.00"
2021-01-20,2021012003022240,NIBLPF,17,17,164,11.78,"1,931.92"
2021-01-20,2021012003022591,NLBBL,10,40,500,"1,302.00","651,000.00"
2021-01-20,2021012003022467,NLBBL,43,40,500,"1,301.00","650,500.00"
2021-01-20,2021012003022466,NLBBL,17,40,50,"1,301.00","65,050.00"
2021-01-20,2021012003022319,NLBBL,17,54,50,"1,301.00","65,050.00"
2021-01-20,2021012003022662,NLIC,53,22,87,"2,875.00","250,125.00"
2021-01-20,2021012003022661,NLIC,53,1,43,"2,875.00","123,625.00"
2021-01-20,2021012003022660,NLIC,53,44,100,"2,874.00","287,400.00"
2021-01-20,2021012003022635,NLIC,26,42,28,"2,870.00","80,360.00"
2021-01-20,2021012003022634,NLIC,57,42,25,"2,870.00","71,750.00"
2021-01-20,2021012003022593,NLIC,42,1,17,"2,875.00","48,875.00"
2021-01-20,2021012003022164,NLIC,50,44,10,"2,870.00","28,700.00"
2021-01-20,2021012003022211,NLIC,54,45,75,"2,869.00","215,175.00"
2021-01-20,2021012003022196,NLIC,50,16,49,"2,868.00","140,532.00"
2021-01-20,2021012003022186,NLIC,42,45,170,"2,869.00","487,730.00"
2021-01-20,2021012003022181,NLIC,50,8,200,"2,868.00","573,600.00"
2021-01-20,2021012003022174,NLIC,20,45,50,"2,869.00","143,450.00"
2021-01-20,2021012003022173,NLIC,58,45,10,"2,869.00","28,690.00"
2021-01-20,2021012003022228,NLIC,49,29,100,"2,870.00","287,000.00"
2021-01-20,2021012003022227,NLIC,49,44,379,"2,870.00","1,087,730.00"
2021-01-20,2021012003022226,NLIC,49,11,50,"2,868.00","143,400.00"
2021-01-20,2021012003022225,NLIC,49,59,149,"2,868.00","427,332.00"
2021-01-20,2021012003022214,NLIC,50,59,51,"2,868.00","146,268.00"
2021-01-20,2021012003022212,NLIC,54,44,125,"2,870.00","358,750.00"
2021-01-20,2021012003022234,NLIC,49,44,10,"2,870.00","28,700.00"
2021-01-20,2021012003022233,NLIC,49,51,50,"2,870.00","143,500.00"
2021-01-20,2021012003022232,NLIC,49,44,20,"2,870.00","57,400.00"
2021-01-20,2021012003022231,NLIC,49,42,22,"2,870.00","63,140.00"
2021-01-20,2021012003022230,NLIC,49,22,95,"2,870.00","272,650.00"
2021-01-20,2021012003022229,NLIC,49,41,50,"2,870.00","143,500.00"
2021-01-20,2021012003022345,NLIC,49,45,22,"2,869.00","63,118.00"
2021-01-20,2021012003022341,NLIC,49,11,35,"2,869.00","100,415.00"
2021-01-20,2021012003022340,NLIC,44,11,65,"2,869.00","186,485.00"
2021-01-20,2021012003022290,NLIC,14,33,50,"2,870.00","143,500.00"
2021-01-20,2021012003022236,NLIC,49,55,50,"2,871.00","143,550.00"
2021-01-20,2021012003022235,NLIC,49,13,25,"2,870.00","71,750.00"
2021-01-20,2021012003022418,NLIC,42,16,12,"2,870.00","34,440.00"
2021-01-20,2021012003022416,NLIC,1,16,65,"2,870.00","186,550.00"
2021-01-20,2021012003022405,NLIC,57,16,25,"2,870.00","71,750.00"
2021-01-20,2021012003022404,NLIC,42,16,98,"2,870.00","281,260.00"
2021-01-20,2021012003022403,NLIC,42,33,28,"2,870.00","80,360.00"
2021-01-20,2021012003022402,NLIC,42,56,44,"2,870.00","126,280.00"
2021-01-20,2021012003022445,NLIC,40,52,100,"2,870.00","287,000.00"
2021-01-20,2021012003022437,NLIC,47,35,10,"2,869.00","28,690.00"
2021-01-20,2021012003022433,NLIC,49,35,188,"2,869.00","539,372.00"
2021-01-20,2021012003022421,NLIC,42,55,12,"2,871.00","34,452.00"
2021-01-20,2021012003022420,NLIC,42,36,46,"2,870.00","132,020.00"
2021-01-20,2021012003022419,NLIC,42,28,100,"2,870.00","287,000.00"
2021-01-20,2021012003022520,NLIC,34,3,130,"2,870.00","373,100.00"
2021-01-20,2021012003022511,NLIC,14,3,50,"2,870.00","143,500.00"
2021-01-20,2021012003022484,NLIC,42,3,170,"2,870.00","487,900.00"
2021-01-20,2021012003022474,NLIC,26,3,100,"2,870.00","287,000.00"
2021-01-20,2021012003022473,NLIC,45,3,450,"2,870.00","1,291,500.00"
2021-01-20,2021012003022463,NLIC,40,3,100,"2,870.00","287,000.00"
2021-01-20,2021012003022561,NLIC,57,49,14,"2,870.00","40,180.00"
2021-01-20,2021012003022560,NLIC,57,55,180,"2,870.00","516,600.00"
2021-01-20,2021012003022550,NLIC,49,49,10,"2,870.00","28,700.00"
2021-01-20,2021012003022523,NLIC,34,49,23,"2,870.00","66,010.00"
2021-01-20,2021012003022522,NLIC,34,52,22,"2,870.00","63,140.00"
2021-01-20,2021012003022521,NLIC,34,36,25,"2,870.00","71,750.00"
2021-01-20,2021012003022583,NLIC,49,25,50,"2,874.00","143,700.00"
2021-01-20,2021012003022582,NLIC,49,57,100,"2,874.00","287,400.00"
2021-01-20,2021012003022581,NLIC,49,42,85,"2,872.00","244,120.00"
2021-01-20,2021012003022580,NLIC,49,55,378,"2,871.00","1,085,238.00"
2021-01-20,2021012003022567,NLIC,14,55,60,"2,871.00","172,260.00"
2021-01-20,2021012003022562,NLIC,57,51,31,"2,870.00","88,970.00"
2021-01-20,2021012003022592,NLIC,42,8,153,"2,875.00","439,875.00"
2021-01-20,2021012003022588,NLIC,49,8,47,"2,875.00","135,125.00"
2021-01-20,2021012003022587,NLIC,49,34,100,"2,875.00","287,500.00"
2021-01-20,2021012003022586,NLIC,49,44,100,"2,875.00","287,500.00"
2021-01-20,2021012003022585,NLIC,49,8,100,"2,875.00","287,500.00"
2021-01-20,2021012003022584,NLIC,49,14,40,"2,874.00","114,960.00"
2021-01-20,2021012003022570,NLICL,34,43,300,"1,066.00","319,800.00"
2021-01-20,2021012003022557,NLICL,14,17,67,"1,066.00","71,422.00"
2021-01-20,2021012003022351,NLICL,14,16,11,"1,066.00","11,726.00"
2021-01-20,2021012003022320,NLICL,53,16,10,"1,066.00","10,660.00"
2021-01-20,2021012003022197,NLICL,57,3,315,"1,066.00","335,790.00"
2021-01-20,2021012003022169,NLICL,34,3,500,"1,066.00","533,000.00"
2021-01-20,2021012003022456,NMBMF,17,42,50,"1,165.00","58,250.00"
2021-01-20,2021012003022274,NMBMF,38,19,50,"1,164.00","58,200.00"
2021-01-20,2021012003022625,NMFBS,45,59,211,"2,470.00","521,170.00"
2021-01-20,2021012003022624,NMFBS,45,6,29,"2,469.00","71,601.00"
2021-01-20,2021012003022623,NMFBS,45,7,10,"2,468.00","24,680.00"
2021-01-20,2021012003022658,NRIC,1,47,43,"1,476.00","63,468.00"
2021-01-20,2021012003022657,NRIC,4,47,33,"1,476.00","48,708.00"
2021-01-20,2021012003022656,NRIC,25,47,36,"1,476.00","53,136.00"
2021-01-20,2021012003022655,NRIC,37,47,100,"1,476.00","147,600.00"
2021-01-20,2021012003022654,NRIC,44,47,100,"1,476.00","147,600.00"
2021-01-20,2021012003022653,NRIC,57,47,558,"1,476.00","823,608.00"
2021-01-20,2021012003022184,NRIC,32,13,65,"1,478.00","96,070.00"
2021-01-20,2021012003022285,NRIC,26,45,20,"1,478.00","29,560.00"
2021-01-20,2021012003022280,NRIC,6,45,40,"1,478.00","59,120.00"
2021-01-20,2021012003022221,NRIC,6,38,155,"1,478.00","229,090.00"
2021-01-20,2021012003022205,NRIC,38,38,10,"1,478.00","14,780.00"
2021-01-20,2021012003022190,NRIC,25,35,22,"1,477.00","32,494.00"
2021-01-20,2021012003022185,NRIC,32,38,35,"1,478.00","51,730.00"
2021-01-20,2021012003022410,NRIC,33,34,50,"1,477.00","73,850.00"
2021-01-20,2021012003022409,NRIC,39,34,15,"1,477.00","22,155.00"
2021-01-20,2021012003022408,NRIC,25,34,78,"1,477.00","115,206.00"
2021-01-20,2021012003022407,NRIC,34,34,200,"1,478.00","295,600.00"
2021-01-20,2021012003022287,NRIC,26,50,380,"1,479.00","562,020.00"
2021-01-20,2021012003022286,NRIC,26,21,100,"1,479.00","147,900.00"
2021-01-20,2021012003022424,NRIC,43,29,36,"1,477.00","53,172.00"
2021-01-20,2021012003022415,NRIC,43,34,14,"1,477.00","20,678.00"
2021-01-20,2021012003022414,NRIC,57,34,13,"1,477.00","19,201.00"
2021-01-20,2021012003022413,NRIC,58,34,10,"1,477.00","14,770.00"
2021-01-20,2021012003022412,NRIC,59,34,50,"1,477.00","73,850.00"
2021-01-20,2021012003022411,NRIC,42,34,20,"1,477.00","29,540.00"
2021-01-20,2021012003022430,NRIC,57,29,362,"1,476.00","534,312.00"
2021-01-20,2021012003022429,NRIC,45,29,20,"1,476.00","29,520.00"
2021-01-20,2021012003022428,NRIC,49,29,200,"1,476.00","295,200.00"
2021-01-20,2021012003022427,NRIC,59,29,100,"1,476.00","147,600.00"
2021-01-20,2021012003022426,NRIC,26,29,67,"1,476.00","98,892.00"
2021-01-20,2021012003022425,NRIC,19,29,65,"1,477.00","96,005.00"
2021-01-20,2021012003022645,NRIC,13,4,55,"1,478.00","81,290.00"
2021-01-20,2021012003022590,NRIC,43,4,20,"1,478.00","29,560.00"
2021-01-20,2021012003022572,NRIC,57,45,40,"1,476.00","59,040.00"
2021-01-20,2021012003022469,NRIC,21,4,25,"1,478.00","36,950.00"
2021-01-20,2021012003022458,NRIC,57,45,40,"1,476.00","59,040.00"
2021-01-20,2021012003022434,NRIC,32,50,300,"1,479.00","443,700.00"
2021-01-20,2021012003022652,NRIC,45,47,30,"1,477.00","44,310.00"
2021-01-20,2021012003022651,NRIC,33,47,400,"1,477.00","590,800.00"
2021-01-20,2021012003022649,NRIC,13,3,65,"1,478.00","96,070.00"
2021-01-20,2021012003022648,NRIC,13,41,200,"1,478.00","295,600.00"
2021-01-20,2021012003022647,NRIC,13,44,200,"1,478.00","295,600.00"
2021-01-20,2021012003022646,NRIC,13,25,100,"1,478.00","147,800.00"
2021-01-20,2021012003022578,NRN,37,26,50,362.00,"18,100.00"
2021-01-20,2021012003022393,NRN,37,45,10,362.00,"3,620.00"
2021-01-20,2021012003022603,NTC,44,22,100,"1,339.00","133,900.00"
2021-01-20,2021012003022576,NTC,41,52,50,"1,338.00","66,900.00"
2021-01-20,2021012003022575,NTC,41,26,20,"1,338.00","26,760.00"
2021-01-20,2021012003022574,NTC,41,58,150,"1,338.00","200,700.00"
2021-01-20,2021012003022559,NTC,44,58,350,"1,338.00","468,300.00"
2021-01-20,2021012003022539,NTC,48,58,100,"1,338.00","133,800.00"
2021-01-20,2021012003022237,NTC,34,57,255,"1,337.00","340,935.00"
2021-01-20,2021012003022529,NTC,22,58,200,"1,338.00","267,600.00"
2021-01-20,2021012003022460,NTC,45,58,"1,000","1,338.00","1,338,000.00"
2021-01-20,2021012003022334,NTC,3,33,365,"1,337.00","488,005.00"
2021-01-20,2021012003022326,NTC,34,33,45,"1,337.00","60,165.00"
2021-01-20,2021012003022324,NTC,34,58,200,"1,337.00","267,400.00"
2021-01-20,2021012003022283,NTC,34,3,500,"1,337.00","668,500.00"
2021-01-20,2021012003022549,PFL,44,42,14,226.00,"3,164.00"
2021-01-20,2021012003022548,PFL,44,42,50,226.00,"11,300.00"
2021-01-20,2021012003022547,PFL,44,42,14,226.00,"3,164.00"
2021-01-20,2021012003022546,PFL,44,32,100,226.00,"22,600.00"
2021-01-20,2021012003022545,PFL,44,1,22,226.00,"4,972.00"
2021-01-20,2021012003022253,PFL,44,43,42,225.00,"9,450.00"
2021-01-20,2021012003022213,PFL,44,48,42,225.00,"9,450.00"
2021-01-20,2021012003022163,PFL,44,44,14,225.00,"3,150.00"
2021-01-20,2021012003022612,PLIC,51,53,88,816.00,"71,808.00"
2021-01-20,2021012003022611,PLIC,57,53,100,817.00,"81,700.00"
2021-01-20,2021012003022610,PLIC,50,53,100,817.00,"81,700.00"
2021-01-20,2021012003022609,PLIC,44,53,100,817.00,"81,700.00"
2021-01-20,2021012003022608,PLIC,47,53,50,818.00,"40,900.00"
2021-01-20,2021012003022443,PLIC,47,6,50,818.00,"40,900.00"
2021-01-20,2021012003022202,PROFL,22,32,49,181.00,"8,869.00"
2021-01-20,2021012003022201,PROFL,22,49,100,181.00,"18,100.00"
2021-01-20,2021012003022200,PROFL,22,45,440,181.00,"79,640.00"
2021-01-20,2021012003022199,PROFL,22,26,181,180.00,"32,580.00"
2021-01-20,2021012003022193,PROFL,45,26,500,180.00,"90,000.00"
2021-01-20,2021012003022192,PROFL,57,26,200,180.00,"36,000.00"
2021-01-20,2021012003022191,PROFL,58,26,64,180.00,"11,520.00"
2021-01-20,2021012003022589,RLI,50,45,10,627.00,"6,270.00"
2021-01-20,2021012003022475,RLI,50,45,10,627.00,"6,270.00"
2021-01-20,2021012003022435,RLI,13,38,10,629.00,"6,290.00"
2021-01-20,2021012003022392,RLI,13,45,10,629.00,"6,290.00"
2021-01-20,2021012003022330,RLI,13,48,10,629.00,"6,290.00"
2021-01-20,2021012003022329,RLI,13,41,10,629.00,"6,290.00"
2021-01-20,2021012003022275,RLI,48,45,10,629.00,"6,290.00"
2021-01-20,2021012003022328,RLI,13,53,45,629.00,"28,305.00"
2021-01-20,2021012003022327,RLI,13,45,10,629.00,"6,290.00"
2021-01-20,2021012003022279,RLI,48,53,15,629.00,"9,435.00"
2021-01-20,2021012003022278,RLI,48,51,10,629.00,"6,290.00"
2021-01-20,2021012003022277,RLI,48,35,55,629.00,"34,595.00"
2021-01-20,2021012003022276,RLI,48,56,10,629.00,"6,290.00"
2021-01-20,2021012003022289,RMDC,46,4,500,"1,150.00","575,000.00"
2021-01-20,2021012003022284,RMDC,28,4,434,"1,151.00","499,534.00"
2021-01-20,2021012003022601,RSDC,41,17,129,679.00,"87,591.00"
2021-01-20,2021012003022454,RSDC,41,34,134,679.00,"90,986.00"
2021-01-20,2021012003022476,SADBL,51,1,300,216.00,"64,800.00"
2021-01-20,2021012003022447,SADBL,36,48,50,215.00,"10,750.00"
2021-01-20,2021012003022394,SADBL,7,1,100,216.00,"21,600.00"
2021-01-20,2021012003022446,SDLBSL,41,38,10,"1,220.00","12,200.00"
2021-01-20,2021012003022400,SDLBSL,41,26,10,"1,220.00","12,200.00"
2021-01-20,2021012003022288,SEF,29,25,"1,000",10.91,"10,910.00"
2021-01-20,2021012003022622,SFCL,41,45,200,184.00,"36,800.00"
2021-01-20,2021012003022552,SFCL,36,56,870,185.00,"160,950.00"
2021-01-20,2021012003022551,SFCL,36,49,130,185.00,"24,050.00"
2021-01-20,2021012003022204,SFCL,41,45,315,184.00,"57,960.00"
2021-01-20,2021012003022203,SFCL,45,45,300,184.00,"55,200.00"
2021-01-20,2021012003022613,SHINE,13,42,300,265.00,"79,500.00"
2021-01-20,2021012003022607,SHINE,38,44,10,266.00,"2,660.00"
2021-01-20,2021012003022509,SHINE,44,20,25,265.00,"6,625.00"
2021-01-20,2021012003022508,SHINE,44,20,400,265.00,"106,000.00"
2021-01-20,2021012003022176,SHINE,1,20,200,265.00,"53,000.00"
2021-01-20,2021012003022175,SHINE,57,20,375,265.00,"99,375.00"
2021-01-20,2021012003022272,SHL,25,22,100,206.00,"20,600.00"
2021-01-20,2021012003022543,SIFC,40,44,25,237.00,"5,925.00"
2021-01-20,2021012003022618,SINDU,45,22,20,185.00,"3,700.00"
2021-01-20,2021012003022617,SINDU,58,22,100,185.00,"18,500.00"
2021-01-20,2021012003022616,SINDU,34,22,100,185.00,"18,500.00"
2021-01-20,2021012003022615,SINDU,42,22,25,185.00,"4,625.00"
2021-01-20,2021012003022207,SINDU,42,10,50,185.00,"9,250.00"
2021-01-20,2021012003022206,SINDU,36,10,50,185.00,"9,250.00"
2021-01-20,2021012003022281,SKBBL,19,34,17,"1,691.00","28,747.00"
2021-01-20,2021012003022558,SLBBL,53,17,10,"1,285.00","12,850.00"
2021-01-20,2021012003022555,SLBBL,17,17,90,"1,285.00","115,650.00"
2021-01-20,2021012003022554,SLBBL,17,41,10,"1,285.00","12,850.00"
2021-01-20,2021012003022553,SLBBL,17,16,500,"1,285.00","642,500.00"
2021-01-20,2021012003022478,SLBBL,53,34,15,"1,284.00","19,260.00"
2021-01-20,2021012003022480,SLBSL,45,13,11,"1,274.00","14,014.00"
2021-01-20,2021012003022347,SLBSL,55,13,35,"1,274.00","44,590.00"
2021-01-20,2021012003022346,SLBSL,55,11,50,"1,274.00","63,700.00"
2021-01-20,2021012003022259,SLBSL,55,19,10,"1,270.00","12,700.00"
2021-01-20,2021012003022208,SLBSL,55,16,13,"1,270.00","16,510.00"
2021-01-20,2021012003022171,SLBSL,55,54,79,"1,269.00","100,251.00"
2021-01-20,2021012003022491,SLICL,5,38,62,819.00,"50,778.00"
2021-01-20,2021012003022489,SLICL,1,38,18,819.00,"14,742.00"
2021-01-20,2021012003022406,SLICL,5,38,50,818.00,"40,900.00"
2021-01-20,2021012003022492,SMB,25,33,11,"1,380.00","15,180.00"
2021-01-20,2021012003022177,SMFBS,6,49,12,"1,780.00","21,360.00"
2021-01-20,2021012003022255,SMFDB,25,44,350,"1,115.00","390,250.00"
2021-01-20,2021012003022254,SMFDB,25,55,150,"1,114.00","167,100.00"
2021-01-20,2021012003022282,STC,45,41,30,"8,100.00","243,000.00"
2021-01-20,2021012003022273,SWBBL,45,50,10,"1,920.00","19,200.00"
2021-01-20,2021012003022519,TRH,19,57,500,323.00,"161,500.00"
2021-01-20,2021012003022602,UFL,38,6,50,333.00,"16,650.00"
2021-01-20,2021012003022577,UFL,6,38,100,333.00,"33,300.00"
2021-01-20,2021012003022544,VLBS,40,22,10,"1,243.00","12,430.00"
2021-01-20,2021012003022485,VLBS,16,6,10,"1,235.00","12,350.00"
2021-01-20,2021012003022453,VLBS,37,22,10,"1,242.00","12,420.00"
2021-01-20,2021012003022452,VLBS,37,32,100,"1,242.00","124,200.00"
2021-01-20,2021012003022451,VLBS,37,42,14,"1,242.00","17,388.00"
2021-01-20,2021012003022162,ACLBSL,47,34,140,"1,340.00","187,600.00"
2021-01-20,2021012003022152,ACLBSL,47,6,10,"1,340.00","13,400.00"
2021-01-20,2021012003022128,ACLBSL,56,34,100,"1,340.00","134,000.00"
2021-01-20,2021012003022118,ACLBSL,58,45,10,"1,345.00","13,450.00"
2021-01-20,2021012003021864,ACLBSL,35,10,10,"1,345.00","13,450.00"
2021-01-20,2021012003021737,ACLBSL,40,34,125,"1,340.00","167,500.00"
2021-01-20,2021012003022105,ALBSL,33,17,50,"1,303.00","65,150.00"
2021-01-20,2021012003022055,ALBSL,33,49,10,"1,303.00","13,030.00"
2021-01-20,2021012003022014,ALBSL,59,21,11,"1,303.00","14,333.00"
2021-01-20,2021012003021840,ALBSL,59,47,11,"1,303.00","14,333.00"
2021-01-20,2021012003021778,ALBSL,21,17,11,"1,314.00","14,454.00"
2021-01-20,2021012003021725,ALBSL,21,22,11,"1,314.00","14,454.00"
2021-01-20,2021012003021724,ALBSL,21,58,11,"1,310.00","14,410.00"
2021-01-20,2021012003022141,ALICL,50,16,98,"1,099.00","107,702.00"
2021-01-20,2021012003022078,ALICL,52,35,100,"1,098.00","109,800.00"
2021-01-20,2021012003021764,ALICL,45,34,50,"1,100.00","55,000.00"
2021-01-20,2021012003021686,ALICL,21,34,50,"1,100.00","55,000.00"
2021-01-20,2021012003022110,BBC,47,38,40,"3,135.00","125,400.00"
2021-01-20,2021012003021818,CFCL,32,47,41,211.00,"8,651.00"
2021-01-20,2021012003021817,CFCL,1,47,450,212.00,"95,400.00"
2021-01-20,2021012003021739,CFCL,45,39,300,213.00,"63,900.00"
2021-01-20,2021012003021694,CFCL,32,33,59,211.00,"12,449.00"
2021-01-20,2021012003022029,CIT,45,26,10,"3,459.00","34,590.00"
2021-01-20,2021012003022018,CIT,52,41,30,"3,457.00","103,710.00"
2021-01-20,2021012003022001,CIT,48,26,38,"3,459.00","131,442.00"
2021-01-20,2021012003022000,CIT,48,56,50,"3,458.00","172,900.00"
2021-01-20,2021012003021999,CIT,48,57,255,"3,458.00","881,790.00"
2021-01-20,2021012003021969,CIT,52,17,10,"3,457.00","34,570.00"
2021-01-20,2021012003021911,CIT,59,57,10,"3,458.00","34,580.00"
2021-01-20,2021012003021923,CLBSL,41,47,120,"1,009.00","121,080.00"
2021-01-20,2021012003021922,CLBSL,41,26,100,"1,008.00","100,800.00"
2021-01-20,2021012003021921,CLBSL,41,57,12,"1,005.00","12,060.00"
2021-01-20,2021012003021920,CLBSL,41,29,34,"1,005.00","34,170.00"
2021-01-20,2021012003021919,CLBSL,41,29,34,"1,005.00","34,170.00"
2021-01-20,2021012003021672,CLBSL,55,25,50,"1,000.00","50,000.00"
2021-01-20,2021012003022074,DDBL,20,26,100,"1,657.00","165,700.00"
2021-01-20,2021012003022073,DDBL,48,26,190,"1,657.00","314,830.00"
2021-01-20,2021012003022058,DDBL,17,54,100,"1,659.00","165,900.00"
2021-01-20,2021012003022052,DDBL,51,17,40,"1,658.00","66,320.00"
2021-01-20,2021012003022051,DDBL,51,17,60,"1,658.00","99,480.00"
2021-01-20,2021012003022094,FMDBL,58,34,200,677.00,"135,400.00"
2021-01-20,2021012003022010,FMDBL,39,53,96,680.00,"65,280.00"
2021-01-20,2021012003022009,FMDBL,39,46,500,680.00,"340,000.00"
2021-01-20,2021012003022008,FMDBL,39,22,150,680.00,"102,000.00"
2021-01-20,2021012003022007,FMDBL,39,37,50,680.00,"34,000.00"
2021-01-20,2021012003022006,FMDBL,39,46,652,680.00,"443,360.00"
2021-01-20,2021012003021732,FMDBL,17,22,35,676.00,"23,660.00"
2021-01-20,2021012003021884,FMDBL,44,22,200,679.00,"135,800.00"
2021-01-20,2021012003021883,FMDBL,44,57,152,679.00,"103,208.00"
2021-01-20,2021012003021854,FMDBL,44,57,48,679.00,"32,592.00"
2021-01-20,2021012003021853,FMDBL,44,14,228,679.00,"154,812.00"
2021-01-20,2021012003021852,FMDBL,44,21,100,678.00,"67,800.00"
2021-01-20,2021012003021851,FMDBL,44,26,124,678.00,"84,072.00"
2021-01-20,2021012003022005,FMDBL,39,36,"1,000",680.00,"680,000.00"
2021-01-20,2021012003022004,FMDBL,39,35,52,679.00,"35,308.00"
2021-01-20,2021012003021925,FMDBL,44,32,500,678.00,"339,000.00"
2021-01-20,2021012003021900,FMDBL,44,32,500,678.00,"339,000.00"
2021-01-20,2021012003021899,FMDBL,52,50,"1,000",676.00,"676,000.00"
2021-01-20,2021012003021885,FMDBL,44,35,148,679.00,"100,492.00"
2021-01-20,2021012003021929,FOWAD,17,34,50,"2,677.00","133,850.00"
