Date,Transact. No.,Symbol,Buyer,Seller,Quantity,Rate,Amount
2019-12-17,2019121701004644,ADBL,42,40,100,407.00,"40,700.00"
2019-12-17,2019121701004643,ADBL,34,40,100,407.00,"40,700.00"
2019-12-17,2019121701004642,ADBL,47,40,50,407.00,"20,350.00"
2019-12-17,2019121701004641,ADBL,8,40,41,407.00,"16,687.00"
2019-12-17,2019121701004640,ADBL,16,40,21,407.00,"8,547.00"
2019-12-17,2019121701004578,ADBL,16,42,479,407.00,"194,953.00"
2019-12-17,2019121701004577,ADBL,16,42,21,407.00,"8,547.00"
2019-12-17,2019121701004533,ADBL,16,59,50,407.00,"20,350.00"
2019-12-17,2019121701004367,AHPC,28,28,17,99.00,"1,683.00"
2019-12-17,2019121701004360,AHPC,28,28,15,98.00,"1,470.00"
2019-12-17,2019121701004586,AKBSL,59,34,50,479.00,"23,950.00"
2019-12-17,2019121701004531,AKBSL,49,42,10,473.00,"4,730.00"
2019-12-17,2019121701004436,AKBSL,58,39,200,480.00,"96,000.00"
2019-12-17,2019121701004435,AKBSL,58,58,356,480.00,"170,880.00"
2019-12-17,2019121701004434,AKBSL,58,1,30,480.00,"14,400.00"
2019-12-17,2019121701004429,AKBSL,58,48,200,479.00,"95,800.00"
2019-12-17,2019121701004428,AKBSL,58,10,40,479.00,"19,160.00"
2019-12-17,2019121701004427,AKBSL,58,34,170,478.00,"81,260.00"
2019-12-17,2019121701004426,AKBSL,58,34,200,477.00,"95,400.00"
2019-12-17,2019121701004425,AKBSL,58,8,20,476.00,"9,520.00"
2019-12-17,2019121701004424,AKBSL,58,57,50,475.00,"23,750.00"
2019-12-17,2019121701004301,AKBSL,49,25,10,471.00,"4,710.00"
2019-12-17,2019121701004451,ALBSL,57,46,70,469.00,"32,830.00"
2019-12-17,2019121701004412,ALBSL,16,46,25,469.00,"11,725.00"
2019-12-17,2019121701004411,ALBSL,16,35,25,468.00,"11,700.00"
2019-12-17,2019121701004410,ALBSL,16,39,50,468.00,"23,400.00"
2019-12-17,2019121701004409,ALBSL,16,1,200,467.00,"93,400.00"
2019-12-17,2019121701004408,ALBSL,16,55,20,467.00,"9,340.00"
2019-12-17,2019121701004343,ALBSL,57,46,50,467.00,"23,350.00"
2019-12-17,2019121701004295,ALBSL,25,46,46,467.00,"21,482.00"
2019-12-17,2019121701004294,ALBSL,25,55,44,467.00,"20,548.00"
2019-12-17,2019121701004293,ALBSL,25,41,10,466.00,"4,660.00"
2019-12-17,2019121701004629,ALICL,44,35,100,358.00,"35,800.00"
2019-12-17,2019121701004545,ALICL,44,45,45,362.00,"16,290.00"
2019-12-17,2019121701004501,ALICL,45,33,425,360.00,"153,000.00"
2019-12-17,2019121701004437,ALICL,34,34,1,348.00,348.00
2019-12-17,2019121701004414,ALICL,34,34,1,348.00,348.00
2019-12-17,2019121701004378,ALICL,34,34,1,348.00,348.00
2019-12-17,2019121701004312,ALICL,44,32,100,355.00,"35,500.00"
2019-12-17,2019121701004271,ALICL,42,33,75,360.00,"27,000.00"
2019-12-17,2019121701004274,API,25,59,50,109.00,"5,450.00"
2019-12-17,2019121701004517,BFC,34,26,20,88.00,"1,760.00"
2019-12-17,2019121701004431,BOKL,56,38,174,216.00,"37,584.00"
2019-12-17,2019121701004430,BOKL,6,38,374,216.00,"80,784.00"
2019-12-17,2019121701004724,BPCL,43,6,11,357.00,"3,927.00"
2019-12-17,2019121701004653,BPCL,39,38,200,354.00,"70,800.00"
2019-12-17,2019121701004600,BPCL,43,6,11,357.00,"3,927.00"
2019-12-17,2019121701004574,BPCL,43,45,50,354.00,"17,700.00"
2019-12-17,2019121701004453,BPCL,41,45,200,354.00,"70,800.00"
2019-12-17,2019121701004585,CBBL,54,42,70,805.00,"56,350.00"
2019-12-17,2019121701004584,CBBL,54,43,200,804.00,"160,800.00"
2019-12-17,2019121701004583,CBBL,54,42,60,804.00,"48,240.00"
2019-12-17,2019121701004499,CBBL,39,6,50,802.00,"40,100.00"
2019-12-17,2019121701004498,CBBL,39,42,10,802.00,"8,020.00"
2019-12-17,2019121701004468,CBBL,39,10,178,801.00,"142,578.00"
2019-12-17,2019121701004694,CBL,21,21,120,137.00,"16,440.00"
2019-12-17,2019121701004619,CBL,43,21,38,137.00,"5,206.00"
2019-12-17,2019121701004603,CCBL,40,25,100,166.00,"16,600.00"
2019-12-17,2019121701004404,CCBL,40,6,54,166.00,"8,964.00"
2019-12-17,2019121701004258,CEFL,4,38,800,103.00,"82,400.00"
2019-12-17,2019121701004648,CHCL,25,49,30,360.00,"10,800.00"
2019-12-17,2019121701004647,CHCL,28,49,50,360.00,"18,000.00"
2019-12-17,2019121701004646,CHCL,34,49,20,360.00,"7,200.00"
2019-12-17,2019121701004467,CHCL,11,39,60,360.00,"21,600.00"
2019-12-17,2019121701004338,CHCL,11,25,500,360.00,"180,000.00"
2019-12-17,2019121701004625,CZBIL,56,38,163,185.00,"30,155.00"
2019-12-17,2019121701004576,CZBIL,56,32,257,185.00,"47,545.00"
2019-12-17,2019121701004575,CZBIL,1,32,289,185.00,"53,465.00"
2019-12-17,2019121701004530,CZBIL,1,35,211,185.00,"39,035.00"
2019-12-17,2019121701004529,CZBIL,48,35,500,185.00,"92,500.00"
2019-12-17,2019121701004528,CZBIL,58,35,100,185.00,"18,500.00"
2019-12-17,2019121701004527,CZBIL,34,35,189,185.00,"34,965.00"
2019-12-17,2019121701004490,CZBIL,25,38,100,186.00,"18,600.00"
2019-12-17,2019121701004730,DBBL,1,25,156,130.00,"20,280.00"
2019-12-17,2019121701004729,DBBL,1,25,44,130.00,"5,720.00"
2019-12-17,2019121701004693,DBBL,45,29,10,131.00,"1,310.00"
2019-12-17,2019121701004634,DBBL,1,21,256,130.00,"33,280.00"
2019-12-17,2019121701004633,DBBL,45,21,500,130.00,"65,000.00"
2019-12-17,2019121701004632,DBBL,32,21,94,130.00,"12,220.00"
2019-12-17,2019121701004362,DBBL,36,1,141,130.00,"18,330.00"
2019-12-17,2019121701004303,DBBL,1,52,254,131.00,"33,274.00"
2019-12-17,2019121701004423,DBBL,32,25,100,130.00,"13,000.00"
2019-12-17,2019121701004422,DBBL,32,52,"1,000",130.00,"130,000.00"
2019-12-17,2019121701004417,DBBL,32,40,"1,000",130.00,"130,000.00"
2019-12-17,2019121701004416,DBBL,32,52,571,130.00,"74,230.00"
2019-12-17,2019121701004377,DBBL,32,43,176,130.00,"22,880.00"
2019-12-17,2019121701004363,DBBL,32,1,59,130.00,"7,670.00"
2019-12-17,2019121701004511,DDBL,44,4,39,861.00,"33,579.00"
2019-12-17,2019121701004510,DDBL,7,4,80,861.00,"68,880.00"
2019-12-17,2019121701004509,DDBL,50,4,381,863.00,"328,803.00"
2019-12-17,2019121701004337,DDBL,50,44,119,865.00,"102,935.00"
2019-12-17,2019121701004336,DDBL,50,33,100,865.00,"86,500.00"
2019-12-17,2019121701004335,DDBL,50,34,11,865.00,"9,515.00"
2019-12-17,2019121701004334,DDBL,50,38,30,865.00,"25,950.00"
2019-12-17,2019121701004333,DDBL,50,4,359,864.00,"310,176.00"
2019-12-17,2019121701004292,DDBL,6,4,141,864.00,"121,824.00"
2019-12-17,2019121701004676,DHPL,7,40,11,54.00,594.00
2019-12-17,2019121701004675,EBL,16,38,25,573.00,"14,325.00"
2019-12-17,2019121701004456,EBL,19,36,50,572.00,"28,600.00"
2019-12-17,2019121701004595,EBL,16,42,100,573.00,"57,300.00"
2019-12-17,2019121701004592,EBL,16,38,25,573.00,"14,325.00"
2019-12-17,2019121701004582,EBL,16,38,32,573.00,"18,336.00"
2019-12-17,2019121701004536,EBL,35,33,"1,330",573.00,"762,090.00"
2019-12-17,2019121701004308,EIC,42,51,50,269.00,"13,450.00"
2019-12-17,2019121701004588,FMDBL,42,36,100,316.00,"31,600.00"
2019-12-17,2019121701004268,FMDBL,16,34,100,320.00,"32,000.00"
2019-12-17,2019121701004241,FMDBL,11,34,50,320.00,"16,000.00"
2019-12-17,2019121701004407,FOWAD,6,16,10,"1,370.00","13,700.00"
2019-12-17,2019121701004395,FOWAD,6,41,19,"1,365.00","25,935.00"
2019-12-17,2019121701004394,FOWAD,6,11,10,"1,365.00","13,650.00"
2019-12-17,2019121701004393,FOWAD,6,3,13,"1,364.00","17,732.00"
2019-12-17,2019121701004291,GBBL,32,34,500,201.00,"100,500.00"
2019-12-17,2019121701004708,GBLBS,46,33,15,319.00,"4,785.00"
2019-12-17,2019121701004707,GBLBS,46,5,15,316.00,"4,740.00"
2019-12-17,2019121701004400,GBLBS,8,5,285,316.00,"90,060.00"
2019-12-17,2019121701004355,GBLBS,8,50,15,316.00,"4,740.00"
2019-12-17,2019121701004704,GGBSL,22,22,10,603.00,"6,030.00"
2019-12-17,2019121701004687,GILB,36,35,290,831.00,"240,990.00"
2019-12-17,2019121701004534,GLICL,26,22,445,449.00,"199,805.00"
2019-12-17,2019121701004452,GLICL,52,42,300,450.00,"135,000.00"
2019-12-17,2019121701004440,GLICL,50,58,445,449.00,"199,805.00"
2019-12-17,2019121701004406,GLICL,50,38,500,448.00,"224,000.00"
2019-12-17,2019121701004376,GLICL,52,58,55,449.00,"24,695.00"
2019-12-17,2019121701004375,GLICL,52,34,170,449.00,"76,330.00"
2019-12-17,2019121701004374,GLICL,52,18,100,449.00,"44,900.00"
2019-12-17,2019121701004373,GLICL,52,6,50,448.00,"22,400.00"
2019-12-17,2019121701004372,GLICL,52,54,100,448.00,"44,800.00"
2019-12-17,2019121701004371,GLICL,52,50,25,448.00,"11,200.00"
2019-12-17,2019121701004275,GLICL,42,50,75,448.00,"33,600.00"
2019-12-17,2019121701004719,GMFBS,29,45,70,573.00,"40,110.00"
2019-12-17,2019121701004561,GMFBS,28,45,12,573.00,"6,876.00"
2019-12-17,2019121701004695,GMFIL,43,45,170,114.00,"19,380.00"
2019-12-17,2019121701004314,GUFL,58,5,10,110.00,"1,100.00"
2019-12-17,2019121701004405,HBL,38,38,287,500.00,"143,500.00"
2019-12-17,2019121701004656,HDL,58,48,200,"1,249.00","249,800.00"
2019-12-17,2019121701004566,HDL,43,26,200,"1,251.00","250,200.00"
2019-12-17,2019121701004470,HDL,1,48,50,"1,250.00","62,500.00"
2019-12-17,2019121701004441,HDL,1,28,150,"1,250.00","187,500.00"
2019-12-17,2019121701004296,HGI,42,25,50,293.00,"14,650.00"
2019-12-17,2019121701004677,HIDCL,46,25,76,132.00,"10,032.00"
2019-12-17,2019121701004413,HIDCL,46,42,11,134.00,"1,474.00"
2019-12-17,2019121701004390,HIDCL,46,19,13,133.00,"1,729.00"
2019-12-17,2019121701004389,HIDCL,46,4,11,133.00,"1,463.00"
2019-12-17,2019121701004616,HURJA,45,50,25,102.00,"2,550.00"
2019-12-17,2019121701004615,HURJA,25,50,25,103.00,"2,575.00"
2019-12-17,2019121701004590,HURJA,25,21,20,103.00,"2,060.00"
2019-12-17,2019121701004714,ILBS,59,45,10,580.00,"5,800.00"
2019-12-17,2019121701004713,ILBS,59,56,10,580.00,"5,800.00"
2019-12-17,2019121701004654,ILBS,16,21,10,574.00,"5,740.00"
2019-12-17,2019121701004547,ILBS,16,42,10,574.00,"5,740.00"
2019-12-17,2019121701004313,ILBS,45,25,10,573.00,"5,730.00"
2019-12-17,2019121701004594,JFL,6,46,300,191.00,"57,300.00"
2019-12-17,2019121701004593,JFL,28,46,900,191.00,"171,900.00"
2019-12-17,2019121701004553,JSLBB,10,34,190,"1,218.00","231,420.00"
2019-12-17,2019121701004351,JSLBB,45,49,164,"1,234.00","202,376.00"
2019-12-17,2019121701004350,JSLBB,10,49,200,"1,235.00","247,000.00"
2019-12-17,2019121701004349,JSLBB,17,49,10,"1,235.00","12,350.00"
2019-12-17,2019121701004348,JSLBB,11,49,50,"1,236.00","61,800.00"
2019-12-17,2019121701004623,KBL,58,22,10,181.00,"1,810.00"
2019-12-17,2019121701004544,KBL,3,13,2,180.00,360.00
2019-12-17,2019121701004543,KBL,3,25,998,180.00,"179,640.00"
2019-12-17,2019121701004542,KBL,6,25,50,180.00,"9,000.00"
2019-12-17,2019121701004541,KBL,51,25,100,180.00,"18,000.00"
2019-12-17,2019121701004540,KBL,42,25,50,180.00,"9,000.00"
2019-12-17,2019121701004539,KBL,3,25,"1,000",180.00,"180,000.00"
2019-12-17,2019121701004538,KBL,44,25,14,180.00,"2,520.00"
2019-12-17,2019121701004297,KBL,50,41,494,181.00,"89,414.00"
2019-12-17,2019121701004285,KSBBL,29,32,600,135.00,"81,000.00"
2019-12-17,2019121701004611,LBBL,33,4,10,190.00,"1,900.00"
2019-12-17,2019121701004526,LBBL,20,49,"2,000",189.00,"378,000.00"
2019-12-17,2019121701004525,LBBL,20,49,500,189.00,"94,500.00"
2019-12-17,2019121701004481,LBL,25,55,145,192.00,"27,840.00"
2019-12-17,2019121701004480,LBL,25,55,100,192.00,"19,200.00"
2019-12-17,2019121701004479,LBL,14,55,100,192.00,"19,200.00"
2019-12-17,2019121701004478,LBL,5,55,50,192.00,"9,600.00"
2019-12-17,2019121701004696,LLBS,18,49,10,691.00,"6,910.00"
2019-12-17,2019121701004305,LLBS,57,29,100,680.00,"68,000.00"
2019-12-17,2019121701004304,LLBS,57,43,104,679.00,"70,616.00"
2019-12-17,2019121701004532,MBL,20,35,"1,000",220.00,"220,000.00"
2019-12-17,2019121701004508,MEGA,21,3,32,185.00,"5,920.00"
2019-12-17,2019121701004496,MEGA,57,3,32,185.00,"5,920.00"
2019-12-17,2019121701004495,MEGA,57,3,32,185.00,"5,920.00"
2019-12-17,2019121701004494,MEGA,57,3,32,185.00,"5,920.00"
2019-12-17,2019121701004493,MEGA,57,3,32,185.00,"5,920.00"
2019-12-17,2019121701004321,MEGA,21,58,70,186.00,"13,020.00"
2019-12-17,2019121701004318,MEGA,57,42,68,185.00,"12,580.00"
2019-12-17,2019121701004317,MEGA,47,42,41,185.00,"7,585.00"
2019-12-17,2019121701004243,MEGA,47,21,159,185.00,"29,415.00"
2019-12-17,2019121701004242,MEGA,51,21,112,185.00,"20,720.00"
2019-12-17,2019121701004418,MERO,40,21,20,440.00,"8,800.00"
2019-12-17,2019121701004709,MFIL,32,19,50,132.00,"6,600.00"
2019-12-17,2019121701004688,MFIL,38,42,"2,000",131.00,"262,000.00"
2019-12-17,2019121701004522,MFIL,32,19,50,132.00,"6,600.00"
2019-12-17,2019121701004399,MFIL,32,42,"1,000",131.00,"131,000.00"
2019-12-17,2019121701004398,MFIL,32,42,"1,000",131.00,"131,000.00"
2019-12-17,2019121701004280,MHNL,45,46,270,81.00,"21,870.00"
2019-12-17,2019121701004601,MLBL,33,40,10,176.00,"1,760.00"
2019-12-17,2019121701004735,MNBBL,53,6,12,277.00,"3,324.00"
2019-12-17,2019121701004723,MNBBL,42,49,250,276.00,"69,000.00"
2019-12-17,2019121701004657,MNBBL,53,6,94,277.00,"26,038.00"
2019-12-17,2019121701004579,MNBBL,51,6,100,277.00,"27,700.00"
2019-12-17,2019121701004552,MNBBL,46,43,275,277.00,"76,175.00"
2019-12-17,2019121701004455,MNBBL,53,43,220,277.00,"60,940.00"
2019-12-17,2019121701004454,MNBBL,53,42,30,277.00,"8,310.00"
2019-12-17,2019121701004471,MSLB,39,7,100,892.00,"89,200.00"
2019-12-17,2019121701004604,NABIL,45,4,20,743.00,"14,860.00"
2019-12-17,2019121701004581,NABIL,50,4,60,743.00,"44,580.00"
2019-12-17,2019121701004580,NABIL,16,4,300,743.00,"222,900.00"
2019-12-17,2019121701004385,NABIL,58,4,500,743.00,"371,500.00"
2019-12-17,2019121701004341,NABIL,43,50,64,745.00,"47,680.00"
2019-12-17,2019121701004340,NABIL,43,51,100,745.00,"74,500.00"
2019-12-17,2019121701004339,NABIL,43,38,336,745.00,"250,320.00"
2019-12-17,2019121701004703,NADEP,19,18,70,460.00,"32,200.00"
2019-12-17,2019121701004506,NBB,44,59,47,190.00,"8,930.00"
2019-12-17,2019121701004697,NBL,16,36,100,313.00,"31,300.00"
2019-12-17,2019121701004535,NBL,44,58,"1,000",313.00,"313,000.00"
2019-12-17,2019121701004459,NBL,25,4,500,313.00,"156,500.00"
2019-12-17,2019121701004458,NBL,16,4,"1,000",313.00,"313,000.00"
2019-12-17,2019121701004457,NBL,48,4,500,313.00,"156,500.00"
2019-12-17,2019121701004391,NBL,48,36,100,313.00,"31,300.00"
2019-12-17,2019121701004354,NBL,59,34,"1,000",313.00,"313,000.00"
2019-12-17,2019121701004353,NBL,29,34,300,313.00,"93,900.00"
2019-12-17,2019121701004352,NBL,16,34,700,313.00,"219,100.00"
2019-12-17,2019121701004330,NBL,16,34,300,313.00,"93,900.00"
2019-12-17,2019121701004329,NBL,17,34,200,313.00,"62,600.00"
2019-12-17,2019121701004328,NBL,1,34,500,313.00,"156,500.00"
2019-12-17,2019121701004734,NCCB,33,25,10,201.00,"2,010.00"
2019-12-17,2019121701004733,NCCB,33,41,230,201.00,"46,230.00"
2019-12-17,2019121701004609,NCCB,34,26,84,200.00,"16,800.00"
2019-12-17,2019121701004433,NCCB,36,26,10,202.00,"2,020.00"
2019-12-17,2019121701004432,NCCB,36,32,120,201.00,"24,120.00"
2019-12-17,2019121701004239,NCCB,3,32,50,201.00,"10,050.00"
2019-12-17,2019121701004557,NFS,11,41,150,136.00,"20,400.00"
2019-12-17,2019121701004473,NFS,38,41,50,136.00,"6,800.00"
2019-12-17,2019121701004702,NIB,48,48,150,429.00,"64,350.00"
2019-12-17,2019121701004667,NIB,47,36,20,431.00,"8,620.00"
2019-12-17,2019121701004248,NIB,3,36,25,431.00,"10,775.00"
2019-12-17,2019121701004606,NIBPO,14,38,40,400.00,"16,000.00"
2019-12-17,2019121701004559,NIBSF1,19,26,100,8.74,874.00
2019-12-17,2019121701004537,NICA,28,59,219,414.00,"90,666.00"
2019-12-17,2019121701004524,NICA,28,45,275,414.00,"113,850.00"
2019-12-17,2019121701004520,NICA,28,59,506,414.00,"209,484.00"
2019-12-17,2019121701004519,NICA,35,59,494,414.00,"204,516.00"
2019-12-17,2019121701004491,NICA,35,4,500,414.00,"207,000.00"
2019-12-17,2019121701004476,NICA,35,4,500,414.00,"207,000.00"
2019-12-17,2019121701004392,NICA,35,51,506,414.00,"209,484.00"
2019-12-17,2019121701004282,NICA,28,57,500,415.00,"207,500.00"
2019-12-17,2019121701004624,NICL,25,57,15,297.00,"4,455.00"
2019-12-17,2019121701004598,NICL,28,25,200,293.00,"58,600.00"
2019-12-17,2019121701004597,NICL,53,25,28,295.00,"8,260.00"
2019-12-17,2019121701004307,NICL,53,25,48,295.00,"14,160.00"
2019-12-17,2019121701004251,NIL,42,19,100,417.00,"41,700.00"
2019-12-17,2019121701004250,NIL,22,34,500,409.00,"204,500.00"
2019-12-17,2019121701004698,NLIC,1,33,140,884.00,"123,760.00"
2019-12-17,2019121701004682,NLIC,46,33,10,884.00,"8,840.00"
2019-12-17,2019121701004666,NLIC,4,33,150,884.00,"132,600.00"
2019-12-17,2019121701004664,NLIC,13,4,247,882.00,"217,854.00"
2019-12-17,2019121701004663,NLIC,45,4,30,882.00,"26,460.00"
2019-12-17,2019121701004662,NLIC,50,4,100,882.00,"88,200.00"
2019-12-17,2019121701004445,NLIC,53,4,11,886.00,"9,746.00"
2019-12-17,2019121701004487,NLIC,34,38,50,884.00,"44,200.00"
2019-12-17,2019121701004486,NLIC,5,38,10,885.00,"8,850.00"
2019-12-17,2019121701004450,NLIC,4,4,50,886.00,"44,300.00"
2019-12-17,2019121701004448,NLIC,5,4,10,886.00,"8,860.00"
2019-12-17,2019121701004447,NLIC,56,4,28,886.00,"24,808.00"
2019-12-17,2019121701004446,NLIC,48,4,10,886.00,"8,860.00"
2019-12-17,2019121701004661,NLIC,13,4,14,882.00,"12,348.00"
2019-12-17,2019121701004614,NLIC,6,56,90,883.00,"79,470.00"
2019-12-17,2019121701004550,NLIC,13,25,76,882.00,"67,032.00"
2019-12-17,2019121701004549,NLIC,53,25,100,883.00,"88,300.00"
2019-12-17,2019121701004548,NLIC,38,25,38,883.00,"33,554.00"
2019-12-17,2019121701004488,NLIC,38,38,162,883.00,"143,046.00"
2019-12-17,2019121701004736,NLICL,38,38,130,475.00,"61,750.00"
2019-12-17,2019121701004332,NLICL,8,44,529,472.00,"249,688.00"
2019-12-17,2019121701004322,NLICL,8,32,100,472.00,"47,200.00"
2019-12-17,2019121701004270,NLICL,38,32,100,478.00,"47,800.00"
2019-12-17,2019121701004269,NLICL,38,35,100,478.00,"47,800.00"
2019-12-17,2019121701004240,NLICL,42,35,100,478.00,"47,800.00"
2019-12-17,2019121701004705,NMB,33,59,10,401.00,"4,010.00"
2019-12-17,2019121701004649,NMB,16,1,"1,240",400.00,"496,000.00"
2019-12-17,2019121701004602,NMB,11,59,150,401.00,"60,150.00"
2019-12-17,2019121701004596,NMB,16,43,12,400.00,"4,800.00"
2019-12-17,2019121701004573,NMB,22,14,94,400.00,"37,600.00"
2019-12-17,2019121701004572,NMB,42,14,35,400.00,"14,000.00"
2019-12-17,2019121701004261,NMB,54,45,142,401.00,"56,942.00"
2019-12-17,2019121701004260,NMB,54,3,578,401.00,"231,778.00"
2019-12-17,2019121701004259,NMB,54,25,33,400.00,"13,200.00"
2019-12-17,2019121701004238,NMB,35,25,10,400.00,"4,000.00"
2019-12-17,2019121701004237,NMB,1,25,200,400.00,"80,000.00"
2019-12-17,2019121701004288,NMB,54,14,37,401.00,"14,837.00"
2019-12-17,2019121701004266,NMB,54,58,189,401.00,"75,789.00"
2019-12-17,2019121701004265,NMB,54,58,189,401.00,"75,789.00"
2019-12-17,2019121701004264,NMB,54,38,50,401.00,"20,050.00"
2019-12-17,2019121701004263,NMB,54,34,474,401.00,"190,074.00"
2019-12-17,2019121701004262,NMB,54,1,270,401.00,"108,270.00"
2019-12-17,2019121701004379,NMB,33,59,50,401.00,"20,050.00"
2019-12-17,2019121701004369,NMB,42,14,30,401.00,"12,030.00"
2019-12-17,2019121701004368,NMB,16,14,300,401.00,"120,300.00"
2019-12-17,2019121701004358,NMB,21,14,100,401.00,"40,100.00"
2019-12-17,2019121701004357,NMB,3,14,25,401.00,"10,025.00"
2019-12-17,2019121701004356,NMB,54,14,38,401.00,"15,238.00"
2019-12-17,2019121701004571,NMB,34,14,50,400.00,"20,000.00"
2019-12-17,2019121701004570,NMB,35,14,100,400.00,"40,000.00"
2019-12-17,2019121701004569,NMB,5,14,500,400.00,"200,000.00"
2019-12-17,2019121701004568,NMB,35,14,221,400.00,"88,400.00"
2019-12-17,2019121701004515,NMB,26,59,150,401.00,"60,150.00"
2019-12-17,2019121701004477,NMB,35,42,89,400.00,"35,600.00"
2019-12-17,2019121701004365,NMBHF1,5,25,"1,500",8.65,"12,975.00"
2019-12-17,2019121701004364,NMBHF1,5,22,"1,000",8.64,"8,640.00"
2019-12-17,2019121701004523,NMBMF,34,34,10,565.00,"5,650.00"
2019-12-17,2019121701004513,NMBMF,34,41,18,560.00,"10,080.00"
2019-12-17,2019121701004512,NMBMF,34,29,30,553.00,"16,590.00"
2019-12-17,2019121701004283,NMBMF,14,29,20,553.00,"11,060.00"
2019-12-17,2019121701004298,NMFBS,33,10,40,"1,260.00","50,400.00"
2019-12-17,2019121701004485,NNLB,14,25,89,607.00,"54,023.00"
2019-12-17,2019121701004484,NNLB,17,25,11,607.00,"6,677.00"
2019-12-17,2019121701004310,NNLB,11,25,20,607.00,"12,140.00"
2019-12-17,2019121701004257,NNLB,37,22,10,600.00,"6,000.00"
2019-12-17,2019121701004256,NNLB,38,22,10,600.00,"6,000.00"
2019-12-17,2019121701004255,NNLB,45,22,60,600.00,"36,000.00"
2019-12-17,2019121701004244,NNLB,48,22,80,601.00,"48,080.00"
2019-12-17,2019121701004628,NTC,32,16,10,642.00,"6,420.00"
2019-12-17,2019121701004489,NTC,4,40,240,640.00,"153,600.00"
2019-12-17,2019121701004327,NTC,4,40,20,640.00,"12,800.00"
2019-12-17,2019121701004324,NTC,4,40,50,640.00,"32,000.00"
2019-12-17,2019121701004323,NTC,4,40,50,640.00,"32,000.00"
2019-12-17,2019121701004316,NTC,4,40,60,640.00,"38,400.00"
2019-12-17,2019121701004311,NTC,6,40,70,640.00,"44,800.00"
2019-12-17,2019121701004249,NTC,46,40,10,640.00,"6,400.00"
2019-12-17,2019121701004622,NUBL,42,38,15,771.00,"11,565.00"
2019-12-17,2019121701004587,NUBL,19,6,30,773.00,"23,190.00"
2019-12-17,2019121701004247,NUBL,19,58,20,772.00,"15,440.00"
2019-12-17,2019121701004720,OHL,34,49,100,417.00,"41,700.00"
2019-12-17,2019121701004671,OHL,34,49,30,417.00,"12,510.00"
2019-12-17,2019121701004670,OHL,34,49,20,417.00,"8,340.00"
2019-12-17,2019121701004287,OHL,34,55,165,418.00,"68,970.00"
2019-12-17,2019121701004383,OHL,34,16,50,418.00,"20,900.00"
2019-12-17,2019121701004382,OHL,34,16,50,418.00,"20,900.00"
2019-12-17,2019121701004381,OHL,34,16,100,418.00,"41,800.00"
2019-12-17,2019121701004344,OHL,34,38,98,418.00,"40,964.00"
2019-12-17,2019121701004669,OHL,5,49,50,417.00,"20,850.00"
2019-12-17,2019121701004420,OHL,34,55,100,418.00,"41,800.00"
2019-12-17,2019121701004419,OHL,34,55,16,418.00,"6,688.00"
2019-12-17,2019121701004384,OHL,34,16,64,418.00,"26,752.00"
2019-12-17,2019121701004712,PCBL,1,42,76,276.00,"20,976.00"
2019-12-17,2019121701004701,PCBL,42,42,30,277.00,"8,310.00"
2019-12-17,2019121701004700,PCBL,44,42,250,277.00,"69,250.00"
2019-12-17,2019121701004699,PCBL,8,42,89,278.00,"24,742.00"
2019-12-17,2019121701004563,PCBL,8,16,11,278.00,"3,058.00"
2019-12-17,2019121701004560,PCBL,44,47,100,277.00,"27,700.00"
2019-12-17,2019121701004681,PFL,53,20,13,145.00,"1,885.00"
2019-12-17,2019121701004659,PFL,53,20,13,145.00,"1,885.00"
2019-12-17,2019121701004630,PFL,53,20,13,145.00,"1,885.00"
2019-12-17,2019121701004607,PFL,53,20,13,145.00,"1,885.00"
2019-12-17,2019121701004564,PFL,53,20,13,145.00,"1,885.00"
2019-12-17,2019121701004492,PIC,34,57,50,403.00,"20,150.00"
2019-12-17,2019121701004345,PIC,34,50,20,403.00,"8,060.00"
2019-12-17,2019121701004402,PICL,50,56,10,420.00,"4,200.00"
2019-12-17,2019121701004401,PICL,50,19,550,420.00,"231,000.00"
2019-12-17,2019121701004690,PLIC,56,48,10,353.00,"3,530.00"
2019-12-17,2019121701004674,PLIC,50,57,512,351.00,"179,712.00"
2019-12-17,2019121701004565,PLIC,33,35,110,348.00,"38,280.00"
2019-12-17,2019121701004521,PLIC,50,18,149,350.00,"52,150.00"
2019-12-17,2019121701004331,PLIC,53,49,300,350.00,"105,000.00"
2019-12-17,2019121701004309,PLIC,45,57,50,351.00,"17,550.00"
2019-12-17,2019121701004286,PLIC,53,1,100,350.00,"35,000.00"
2019-12-17,2019121701004279,PLIC,50,1,200,351.00,"70,200.00"
2019-12-17,2019121701004253,PLIC,50,34,15,352.00,"5,280.00"
2019-12-17,2019121701004252,PLIC,50,25,50,352.00,"17,600.00"
2019-12-17,2019121701004246,PLIC,53,6,100,350.00,"35,000.00"
2019-12-17,2019121701004366,PRIN,6,43,10,337.00,"3,370.00"
2019-12-17,2019121701004463,PROFL,25,34,10,95.00,950.00
2019-12-17,2019121701004386,PROFL,41,34,10,94.00,940.00
2019-12-17,2019121701004716,PRVU,32,46,364,226.00,"82,264.00"
2019-12-17,2019121701004715,PRVU,13,46,636,226.00,"143,736.00"
2019-12-17,2019121701004689,PRVU,43,46,"1,000",227.00,"227,000.00"
2019-12-17,2019121701004267,PRVU,3,3,50,227.00,"11,350.00"
2019-12-17,2019121701004320,PRVU,32,29,"1,000",227.00,"227,000.00"
2019-12-17,2019121701004319,PRVU,32,3,"1,009",227.00,"229,043.00"
2019-12-17,2019121701004439,PRVU,32,32,"2,000",227.00,"454,000.00"
2019-12-17,2019121701004438,PRVU,32,36,100,227.00,"22,700.00"
2019-12-17,2019121701004500,RBCLPO,42,33,30,"7,355.00","220,650.00"
2019-12-17,2019121701004302,RBCLPO,37,33,10,"7,450.00","74,500.00"
2019-12-17,2019121701004245,RBCLPO,38,33,10,"7,497.00","74,970.00"
2019-12-17,2019121701004507,RHPC,59,28,350,71.00,"24,850.00"
2019-12-17,2019121701004727,RHPL,54,57,400,172.00,"68,800.00"
2019-12-17,2019121701004725,RHPL,45,10,10,171.00,"1,710.00"
2019-12-17,2019121701004718,RHPL,45,6,70,171.00,"11,970.00"
2019-12-17,2019121701004717,RHPL,45,13,500,171.00,"85,500.00"
2019-12-17,2019121701004631,RHPL,45,10,10,171.00,"1,710.00"
2019-12-17,2019121701004610,RHPL,45,29,30,171.00,"5,130.00"
2019-12-17,2019121701004444,RHPL,45,57,100,172.00,"17,200.00"
2019-12-17,2019121701004306,RHPL,45,22,10,171.00,"1,710.00"
2019-12-17,2019121701004731,RSDC,32,40,56,312.00,"17,472.00"
2019-12-17,2019121701004711,RSDC,48,49,10,315.00,"3,150.00"
2019-12-17,2019121701004608,RSDC,34,36,55,314.00,"17,270.00"
2019-12-17,2019121701004276,RSDC,52,39,15,318.00,"4,770.00"
2019-12-17,2019121701004726,SABSL,16,50,200,548.00,"109,600.00"
2019-12-17,2019121701004665,SABSL,57,45,100,545.00,"54,500.00"
2019-12-17,2019121701004397,SABSL,45,21,10,543.00,"5,430.00"
2019-12-17,2019121701004613,SADBL,32,26,59,140.00,"8,260.00"
2019-12-17,2019121701004612,SADBL,28,26,324,140.00,"45,360.00"
2019-12-17,2019121701004635,SANIMA,44,43,15,314.00,"4,710.00"
2019-12-17,2019121701004462,SANIMA,6,42,250,315.00,"78,750.00"
2019-12-17,2019121701004461,SANIMA,6,14,430,315.00,"135,450.00"
2019-12-17,2019121701004300,SANIMA,17,14,70,315.00,"22,050.00"
2019-12-17,2019121701004299,SANIMA,17,38,50,315.00,"15,750.00"
2019-12-17,2019121701004591,SBI,47,33,20,350.00,"7,000.00"
2019-12-17,2019121701004497,SBI,28,33,71,350.00,"24,850.00"
2019-12-17,2019121701004472,SBI,51,33,100,350.00,"35,000.00"
2019-12-17,2019121701004620,SBL,16,26,279,288.00,"80,352.00"
2019-12-17,2019121701004281,SBL,43,49,200,288.00,"57,600.00"
2019-12-17,2019121701004361,SCB,7,14,20,538.00,"10,760.00"
2019-12-17,2019121701004415,SDESI,45,14,20,580.00,"11,600.00"
2019-12-17,2019121701004388,SDESI,45,42,500,579.00,"289,500.00"
2019-12-17,2019121701004387,SDESI,45,45,245,578.00,"141,610.00"
2019-12-17,2019121701004483,SFCL,21,25,15,106.00,"1,590.00"
2019-12-17,2019121701004482,SFCL,21,25,17,106.00,"1,802.00"
2019-12-17,2019121701004421,SFCL,57,25,100,106.00,"10,600.00"
2019-12-17,2019121701004658,SHINE,34,57,208,237.00,"49,296.00"
2019-12-17,2019121701004469,SHINE,40,57,100,238.00,"23,800.00"
2019-12-17,2019121701004627,SHINE,40,57,50,237.00,"11,850.00"
2019-12-17,2019121701004599,SHINE,40,49,150,237.00,"35,550.00"
2019-12-17,2019121701004621,SHIVM,42,58,10,360.00,"3,600.00"
2019-12-17,2019121701004505,SHIVM,38,37,300,358.00,"107,400.00"
2019-12-17,2019121701004504,SHIVM,22,37,25,358.00,"8,950.00"
2019-12-17,2019121701004503,SHIVM,38,37,200,359.00,"71,800.00"
2019-12-17,2019121701004502,SHIVM,36,37,20,359.00,"7,180.00"
2019-12-17,2019121701004396,SHIVM,38,28,100,359.00,"35,900.00"
2019-12-17,2019121701004710,SHL,25,11,200,183.00,"36,600.00"
2019-12-17,2019121701004692,SICL,45,50,55,860.00,"47,300.00"
2019-12-17,2019121701004691,SICL,45,36,70,859.00,"60,130.00"
2019-12-17,2019121701004466,SICL,45,4,100,860.00,"86,000.00"
2019-12-17,2019121701004465,SICL,45,38,50,860.00,"43,000.00"
2019-12-17,2019121701004464,SICL,45,38,100,860.00,"86,000.00"
2019-12-17,2019121701004284,SICL,42,50,55,862.00,"47,410.00"
2019-12-17,2019121701004706,SJCL,45,37,20,159.00,"3,180.00"
2019-12-17,2019121701004289,SJCL,45,22,10,158.00,"1,580.00"
2019-12-17,2019121701004728,SKBBL,29,43,90,971.00,"87,390.00"
2019-12-17,2019121701004673,SKBBL,34,43,100,975.00,"97,500.00"
2019-12-17,2019121701004672,SKBBL,21,43,110,975.00,"107,250.00"
2019-12-17,2019121701004315,SKBBL,6,53,110,980.00,"107,800.00"
2019-12-17,2019121701004273,SKBBL,6,49,78,980.00,"76,440.00"
2019-12-17,2019121701004370,SLBBL,57,14,100,550.00,"55,000.00"
2019-12-17,2019121701004722,SLICL,38,19,100,293.00,"29,300.00"
2019-12-17,2019121701004721,SLICL,38,34,20,293.00,"5,860.00"
2019-12-17,2019121701004660,SLICL,39,45,100,290.00,"29,000.00"
2019-12-17,2019121701004618,SLICL,39,21,336,290.00,"97,440.00"
2019-12-17,2019121701004617,SLICL,57,21,50,290.00,"14,500.00"
2019-12-17,2019121701004342,SLICL,38,34,10,293.00,"2,930.00"
2019-12-17,2019121701004326,SLICL,34,4,160,290.00,"46,400.00"
2019-12-17,2019121701004325,SLICL,34,4,340,292.00,"99,280.00"
2019-12-17,2019121701004278,SLICL,34,40,160,292.00,"46,720.00"
2019-12-17,2019121701004254,SLICL,56,34,100,293.00,"29,300.00"
2019-12-17,2019121701004605,SLICL,38,34,20,293.00,"5,860.00"
2019-12-17,2019121701004556,SLICL,39,4,10,290.00,"2,900.00"
2019-12-17,2019121701004555,SLICL,34,4,140,290.00,"40,600.00"
2019-12-17,2019121701004554,SLICL,13,4,50,291.00,"14,550.00"
2019-12-17,2019121701004449,SLICL,34,34,50,293.00,"14,650.00"
2019-12-17,2019121701004347,SLICL,34,5,700,290.00,"203,000.00"
2019-12-17,2019121701004686,SMB,48,56,50,520.00,"26,000.00"
2019-12-17,2019121701004685,SMB,42,56,10,520.00,"5,200.00"
2019-12-17,2019121701004684,SMB,48,56,50,521.00,"26,050.00"
2019-12-17,2019121701004683,SMB,48,56,100,522.00,"52,200.00"
2019-12-17,2019121701004514,SMFBS,34,57,10,943.00,"9,430.00"
2019-12-17,2019121701004380,SMFBS,50,38,20,931.00,"18,620.00"
2019-12-17,2019121701004678,SMFDB,33,36,212,622.00,"131,864.00"
2019-12-17,2019121701004645,SMFDB,5,49,101,628.00,"63,428.00"
2019-12-17,2019121701004558,SMFDB,33,5,50,622.00,"31,100.00"
2019-12-17,2019121701004551,SPARS,42,44,20,605.00,"12,100.00"
2019-12-17,2019121701004518,SPARS,43,44,100,605.00,"60,500.00"
2019-12-17,2019121701004516,SPARS,7,44,50,605.00,"30,250.00"
2019-12-17,2019121701004277,SPARS,11,44,197,609.00,"119,973.00"
2019-12-17,2019121701004655,SRBL,14,7,100,217.00,"21,700.00"
2019-12-17,2019121701004442,SRBL,14,49,250,217.00,"54,250.00"
2019-12-17,2019121701004732,STC,1,51,10,"1,596.00","15,960.00"
2019-12-17,2019121701004562,STC,25,43,20,"1,626.00","32,520.00"
2019-12-17,2019121701004589,SWBBL,41,53,30,820.00,"24,600.00"
2019-12-17,2019121701004546,SWBBL,41,45,100,820.00,"82,000.00"
2019-12-17,2019121701004475,SWBBL,41,7,370,820.00,"303,400.00"
2019-12-17,2019121701004474,SWBBL,39,7,100,821.00,"82,100.00"
2019-12-17,2019121701004272,SWBBL,45,7,30,829.00,"24,870.00"
2019-12-17,2019121701004359,TMDBL,26,59,480,151.00,"72,480.00"
2019-12-17,2019121701004403,TRH,33,14,10,275.00,"2,750.00"
2019-12-17,2019121701004346,TRH,54,50,50,272.00,"13,600.00"
2019-12-17,2019121701004626,UIC,21,51,50,290.00,"14,500.00"
2019-12-17,2019121701004567,UIC,7,45,250,293.00,"73,250.00"
2019-12-17,2019121701004460,UIC,59,26,20,294.00,"5,880.00"
2019-12-17,2019121701004680,UPCL,17,37,150,72.00,"10,800.00"
2019-12-17,2019121701004679,UPCL,21,37,50,72.00,"3,600.00"
2019-12-17,2019121701004443,UPCL,17,37,300,73.00,"21,900.00"
2019-12-17,2019121701004668,UPPER,25,6,20,234.00,"4,680.00"
2019-12-17,2019121701004652,UPPER,25,14,96,232.00,"22,272.00"
2019-12-17,2019121701004651,UPPER,47,14,40,232.00,"9,280.00"
2019-12-17,2019121701004650,UPPER,40,14,364,232.00,"84,448.00"
2019-12-17,2019121701004639,UPPER,40,26,50,232.00,"11,600.00"
2019-12-17,2019121701004638,UPPER,33,6,10,234.00,"2,340.00"
2019-12-17,2019121701004637,UPPER,33,21,50,233.00,"11,650.00"
2019-12-17,2019121701004636,UPPER,33,6,40,233.00,"9,320.00"
2019-12-17,2019121701004290,UPPER,40,22,40,232.00,"9,280.00"
2019-12-17,2019121701004082,ADBL,16,49,406,407.00,"165,242.00"
2019-12-17,2019121701004081,ADBL,42,49,94,407.00,"38,258.00"
2019-12-17,2019121701003928,ADBL,16,16,10,407.00,"4,070.00"
2019-12-17,2019121701004153,AHPC,51,8,380,97.00,"36,860.00"
2019-12-17,2019121701004152,AHPC,59,8,500,98.00,"49,000.00"
2019-12-17,2019121701004151,AHPC,52,8,120,98.00,"11,760.00"
2019-12-17,2019121701004090,AHPC,52,19,80,98.00,"7,840.00"
2019-12-17,2019121701004089,AHPC,11,19,20,98.00,"1,960.00"
2019-12-17,2019121701003967,AHPC,59,54,500,99.00,"49,500.00"
2019-12-17,2019121701003966,AHPC,59,22,100,99.00,"9,900.00"
2019-12-17,2019121701003956,AHPC,11,19,80,98.00,"7,840.00"
2019-12-17,2019121701004063,AKBSL,59,42,200,475.00,"95,000.00"
2019-12-17,2019121701004062,AKBSL,59,39,25,472.00,"11,800.00"
2019-12-17,2019121701003983,AKBSL,40,33,50,470.00,"23,500.00"
2019-12-17,2019121701003857,AKBSL,59,10,60,479.00,"28,740.00"
2019-12-17,2019121701003856,AKBSL,59,10,100,478.00,"47,800.00"
2019-12-17,2019121701003855,AKBSL,59,52,10,476.00,"4,760.00"
2019-12-17,2019121701003801,AKBSL,59,33,50,472.00,"23,600.00"
2019-12-17,2019121701003800,AKBSL,59,42,100,470.00,"47,000.00"
2019-12-17,2019121701003799,AKBSL,59,44,10,470.00,"4,700.00"
2019-12-17,2019121701003798,AKBSL,59,52,20,469.00,"9,380.00"
2019-12-17,2019121701003797,AKBSL,59,34,100,469.00,"46,900.00"
2019-12-17,2019121701003796,AKBSL,59,16,10,465.00,"4,650.00"
2019-12-17,2019121701003854,AKBSL,59,52,20,476.00,"9,520.00"
2019-12-17,2019121701003853,AKBSL,59,18,220,476.00,"104,720.00"
2019-12-17,2019121701003852,AKBSL,59,48,240,475.00,"114,000.00"
2019-12-17,2019121701003851,AKBSL,59,48,150,474.00,"71,100.00"
2019-12-17,2019121701003810,AKBSL,59,58,110,473.00,"52,030.00"
2019-12-17,2019121701003802,AKBSL,59,16,100,473.00,"47,300.00"
2019-12-17,2019121701004027,ALBSL,16,50,30,465.00,"13,950.00"
2019-12-17,2019121701004026,ALBSL,16,58,90,465.00,"41,850.00"
2019-12-17,2019121701004025,ALBSL,16,44,10,464.00,"4,640.00"
2019-12-17,2019121701004024,ALBSL,16,55,10,464.00,"4,640.00"
2019-12-17,2019121701003862,ALBSL,58,40,380,460.00,"174,800.00"
2019-12-17,2019121701003861,ALBSL,58,44,10,458.00,"4,580.00"
2019-12-17,2019121701003860,ALBSL,58,21,10,456.00,"4,560.00"
2019-12-17,2019121701004011,ALICL,44,57,50,360.00,"18,000.00"
2019-12-17,2019121701003840,ALICL,34,50,200,363.00,"72,600.00"
2019-12-17,2019121701003838,ALICL,34,33,74,360.00,"26,640.00"
2019-12-17,2019121701003831,ALICL,36,33,926,360.00,"333,360.00"
2019-12-17,2019121701003830,ALICL,36,8,80,360.00,"28,800.00"
2019-12-17,2019121701003829,ALICL,36,45,74,358.00,"26,492.00"
2019-12-17,2019121701004129,BOKL,49,34,200,217.00,"43,400.00"
2019-12-17,2019121701004115,BOKL,11,25,116,218.00,"25,288.00"
2019-12-17,2019121701004114,BOKL,11,39,79,218.00,"17,222.00"
2019-12-17,2019121701003785,BOKL,41,26,158,216.00,"34,128.00"
2019-12-17,2019121701003784,BOKL,13,26,200,216.00,"43,200.00"
2019-12-17,2019121701003863,BPCL,43,39,11,356.00,"3,916.00"
2019-12-17,2019121701003950,CBBL,17,10,40,801.00,"32,040.00"
2019-12-17,2019121701004230,CBL,51,21,242,137.00,"33,154.00"
2019-12-17,2019121701004131,CBL,34,21,200,137.00,"27,400.00"
2019-12-17,2019121701004015,CBL,35,28,"2,940",137.00,"402,780.00"
2019-12-17,2019121701003892,CBL,37,28,20,137.00,"2,740.00"
2019-12-17,2019121701003891,CBL,34,28,40,137.00,"5,480.00"
2019-12-17,2019121701004225,CCBL,34,5,427,165.00,"70,455.00"
2019-12-17,2019121701004224,CCBL,37,5,16,165.00,"2,640.00"
2019-12-17,2019121701004223,CCBL,22,5,100,165.00,"16,500.00"
2019-12-17,2019121701004222,CCBL,14,5,300,165.00,"49,500.00"
2019-12-17,2019121701004221,CCBL,56,5,180,165.00,"29,700.00"
2019-12-17,2019121701004220,CCBL,26,5,100,165.00,"16,500.00"
2019-12-17,2019121701003930,CCBL,13,16,20,165.00,"3,300.00"
2019-12-17,2019121701004219,CCBL,32,5,87,165.00,"14,355.00"
2019-12-17,2019121701004197,CCBL,32,21,200,165.00,"33,000.00"
2019-12-17,2019121701004102,CCBL,32,56,113,165.00,"18,645.00"
2019-12-17,2019121701004069,CCBL,34,6,51,166.00,"8,466.00"
2019-12-17,2019121701004068,CCBL,34,13,449,166.00,"74,534.00"
2019-12-17,2019121701003975,CEFL,4,5,"1,400",103.00,"144,200.00"
2019-12-17,2019121701003974,CEFL,4,38,100,102.00,"10,200.00"
2019-12-17,2019121701004227,CHCL,11,36,200,360.00,"72,000.00"
2019-12-17,2019121701003792,CHCL,11,36,240,360.00,"86,400.00"
2019-12-17,2019121701004105,CIT,42,34,40,"1,748.00","69,920.00"
2019-12-17,2019121701003783,CIT,11,32,23,"1,747.00","40,181.00"
2019-12-17,2019121701004232,CLBSL,38,6,10,614.00,"6,140.00"
2019-12-17,2019121701004207,CZBIL,34,32,11,185.00,"2,035.00"
2019-12-17,2019121701004206,CZBIL,6,32,"1,000",185.00,"185,000.00"
2019-12-17,2019121701004205,CZBIL,41,32,150,185.00,"27,750.00"
2019-12-17,2019121701004204,CZBIL,1,32,242,185.00,"44,770.00"
2019-12-17,2019121701004187,CZBIL,1,21,158,185.00,"29,230.00"
2019-12-17,2019121701004186,CZBIL,50,21,442,185.00,"81,770.00"
2019-12-17,2019121701004133,CZBIL,22,32,100,186.00,"18,600.00"
2019-12-17,2019121701004057,DBBL,39,52,"1,000",131.00,"131,000.00"
2019-12-17,2019121701003955,DBBL,36,56,"1,859",130.00,"241,670.00"
2019-12-17,2019121701003782,DBBL,33,44,"2,600",130.00,"338,000.00"
2019-12-17,2019121701003740,DBBL,39,44,400,130.00,"52,000.00"
2019-12-17,2019121701003991,DDBL,40,38,20,865.00,"17,300.00"
2019-12-17,2019121701003960,DDBL,16,4,500,864.00,"432,000.00"
2019-12-17,2019121701003819,DDBL,39,47,100,863.00,"86,300.00"
2019-12-17,2019121701003812,DDBL,7,41,20,861.00,"17,220.00"
2019-12-17,2019121701003794,DDBL,7,1,100,863.00,"86,300.00"
2019-12-17,2019121701004160,EBL,28,17,68,571.00,"38,828.00"
2019-12-17,2019121701004159,EBL,28,17,432,571.00,"246,672.00"
2019-12-17,2019121701004009,EBL,36,17,33,575.00,"18,975.00"
2019-12-17,2019121701004004,EBL,28,36,133,571.00,"75,943.00"
2019-12-17,2019121701003965,EBL,36,17,10,575.00,"5,750.00"
2019-12-17,2019121701003964,EBL,36,16,56,574.00,"32,144.00"
2019-12-17,2019121701003859,EBL,28,18,65,571.00,"37,115.00"
2019-12-17,2019121701004092,EDBL,17,49,600,290.00,"174,000.00"
2019-12-17,2019121701004013,EIC,57,57,900,269.00,"242,100.00"
2019-12-17,2019121701004012,EIC,57,41,100,269.00,"26,900.00"
2019-12-17,2019121701003741,EIC,7,26,300,269.00,"80,700.00"
2019-12-17,2019121701004226,GILB,36,22,41,831.00,"34,071.00"
2019-12-17,2019121701004078,GILB,45,16,50,834.00,"41,700.00"
2019-12-17,2019121701004071,GILB,45,44,30,832.00,"24,960.00"
2019-12-17,2019121701004070,GILB,45,34,23,831.00,"19,113.00"
2019-12-17,2019121701003998,GLBSL,13,6,10,439.00,"4,390.00"
2019-12-17,2019121701004217,GLICL,50,58,20,449.00,"8,980.00"
2019-12-17,2019121701003972,GLICL,52,58,250,452.00,"113,000.00"
2019-12-17,2019121701003971,GLICL,52,55,100,452.00,"45,200.00"
2019-12-17,2019121701003970,GLICL,52,34,100,452.00,"45,200.00"
2019-12-17,2019121701003969,GLICL,52,35,50,451.00,"22,550.00"
2019-12-17,2019121701003954,GLICL,52,57,500,450.00,"225,000.00"
2019-12-17,2019121701003895,GLICL,52,45,50,445.00,"22,250.00"
2019-12-17,2019121701003901,GLICL,52,29,250,448.00,"112,000.00"
2019-12-17,2019121701003900,GLICL,52,25,11,448.00,"4,928.00"
2019-12-17,2019121701003899,GLICL,52,16,66,448.00,"29,568.00"
2019-12-17,2019121701003898,GLICL,52,21,100,447.00,"44,700.00"
2019-12-17,2019121701003897,GLICL,52,43,40,447.00,"17,880.00"
2019-12-17,2019121701003896,GLICL,52,14,25,447.00,"11,175.00"
2019-12-17,2019121701004156,GMFBS,39,18,10,568.00,"5,680.00"
2019-12-17,2019121701003806,GMFBS,16,36,300,565.00,"169,500.00"
2019-12-17,2019121701003805,GMFBS,16,16,10,563.00,"5,630.00"
2019-12-17,2019121701003915,HBL,39,5,50,503.00,"25,150.00"
2019-12-17,2019121701004088,HDL,58,7,15,"1,249.00","18,735.00"
2019-12-17,2019121701004087,HDL,19,7,20,"1,250.00","25,000.00"
2019-12-17,2019121701004058,HDL,13,38,70,"1,253.00","87,710.00"
2019-12-17,2019121701003952,HDL,19,38,30,"1,253.00","37,590.00"
2019-12-17,2019121701004040,HGI,21,6,100,291.00,"29,100.00"
2019-12-17,2019121701003789,HGI,58,25,200,295.00,"59,000.00"
2019-12-17,2019121701003788,HGI,6,25,100,295.00,"29,500.00"
2019-12-17,2019121701004041,HURJA,45,16,20,102.00,"2,040.00"
2019-12-17,2019121701003839,HURJA,45,16,20,102.00,"2,040.00"
2019-12-17,2019121701004228,IGI,34,13,10,307.00,"3,070.00"
2019-12-17,2019121701003786,IGI,34,19,190,295.00,"56,050.00"
2019-12-17,2019121701004127,ILBS,59,40,40,581.00,"23,240.00"
2019-12-17,2019121701004126,ILBS,59,1,70,581.00,"40,670.00"
2019-12-17,2019121701004125,ILBS,59,19,10,580.00,"5,800.00"
2019-12-17,2019121701004124,ILBS,59,38,10,580.00,"5,800.00"
2019-12-17,2019121701004123,ILBS,59,29,100,580.00,"58,000.00"
2019-12-17,2019121701004122,ILBS,59,46,10,579.00,"5,790.00"
2019-12-17,2019121701004121,ILBS,59,11,70,579.00,"40,530.00"
2019-12-17,2019121701004120,ILBS,59,52,20,578.00,"11,560.00"
2019-12-17,2019121701004116,ILBS,59,52,30,578.00,"17,340.00"
2019-12-17,2019121701004202,JFL,28,48,100,191.00,"19,100.00"
2019-12-17,2019121701004201,JFL,6,48,200,191.00,"38,200.00"
2019-12-17,2019121701004200,JFL,25,48,100,191.00,"19,100.00"
2019-12-17,2019121701003943,JSLBB,41,49,10,"1,234.00","12,340.00"
2019-12-17,2019121701003923,JSLBB,37,37,200,"1,233.00","246,600.00"
2019-12-17,2019121701004061,JSLBB,45,49,236,"1,234.00","291,224.00"
2019-12-17,2019121701004169,KBL,1,41,250,181.00,"45,250.00"
2019-12-17,2019121701004098,KBL,1,22,50,181.00,"9,050.00"
2019-12-17,2019121701003999,KKHC,48,1,16,54.00,864.00
2019-12-17,2019121701003934,KRBL,29,17,500,100.00,"50,000.00"
2019-12-17,2019121701003793,KSBBL,33,52,412,134.00,"55,208.00"
2019-12-17,2019121701003765,KSBBL,33,26,485,134.00,"64,990.00"
2019-12-17,2019121701003764,KSBBL,46,26,98,134.00,"13,132.00"
2019-12-17,2019121701003763,KSBBL,40,26,40,134.00,"5,360.00"
2019-12-17,2019121701003762,KSBBL,17,26,200,134.00,"26,800.00"
2019-12-17,2019121701003761,KSBBL,34,26,477,134.00,"63,918.00"
2019-12-17,2019121701003918,LBBL,33,38,50,188.00,"9,400.00"
2019-12-17,2019121701003914,LBBL,14,41,50,189.00,"9,450.00"
2019-12-17,2019121701003769,LBBL,35,41,450,189.00,"85,050.00"
2019-12-17,2019121701003833,LGIL,58,49,500,339.00,"169,500.00"
2019-12-17,2019121701003825,LGIL,52,37,45,335.00,"15,075.00"
2019-12-17,2019121701003816,LGIL,36,37,35,335.00,"11,725.00"
2019-12-17,2019121701004184,LICN,25,6,10,"1,019.00","10,190.00"
2019-12-17,2019121701004171,LICN,50,25,100,"1,005.00","100,500.00"
2019-12-17,2019121701004170,LICN,50,25,100,"1,006.00","100,600.00"
2019-12-17,2019121701004137,LICN,50,25,100,"1,006.00","100,600.00"
2019-12-17,2019121701003973,LLBS,57,28,200,681.00,"136,200.00"
2019-12-17,2019121701003925,LLBS,57,18,100,680.00,"68,000.00"
2019-12-17,2019121701003924,LLBS,57,40,20,680.00,"13,600.00"
2019-12-17,2019121701004031,LVF1,1,25,"5,000",9.00,"45,000.00"
2019-12-17,2019121701004030,LVF1,1,58,"1,000",9.00,"9,000.00"
2019-12-17,2019121701004029,LVF1,1,48,"10,000",8.99,"89,900.00"
2019-12-17,2019121701004076,MBL,11,51,300,221.00,"66,300.00"
2019-12-17,2019121701004075,MBL,11,16,145,221.00,"32,045.00"
2019-12-17,2019121701004047,MBL,22,16,55,221.00,"12,155.00"
2019-12-17,2019121701004023,MBL,14,46,100,220.00,"22,000.00"
2019-12-17,2019121701004022,MBL,14,17,60,220.00,"13,200.00"
2019-12-17,2019121701004021,MBL,14,32,517,220.00,"113,740.00"
2019-12-17,2019121701004020,MBL,14,32,150,220.00,"33,000.00"
2019-12-17,2019121701004019,MBL,14,38,163,220.00,"35,860.00"
2019-12-17,2019121701003822,MBL,17,32,500,220.00,"110,000.00"
2019-12-17,2019121701003821,MBL,17,13,500,220.00,"110,000.00"
2019-12-17,2019121701003739,MDB,35,34,143,251.00,"35,893.00"
2019-12-17,2019121701004173,MEGA,51,42,109,185.00,"20,165.00"
2019-12-17,2019121701003775,MEGA,13,49,200,186.00,"37,200.00"
2019-12-17,2019121701004016,MEGA,51,42,109,185.00,"20,165.00"
2019-12-17,2019121701003776,MEGA,51,49,300,185.00,"55,500.00"
2019-12-17,2019121701004199,MHNL,39,6,30,82.00,"2,460.00"
2019-12-17,2019121701004110,MLBBL,48,33,30,543.00,"16,290.00"
2019-12-17,2019121701004109,MLBBL,48,7,100,543.00,"54,300.00"
2019-12-17,2019121701004108,MLBBL,48,45,140,543.00,"76,020.00"
2019-12-17,2019121701004158,MNBBL,1,42,200,277.00,"55,400.00"
2019-12-17,2019121701004157,MNBBL,6,42,20,277.00,"5,540.00"
2019-12-17,2019121701004008,MNBBL,19,49,100,278.00,"27,800.00"
2019-12-17,2019121701003828,MNBBL,50,49,30,278.00,"8,340.00"
2019-12-17,2019121701003811,MNBBL,45,49,77,278.00,"21,406.00"
2019-12-17,2019121701003921,MSMBS,32,47,11,538.00,"5,918.00"
2019-12-17,2019121701004194,NABIL,57,38,50,745.00,"37,250.00"
2019-12-17,2019121701004193,NABIL,57,14,20,744.00,"14,880.00"
2019-12-17,2019121701003988,NABIL,25,4,116,743.00,"86,188.00"
2019-12-17,2019121701003844,NABIL,36,1,150,742.00,"111,300.00"
2019-12-17,2019121701003836,NABIL,40,1,35,742.00,"25,970.00"
2019-12-17,2019121701003835,NABIL,19,1,20,742.00,"14,840.00"
2019-12-17,2019121701003968,NBB,25,16,"1,000",191.00,"191,000.00"
2019-12-17,2019121701003745,NBB,44,49,324,190.00,"61,560.00"
2019-12-17,2019121701003744,NBB,49,49,176,190.00,"33,440.00"
2019-12-17,2019121701004231,NBL,1,19,320,313.00,"100,160.00"
2019-12-17,2019121701004198,NBL,1,14,200,313.00,"62,600.00"
2019-12-17,2019121701004045,NBL,1,34,180,313.00,"56,340.00"
2019-12-17,2019121701004044,NBL,53,34,200,313.00,"62,600.00"
2019-12-17,2019121701004043,NBL,19,34,100,313.00,"31,300.00"
2019-12-17,2019121701004042,NBL,25,34,520,313.00,"162,760.00"
2019-12-17,2019121701004033,NBL,25,42,480,313.00,"150,240.00"
2019-12-17,2019121701004032,NBL,49,42,20,313.00,"6,260.00"
2019-12-17,2019121701003916,NBL,49,54,"2,500",313.00,"782,500.00"
2019-12-17,2019121701003904,NBL,54,4,130,314.00,"40,820.00"
2019-12-17,2019121701003903,NBL,54,28,"1,500",314.00,"471,000.00"
2019-12-17,2019121701003902,NBL,54,28,870,314.00,"273,180.00"
2019-12-17,2019121701004188,NCCB,34,32,480,201.00,"96,480.00"
2019-12-17,2019121701004095,NCCB,34,45,20,201.00,"4,020.00"
2019-12-17,2019121701003858,NCCB,57,45,95,201.00,"19,095.00"
2019-12-17,2019121701003941,NFS,49,41,200,136.00,"27,200.00"
2019-12-17,2019121701003940,NFS,58,41,100,136.00,"13,600.00"
2019-12-17,2019121701003939,NFS,21,41,40,136.00,"5,440.00"
2019-12-17,2019121701003938,NFS,21,41,20,136.00,"2,720.00"
2019-12-17,2019121701004162,NGPL,35,45,89,113.00,"10,057.00"
2019-12-17,2019121701004161,NGPL,35,33,21,113.00,"2,373.00"
2019-12-17,2019121701003977,NHPC,44,38,"1,050",52.00,"54,600.00"
2019-12-17,2019121701004130,NIB,36,36,50,431.00,"21,550.00"
2019-12-17,2019121701004077,NIB,48,11,137,429.00,"58,773.00"
2019-12-17,2019121701003997,NIB,45,36,100,431.00,"43,100.00"
2019-12-17,2019121701003996,NIB,36,36,10,431.00,"4,310.00"
2019-12-17,2019121701003886,NIB,36,37,16,431.00,"6,896.00"
2019-12-17,2019121701003803,NIB,36,51,14,435.00,"6,090.00"
2019-12-17,2019121701003757,NIB,54,54,"2,000",434.00,"868,000.00"
2019-12-17,2019121701003746,NIB,54,44,187,434.00,"81,158.00"
2019-12-17,2019121701003866,NIBPO,34,17,100,401.00,"40,100.00"
2019-12-17,2019121701003850,NIBPO,34,17,78,401.00,"31,278.00"
2019-12-17,2019121701003849,NIBPO,34,56,122,401.00,"48,922.00"
2019-12-17,2019121701003820,NIBPO,14,50,85,400.00,"34,000.00"
2019-12-17,2019121701004136,NICL,53,25,424,295.00,"125,080.00"
2019-12-17,2019121701003837,NICL,48,19,50,300.00,"15,000.00"
2019-12-17,2019121701003774,NICL,48,8,172,298.00,"51,256.00"
2019-12-17,2019121701003773,NICL,48,6,140,298.00,"41,720.00"
2019-12-17,2019121701003772,NICL,25,6,50,298.00,"14,900.00"
2019-12-17,2019121701003771,NICL,22,6,10,298.00,"2,980.00"
2019-12-17,2019121701004074,NLIC,20,4,100,888.00,"88,800.00"
2019-12-17,2019121701003890,NLIC,11,37,100,890.00,"89,000.00"
2019-12-17,2019121701003843,NLIC,56,6,20,888.00,"17,760.00"
2019-12-17,2019121701003824,NLIC,43,17,280,887.00,"248,360.00"
2019-12-17,2019121701003756,NLIC,53,57,18,886.00,"15,948.00"
2019-12-17,2019121701003755,NLIC,53,4,95,886.00,"84,170.00"
2019-12-17,2019121701003754,NLIC,53,4,50,886.00,"44,300.00"
2019-12-17,2019121701003753,NLIC,53,4,40,886.00,"35,440.00"
2019-12-17,2019121701003752,NLIC,53,4,40,886.00,"35,440.00"
2019-12-17,2019121701003751,NLIC,53,4,91,886.00,"80,626.00"
2019-12-17,2019121701003750,NLIC,53,4,115,886.00,"101,890.00"
2019-12-17,2019121701003749,NLIC,53,4,40,886.00,"35,440.00"
2019-12-17,2019121701004101,NLICL,38,38,10,480.00,"4,800.00"
2019-12-17,2019121701003888,NLICL,36,59,100,477.00,"47,700.00"
2019-12-17,2019121701004236,NMB,22,25,20,400.00,"8,000.00"
2019-12-17,2019121701004235,NMB,19,25,42,400.00,"16,800.00"
2019-12-17,2019121701004234,NMB,57,25,100,400.00,"40,000.00"
2019-12-17,2019121701004233,NMB,39,25,49,400.00,"19,600.00"
2019-12-17,2019121701004229,NMB,39,7,37,400.00,"14,800.00"
2019-12-17,2019121701004213,NMB,39,28,14,400.00,"5,600.00"
2019-12-17,2019121701003758,NMB,41,45,500,401.00,"200,500.00"
2019-12-17,2019121701003917,NMB,48,6,100,401.00,"40,100.00"
2019-12-17,2019121701003864,NMB,1,6,500,401.00,"200,500.00"
2019-12-17,2019121701003847,NMB,16,6,100,401.00,"40,100.00"
2019-12-17,2019121701003818,NMB,28,6,21,401.00,"8,421.00"
2019-12-17,2019121701003817,NMB,28,45,479,401.00,"192,079.00"
2019-12-17,2019121701003809,NMB,38,45,500,401.00,"200,500.00"
2019-12-17,2019121701003949,NMB,43,14,199,400.00,"79,600.00"
2019-12-17,2019121701003948,NMB,36,14,500,400.00,"200,000.00"
2019-12-17,2019121701003947,NMB,32,14,425,400.00,"170,000.00"
2019-12-17,2019121701003946,NMB,17,14,50,400.00,"20,000.00"
2019-12-17,2019121701003945,NMB,11,14,"1,000",400.00,"400,000.00"
2019-12-17,2019121701003944,NMB,11,14,826,400.00,"330,400.00"
2019-12-17,2019121701004066,NMB,17,14,40,400.00,"16,000.00"
2019-12-17,2019121701004065,NMB,43,14,45,400.00,"18,000.00"
2019-12-17,2019121701004039,NMB,21,45,50,401.00,"20,050.00"
2019-12-17,2019121701004003,NMB,43,36,256,400.00,"102,400.00"
2019-12-17,2019121701003990,NMB,52,45,21,401.00,"8,421.00"
2019-12-17,2019121701003989,NMB,52,6,79,401.00,"31,679.00"
2019-12-17,2019121701004100,NMB,50,39,550,400.00,"220,000.00"
2019-12-17,2019121701004086,NMB,28,14,890,400.00,"356,000.00"
2019-12-17,2019121701004085,NMB,39,14,19,400.00,"7,600.00"
2019-12-17,2019121701004084,NMB,13,14,500,400.00,"200,000.00"
2019-12-17,2019121701004083,NMB,8,14,585,400.00,"234,000.00"
2019-12-17,2019121701004067,NMB,8,14,415,400.00,"166,000.00"
2019-12-17,2019121701004139,NMB,49,14,344,400.00,"137,600.00"
2019-12-17,2019121701004138,NMB,49,42,600,400.00,"240,000.00"
2019-12-17,2019121701004134,NMB,44,45,50,401.00,"20,050.00"
2019-12-17,2019121701004132,NMB,7,45,37,401.00,"14,837.00"
2019-12-17,2019121701004104,NMB,49,14,56,400.00,"22,400.00"
2019-12-17,2019121701004103,NMB,50,14,450,400.00,"180,000.00"
2019-12-17,2019121701004145,NMB,41,14,"1,000",400.00,"400,000.00"
2019-12-17,2019121701004144,NMB,47,14,50,400.00,"20,000.00"
2019-12-17,2019121701004143,NMB,49,14,200,400.00,"80,000.00"
2019-12-17,2019121701004142,NMB,42,14,"1,000",400.00,"400,000.00"
2019-12-17,2019121701004141,NMB,50,14,500,400.00,"200,000.00"
2019-12-17,2019121701004140,NMB,7,14,47,400.00,"18,800.00"
2019-12-17,2019121701004212,NMB,32,28,120,400.00,"48,000.00"
2019-12-17,2019121701004211,NMB,57,28,100,400.00,"40,000.00"
2019-12-17,2019121701004210,NMB,45,28,200,400.00,"80,000.00"
2019-12-17,2019121701004209,NMB,32,28,566,400.00,"226,400.00"
2019-12-17,2019121701004174,NMB,32,21,75,400.00,"30,000.00"
2019-12-17,2019121701004146,NMB,32,14,359,400.00,"143,600.00"
2019-12-17,2019121701004093,NMBMF,14,49,80,553.00,"44,240.00"
2019-12-17,2019121701004018,NMBMF,34,49,67,553.00,"37,051.00"
2019-12-17,2019121701004017,NMBMF,34,28,33,552.00,"18,216.00"
2019-12-17,2019121701004010,NMBMF,43,7,20,550.00,"11,000.00"
2019-12-17,2019121701004190,NNLB,48,42,20,601.00,"12,020.00"
2019-12-17,2019121701003747,NNLB,36,38,260,605.00,"157,300.00"
2019-12-17,2019121701004154,NTC,50,54,70,638.00,"44,660.00"
2019-12-17,2019121701004096,NTC,50,38,90,638.00,"57,420.00"
2019-12-17,2019121701004046,NUBL,8,4,500,772.00,"386,000.00"
2019-12-17,2019121701003834,NUBL,41,55,250,772.00,"193,000.00"
2019-12-17,2019121701004208,OHL,32,16,28,420.00,"11,760.00"
2019-12-17,2019121701004185,OHL,34,55,258,418.00,"107,844.00"
2019-12-17,2019121701003804,OHL,34,16,100,420.00,"42,000.00"
2019-12-17,2019121701003986,OHL,38,55,50,418.00,"20,900.00"
2019-12-17,2019121701003985,OHL,38,55,50,418.00,"20,900.00"
2019-12-17,2019121701003984,OHL,34,55,200,418.00,"83,600.00"
2019-12-17,2019121701003942,OHL,14,16,108,420.00,"45,360.00"
2019-12-17,2019121701004073,PCBL,44,21,50,278.00,"13,900.00"
2019-12-17,2019121701004072,PCBL,44,53,150,278.00,"41,700.00"
2019-12-17,2019121701003865,PCBL,32,49,87,277.00,"24,099.00"
2019-12-17,2019121701003787,PCBL,10,49,300,277.00,"83,100.00"
2019-12-17,2019121701004056,PIC,36,45,113,411.00,"46,443.00"
2019-12-17,2019121701003976,PIC,36,6,15,411.00,"6,165.00"
2019-12-17,2019121701003894,PIC,36,42,172,411.00,"70,692.00"
2019-12-17,2019121701003893,PIC,33,42,150,411.00,"61,650.00"
2019-12-17,2019121701003842,PIC,33,17,100,411.00,"41,100.00"
2019-12-17,2019121701003841,PIC,33,56,50,411.00,"20,550.00"
2019-12-17,2019121701003827,PIC,45,42,200,410.00,"82,000.00"
2019-12-17,2019121701003826,PIC,45,39,19,410.00,"7,790.00"
2019-12-17,2019121701003743,PIC,42,6,290,408.00,"118,320.00"
2019-12-17,2019121701003742,PIC,42,43,20,408.00,"8,160.00"
2019-12-17,2019121701003982,PLIC,53,49,20,352.00,"7,040.00"
2019-12-17,2019121701003981,PLIC,53,35,180,352.00,"63,360.00"
2019-12-17,2019121701003927,PLIC,56,35,10,352.00,"3,520.00"
2019-12-17,2019121701003926,PLIC,56,48,266,351.00,"93,366.00"
2019-12-17,2019121701003815,PLIC,56,48,10,351.00,"3,510.00"
2019-12-17,2019121701003814,PLIC,56,13,254,350.00,"88,900.00"
2019-12-17,2019121701003780,PLIC,56,13,346,350.00,"121,100.00"
2019-12-17,2019121701003779,PLIC,56,48,300,349.00,"104,700.00"
2019-12-17,2019121701003778,PLIC,56,43,60,348.00,"20,880.00"
2019-12-17,2019121701003777,PLIC,56,50,94,347.00,"32,618.00"
2019-12-17,2019121701004080,PRIN,6,26,150,337.00,"50,550.00"
2019-12-17,2019121701003791,PRIN,34,26,40,340.00,"13,600.00"
2019-12-17,2019121701003790,PRIN,34,45,500,338.00,"169,000.00"
2019-12-17,2019121701003770,PRIN,6,1,140,337.00,"47,180.00"
2019-12-17,2019121701003748,PRIN,28,1,160,337.00,"53,920.00"
2019-12-17,2019121701003738,PRIN,6,48,200,336.00,"67,200.00"
2019-12-17,2019121701003737,PRIN,6,46,100,336.00,"33,600.00"
2019-12-17,2019121701004196,PRVU,13,34,364,226.00,"82,264.00"
2019-12-17,2019121701004195,PRVU,52,34,36,226.00,"8,136.00"
2019-12-17,2019121701004112,PRVU,52,21,64,226.00,"14,464.00"
2019-12-17,2019121701004055,PRVU,52,42,400,226.00,"90,400.00"
2019-12-17,2019121701003795,PRVU,13,17,303,226.00,"68,478.00"
2019-12-17,2019121701003760,PRVU,56,17,100,226.00,"22,600.00"
2019-12-17,2019121701003759,PRVU,56,16,200,226.00,"45,200.00"
2019-12-17,2019121701004052,PRVU,41,42,100,226.00,"22,600.00"
2019-12-17,2019121701004014,PRVU,52,42,500,226.00,"113,000.00"
2019-12-17,2019121701003919,RADHI,47,50,30,144.00,"4,320.00"
2019-12-17,2019121701004117,RBCLPO,21,25,10,"7,650.00","76,500.00"
2019-12-17,2019121701004106,RBCLPO,21,33,10,"7,550.00","75,500.00"
2019-12-17,2019121701003937,RHPC,59,56,650,71.00,"46,150.00"
2019-12-17,2019121701003936,RHPC,19,56,100,71.00,"7,100.00"
2019-12-17,2019121701004181,RHPL,16,10,10,172.00,"1,720.00"
2019-12-17,2019121701004155,RHPL,16,10,10,172.00,"1,720.00"
2019-12-17,2019121701004135,RHPL,16,10,10,172.00,"1,720.00"
2019-12-17,2019121701004128,RHPL,16,10,10,172.00,"1,720.00"
2019-12-17,2019121701004107,RHPL,16,10,10,172.00,"1,720.00"
2019-12-17,2019121701004050,RHPL,45,44,30,171.00,"5,130.00"
2019-12-17,2019121701003873,RHPL,49,57,40,174.00,"6,960.00"
2019-12-17,2019121701003872,RHPL,49,57,40,174.00,"6,960.00"
2019-12-17,2019121701003871,RHPL,49,57,40,174.00,"6,960.00"
2019-12-17,2019121701003870,RHPL,49,57,40,174.00,"6,960.00"
2019-12-17,2019121701003869,RHPL,49,16,310,173.00,"53,630.00"
2019-12-17,2019121701003879,RHPL,49,57,40,174.00,"6,960.00"
2019-12-17,2019121701003878,RHPL,49,43,30,174.00,"5,220.00"
2019-12-17,2019121701003877,RHPL,49,57,30,174.00,"5,220.00"
2019-12-17,2019121701003876,RHPL,49,57,30,174.00,"5,220.00"
2019-12-17,2019121701003875,RHPL,49,57,40,174.00,"6,960.00"
2019-12-17,2019121701003874,RHPL,49,57,40,174.00,"6,960.00"
2019-12-17,2019121701003885,RHPL,49,44,"2,000",174.00,"348,000.00"
2019-12-17,2019121701003884,RHPL,49,53,10,174.00,"1,740.00"
2019-12-17,2019121701003883,RHPL,49,57,40,174.00,"6,960.00"
2019-12-17,2019121701003882,RHPL,49,57,40,174.00,"6,960.00"
2019-12-17,2019121701003881,RHPL,49,57,40,174.00,"6,960.00"
2019-12-17,2019121701003880,RHPL,49,57,40,174.00,"6,960.00"
2019-12-17,2019121701003933,RSDC,45,38,600,312.00,"187,200.00"
2019-12-17,2019121701003932,RSDC,47,38,100,312.00,"31,200.00"
2019-12-17,2019121701003931,RSDC,20,38,10,317.00,"3,170.00"
2019-12-17,2019121701004097,SANIMA,44,19,232,314.00,"72,848.00"
2019-12-17,2019121701004060,SBL,44,19,300,288.00,"86,400.00"
2019-12-17,2019121701004059,SBL,44,28,690,288.00,"198,720.00"
2019-12-17,2019121701003935,SBL,28,28,200,288.00,"57,600.00"
2019-12-17,2019121701004049,SCB,11,41,150,537.00,"80,550.00"
2019-12-17,2019121701004048,SCB,26,41,150,537.00,"80,550.00"
2019-12-17,2019121701003980,SCB,26,16,50,537.00,"26,850.00"
2019-12-17,2019121701004214,SHIVM,38,3,100,360.00,"36,000.00"
2019-12-17,2019121701004203,SHIVM,39,32,50,358.00,"17,900.00"
2019-12-17,2019121701004150,SHIVM,7,38,165,360.00,"59,400.00"
2019-12-17,2019121701004149,SHIVM,7,45,140,360.00,"50,400.00"
2019-12-17,2019121701004148,SHIVM,7,35,450,360.00,"162,000.00"
2019-12-17,2019121701004147,SHIVM,7,48,200,360.00,"72,000.00"
2019-12-17,2019121701003889,SHIVM,13,13,250,358.00,"89,500.00"
2019-12-17,2019121701003781,SHIVM,36,49,100,361.00,"36,100.00"
2019-12-17,2019121701004113,SHIVM,36,48,200,360.00,"72,000.00"
2019-12-17,2019121701004064,SHIVM,57,37,160,360.00,"57,600.00"
2019-12-17,2019121701004054,SHIVM,57,22,40,360.00,"14,400.00"
2019-12-17,2019121701004035,SHIVM,36,22,30,360.00,"10,800.00"
2019-12-17,2019121701004034,SHIVM,52,22,30,360.00,"10,800.00"
2019-12-17,2019121701003905,SHIVM,10,13,100,360.00,"36,000.00"
2019-12-17,2019121701004192,SHL,34,51,500,183.00,"91,500.00"
2019-12-17,2019121701004191,SHL,28,51,124,183.00,"22,692.00"
2019-12-17,2019121701004111,SHL,25,38,150,184.00,"27,600.00"
2019-12-17,2019121701004038,SHL,56,38,150,184.00,"27,600.00"
2019-12-17,2019121701004037,SHL,56,44,350,184.00,"64,400.00"
2019-12-17,2019121701003951,SHL,55,44,100,184.00,"18,400.00"
2019-12-17,2019121701004183,SHPC,37,6,500,192.00,"96,000.00"
2019-12-17,2019121701004182,SHPC,37,6,20,192.00,"3,840.00"
2019-12-17,2019121701004218,SIC,38,38,50,495.00,"24,750.00"
2019-12-17,2019121701004189,SIC,42,38,20,499.00,"9,980.00"
2019-12-17,2019121701003922,SICL,58,53,432,860.00,"371,520.00"
2019-12-17,2019121701003846,SICL,58,17,100,860.00,"86,000.00"
2019-12-17,2019121701003845,SICL,58,6,104,860.00,"89,440.00"
2019-12-17,2019121701003832,SICL,58,58,600,859.00,"515,400.00"
2019-12-17,2019121701003768,SIL,39,37,240,410.00,"98,400.00"
2019-12-17,2019121701003767,SIL,39,25,110,409.00,"44,990.00"
2019-12-17,2019121701003766,SIL,39,46,50,408.00,"20,400.00"
2019-12-17,2019121701004168,SJCL,22,51,300,157.00,"47,100.00"
2019-12-17,2019121701004167,SJCL,39,51,"1,000",157.00,"157,000.00"
2019-12-17,2019121701004166,SJCL,47,51,80,157.00,"12,560.00"
2019-12-17,2019121701004165,SJCL,58,51,50,157.00,"7,850.00"
2019-12-17,2019121701004164,SJCL,40,51,430,157.00,"67,510.00"
2019-12-17,2019121701004163,SJCL,45,51,920,158.00,"145,360.00"
2019-12-17,2019121701004079,SJCL,45,16,20,158.00,"3,160.00"
2019-12-17,2019121701004053,SJCL,45,44,20,158.00,"3,160.00"
2019-12-17,2019121701003848,SJCL,45,16,20,158.00,"3,160.00"
2019-12-17,2019121701004180,SKBBL,6,53,25,980.00,"24,500.00"
2019-12-17,2019121701004179,SKBBL,6,53,30,980.00,"29,400.00"
2019-12-17,2019121701004178,SKBBL,6,53,75,980.00,"73,500.00"
2019-12-17,2019121701004177,SKBBL,6,53,40,980.00,"39,200.00"
2019-12-17,2019121701004176,SKBBL,6,53,30,980.00,"29,400.00"
2019-12-17,2019121701004175,SKBBL,6,53,20,980.00,"19,600.00"
2019-12-17,2019121701004051,SKBBL,6,48,362,983.00,"355,846.00"
2019-12-17,2019121701004036,SKBBL,6,48,200,983.00,"196,600.00"
2019-12-17,2019121701003808,SLBBL,20,19,800,550.00,"440,000.00"
2019-12-17,2019121701003807,SLBBL,46,19,300,550.00,"165,000.00"
2019-12-17,2019121701003995,SMFBS,34,34,30,950.00,"28,500.00"
2019-12-17,2019121701003994,SMFBS,34,45,10,950.00,"9,500.00"
2019-12-17,2019121701003993,SMFBS,34,14,10,945.00,"9,450.00"
2019-12-17,2019121701003992,SMFBS,34,13,10,944.00,"9,440.00"
2019-12-17,2019121701003979,SMFBS,34,33,10,940.00,"9,400.00"
2019-12-17,2019121701003978,SMFBS,34,57,10,935.00,"9,350.00"
2019-12-17,2019121701003963,SMFBS,34,3,10,925.00,"9,250.00"
2019-12-17,2019121701003962,SMFBS,34,43,10,920.00,"9,200.00"
2019-12-17,2019121701003961,SMFBS,34,48,10,920.00,"9,200.00"
2019-12-17,2019121701004216,SPARS,11,44,110,609.00,"66,990.00"
2019-12-17,2019121701004215,SPARS,11,43,173,608.00,"105,184.00"
2019-12-17,2019121701004094,SPARS,25,44,40,609.00,"24,360.00"
2019-12-17,2019121701004091,SPARS,25,16,10,605.00,"6,050.00"
2019-12-17,2019121701004028,SPARS,19,44,50,609.00,"30,450.00"
2019-12-17,2019121701003953,SPDL,19,45,10,96.00,960.00
2019-12-17,2019121701004172,SRBL,14,21,300,217.00,"65,100.00"
2019-12-17,2019121701004099,SRBL,11,26,100,219.00,"21,900.00"
2019-12-17,2019121701004002,SRBL,14,17,500,218.00,"109,000.00"
2019-12-17,2019121701004001,SRBL,14,34,500,218.00,"109,000.00"
2019-12-17,2019121701004000,SRBL,14,11,200,218.00,"43,600.00"
2019-12-17,2019121701003823,STC,22,5,10,"1,621.00","16,210.00"
2019-12-17,2019121701003813,STC,22,57,10,"1,654.00","16,540.00"
2019-12-17,2019121701003929,SWBBL,42,17,25,822.00,"20,550.00"
2019-12-17,2019121701003959,UIC,21,28,100,290.00,"29,000.00"
2019-12-17,2019121701003958,UIC,21,29,30,290.00,"8,700.00"
2019-12-17,2019121701003957,UIC,21,16,20,288.00,"5,760.00"
2019-12-17,2019121701003887,UIC,21,16,180,288.00,"51,840.00"
2019-12-17,2019121701004007,UMHL,40,46,97,110.00,"10,670.00"
2019-12-17,2019121701004006,UMHL,40,37,201,110.00,"22,110.00"
2019-12-17,2019121701004005,UMHL,40,20,519,110.00,"57,090.00"
2019-12-17,2019121701003920,UMHL,48,37,10,110.00,"1,100.00"
2019-12-17,2019121701003913,UPCL,59,6,50,73.00,"3,650.00"
2019-12-17,2019121701003912,UPCL,59,6,50,73.00,"3,650.00"
2019-12-17,2019121701003911,UPCL,59,6,50,73.00,"3,650.00"
2019-12-17,2019121701003910,UPCL,59,6,50,73.00,"3,650.00"
2019-12-17,2019121701003909,UPCL,59,6,50,73.00,"3,650.00"
2019-12-17,2019121701003908,UPCL,59,6,50,73.00,"3,650.00"
2019-12-17,2019121701003907,UPCL,59,6,50,73.00,"3,650.00"
2019-12-17,2019121701003906,UPCL,59,6,50,73.00,"3,650.00"
2019-12-17,2019121701004119,UPPER,40,52,46,232.00,"10,672.00"
2019-12-17,2019121701004118,UPPER,43,52,100,232.00,"23,200.00"
2019-12-17,2019121701003987,UPPER,51,3,14,232.00,"3,248.00"
2019-12-17,2019121701003868,UPPER,51,16,80,232.00,"18,560.00"
2019-12-17,2019121701003867,UPPER,6,16,20,232.00,"4,640.00"
2019-12-17,2019121701003713,ADBL,57,44,100,408.00,"40,800.00"
2019-12-17,2019121701003703,ADBL,42,44,30,408.00,"12,240.00"
2019-12-17,2019121701003485,ADBL,16,39,13,407.00,"5,291.00"
2019-12-17,2019121701003484,ADBL,29,39,98,407.00,"39,886.00"
2019-12-17,2019121701003357,ADBL,29,39,111,407.00,"45,177.00"
2019-12-17,2019121701003249,ADBL,29,39,91,407.00,"37,037.00"
2019-12-17,2019121701003248,ADBL,5,39,83,407.00,"33,781.00"
2019-12-17,2019121701003419,AHPC,37,19,20,99.00,"1,980.00"
2019-12-17,2019121701003545,AKBSL,53,44,10,470.00,"4,700.00"
2019-12-17,2019121701003544,AKBSL,53,48,50,470.00,"23,500.00"
2019-12-17,2019121701003543,AKBSL,53,42,100,468.00,"46,800.00"
2019-12-17,2019121701003542,AKBSL,53,52,10,467.00,"4,670.00"
2019-12-17,2019121701003541,AKBSL,53,52,10,467.00,"4,670.00"
2019-12-17,2019121701003540,AKBSL,53,33,50,466.00,"23,300.00"
2019-12-17,2019121701003539,AKBSL,53,16,50,466.00,"23,300.00"
2019-12-17,2019121701003538,AKBSL,53,34,100,465.00,"46,500.00"
2019-12-17,2019121701003537,AKBSL,53,10,20,465.00,"9,300.00"
2019-12-17,2019121701003494,AKPL,58,45,460,123.00,"56,580.00"
2019-12-17,2019121701003493,AKPL,55,45,79,124.00,"9,796.00"
2019-12-17,2019121701003278,AKPL,55,1,10,124.00,"1,240.00"
2019-12-17,2019121701003700,ALBSL,44,42,10,454.00,"4,540.00"
2019-12-17,2019121701003596,ALBSL,44,42,60,454.00,"27,240.00"
2019-12-17,2019121701003302,ALBSL,16,36,70,455.00,"31,850.00"
2019-12-17,2019121701003301,ALBSL,16,33,70,454.00,"31,780.00"
2019-12-17,2019121701003699,ALICL,56,50,86,358.00,"30,788.00"
2019-12-17,2019121701003695,ALICL,44,50,92,357.00,"32,844.00"
2019-12-17,2019121701003693,API,25,59,46,109.00,"5,014.00"
2019-12-17,2019121701003474,API,59,57,363,107.00,"38,841.00"
2019-12-17,2019121701003473,API,6,57,200,107.00,"21,400.00"
2019-12-17,2019121701003472,API,57,57,100,108.00,"10,800.00"
2019-12-17,2019121701003471,API,57,57,409,108.00,"44,172.00"
2019-12-17,2019121701003297,API,57,17,91,108.00,"9,828.00"
2019-12-17,2019121701003489,BOKL,37,26,20,217.00,"4,340.00"
2019-12-17,2019121701003325,BOKL,51,48,50,217.00,"10,850.00"
2019-12-17,2019121701003324,BOKL,42,48,20,217.00,"4,340.00"
2019-12-17,2019121701003702,CBBL,54,32,100,797.00,"79,700.00"
2019-12-17,2019121701003572,CBL,34,11,60,137.00,"8,220.00"
2019-12-17,2019121701003571,CBL,7,11,800,137.00,"109,600.00"
2019-12-17,2019121701003570,CBL,3,11,"1,000",137.00,"137,000.00"
2019-12-17,2019121701003569,CBL,21,11,140,137.00,"19,180.00"
2019-12-17,2019121701003392,CBL,21,42,360,137.00,"49,320.00"
2019-12-17,2019121701003391,CBL,18,42,140,137.00,"19,180.00"
2019-12-17,2019121701003727,CCBL,13,16,25,165.00,"4,125.00"
2019-12-17,2019121701003488,CCBL,13,39,49,165.00,"8,085.00"
2019-12-17,2019121701003366,CCBL,13,39,13,165.00,"2,145.00"
2019-12-17,2019121701003252,CCBL,13,39,35,165.00,"5,775.00"
2019-12-17,2019121701003424,CFCL,44,39,399,115.00,"45,885.00"
2019-12-17,2019121701003475,CHCL,56,17,49,358.00,"17,542.00"
2019-12-17,2019121701003387,CHCL,5,17,401,358.00,"143,558.00"
2019-12-17,2019121701003386,CHCL,5,39,99,357.00,"35,343.00"
2019-12-17,2019121701003323,CHCL,21,17,50,358.00,"17,900.00"
2019-12-17,2019121701003395,CZBIL,1,55,500,186.00,"93,000.00"
2019-12-17,2019121701003337,CZBIL,26,32,100,187.00,"18,700.00"
2019-12-17,2019121701003505,DBBL,7,44,"2,000",130.00,"260,000.00"
2019-12-17,2019121701003698,DDBL,7,47,80,860.00,"68,800.00"
2019-12-17,2019121701003697,DDBL,36,47,20,861.00,"17,220.00"
2019-12-17,2019121701003683,DDBL,36,47,80,861.00,"68,880.00"
2019-12-17,2019121701003682,DDBL,5,47,20,863.00,"17,260.00"
2019-12-17,2019121701003280,DDBL,45,33,100,861.00,"86,100.00"
2019-12-17,2019121701003279,DDBL,45,55,60,861.00,"51,660.00"
2019-12-17,2019121701003627,DHPL,7,22,32,54.00,"1,728.00"
2019-12-17,2019121701003638,EBL,28,16,10,574.00,"5,740.00"
2019-12-17,2019121701003524,EBL,51,16,100,574.00,"57,400.00"
2019-12-17,2019121701003476,EBL,36,53,30,575.00,"17,250.00"
2019-12-17,2019121701003369,EBL,35,22,166,574.00,"95,284.00"
2019-12-17,2019121701003368,EBL,35,38,264,573.00,"151,272.00"
2019-12-17,2019121701003239,EBL,36,22,100,574.00,"57,400.00"
2019-12-17,2019121701003464,EBL,37,28,10,573.00,"5,730.00"
2019-12-17,2019121701003449,EBL,35,28,25,573.00,"14,325.00"
2019-12-17,2019121701003448,EBL,35,53,60,575.00,"34,500.00"
2019-12-17,2019121701003447,EBL,35,44,440,574.00,"252,560.00"
2019-12-17,2019121701003371,EBL,35,53,60,575.00,"34,500.00"
2019-12-17,2019121701003370,EBL,35,28,10,575.00,"5,750.00"
2019-12-17,2019121701003661,EIC,38,48,50,266.00,"13,300.00"
2019-12-17,2019121701003660,EIC,38,5,99,266.00,"26,334.00"
2019-12-17,2019121701003397,EIC,29,19,200,262.00,"52,400.00"
2019-12-17,2019121701003385,EIC,50,19,600,262.00,"157,200.00"
2019-12-17,2019121701003384,EIC,16,19,200,263.00,"52,600.00"
2019-12-17,2019121701003292,EIC,45,58,42,265.00,"11,130.00"
2019-12-17,2019121701003275,EIC,45,6,50,261.00,"13,050.00"
2019-12-17,2019121701003240,EIC,45,6,50,261.00,"13,050.00"
2019-12-17,2019121701003512,FOWAD,20,19,50,"1,365.00","68,250.00"
2019-12-17,2019121701003618,GBLBS,39,44,190,319.00,"60,610.00"
2019-12-17,2019121701003526,GBLBS,39,44,810,319.00,"258,390.00"
2019-12-17,2019121701003416,GBLBS,46,55,15,319.00,"4,785.00"
2019-12-17,2019121701003415,GBLBS,46,41,100,316.00,"31,600.00"
2019-12-17,2019121701003621,GGBSL,11,54,10,608.00,"6,080.00"
2019-12-17,2019121701003429,GGBSL,37,54,10,608.00,"6,080.00"
2019-12-17,2019121701003599,GILB,36,58,100,831.00,"83,100.00"
2019-12-17,2019121701003522,GILB,36,35,250,829.00,"207,250.00"
2019-12-17,2019121701003516,GILB,36,44,509,828.00,"421,452.00"
2019-12-17,2019121701003487,GILB,36,36,300,830.00,"249,000.00"
2019-12-17,2019121701003486,GILB,36,6,25,830.00,"20,750.00"
2019-12-17,2019121701003321,GILB,36,35,200,829.00,"165,800.00"
2019-12-17,2019121701003320,GILB,36,52,25,825.00,"20,625.00"
2019-12-17,2019121701003318,GIMES1,7,7,"1,000",7.17,"7,170.00"
2019-12-17,2019121701003534,GRDBL,1,56,510,102.00,"52,020.00"
2019-12-17,2019121701003530,GRDBL,1,56,40,102.00,"4,080.00"
2019-12-17,2019121701003341,GRDBL,1,56,100,102.00,"10,200.00"
2019-12-17,2019121701003340,GRDBL,36,56,160,102.00,"16,320.00"
2019-12-17,2019121701003339,GRDBL,29,56,550,102.00,"56,100.00"
2019-12-17,2019121701003338,GRDBL,1,56,140,103.00,"14,420.00"
2019-12-17,2019121701003468,HDL,28,38,50,"1,253.00","62,650.00"
2019-12-17,2019121701003414,HDL,37,38,50,"1,253.00","62,650.00"
2019-12-17,2019121701003396,HDL,38,13,190,"1,252.00","237,880.00"
2019-12-17,2019121701003350,HDL,55,32,85,"1,251.00","106,335.00"
2019-12-17,2019121701003276,HDL,58,32,200,"1,249.00","249,800.00"
2019-12-17,2019121701003725,HGI,22,25,100,295.00,"29,500.00"
2019-12-17,2019121701003625,HGI,7,6,200,291.00,"58,200.00"
2019-12-17,2019121701003614,HGI,7,7,28,290.00,"8,120.00"
2019-12-17,2019121701003613,HGI,52,7,172,290.00,"49,880.00"
2019-12-17,2019121701003602,HGI,52,49,200,290.00,"58,000.00"
2019-12-17,2019121701003601,HGI,52,46,78,290.00,"22,620.00"
2019-12-17,2019121701003294,HGI,17,32,10,286.00,"2,860.00"
2019-12-17,2019121701003293,HGI,55,32,10,286.00,"2,860.00"
2019-12-17,2019121701003600,HGI,52,19,450,290.00,"130,500.00"
2019-12-17,2019121701003548,HGI,38,45,110,289.00,"31,790.00"
2019-12-17,2019121701003547,HGI,38,56,50,289.00,"14,450.00"
2019-12-17,2019121701003418,HGI,38,45,200,288.00,"57,600.00"
2019-12-17,2019121701003296,HGI,38,32,93,286.00,"26,598.00"
2019-12-17,2019121701003295,HGI,38,32,10,286.00,"2,860.00"
2019-12-17,2019121701003430,HIDCL,46,26,159,132.00,"20,988.00"
2019-12-17,2019121701003733,HPPL,22,41,170,137.00,"23,290.00"
2019-12-17,2019121701003633,HPPL,52,5,20,136.00,"2,720.00"
2019-12-17,2019121701003286,HPPL,18,1,10,135.00,"1,350.00"
2019-12-17,2019121701003652,HURJA,45,16,20,102.00,"2,040.00"
2019-12-17,2019121701003423,HURJA,45,45,10,102.00,"1,020.00"
2019-12-17,2019121701003422,HURJA,45,45,10,103.00,"1,030.00"
2019-12-17,2019121701003405,HURJA,45,45,20,103.00,"2,060.00"
2019-12-17,2019121701003298,IGI,21,17,180,294.00,"52,920.00"
2019-12-17,2019121701003504,ILBS,14,11,150,580.00,"87,000.00"
2019-12-17,2019121701003503,ILBS,14,57,776,580.00,"450,080.00"
2019-12-17,2019121701003502,ILBS,14,37,50,580.00,"29,000.00"
2019-12-17,2019121701003501,ILBS,14,22,70,580.00,"40,600.00"
2019-12-17,2019121701003500,ILBS,14,8,20,579.00,"11,580.00"
2019-12-17,2019121701003499,ILBS,14,11,40,578.00,"23,120.00"
2019-12-17,2019121701003311,ILBS,59,39,80,574.00,"45,920.00"
2019-12-17,2019121701003317,ILBS,59,29,41,575.00,"23,575.00"
2019-12-17,2019121701003316,ILBS,59,22,100,575.00,"57,500.00"
2019-12-17,2019121701003315,ILBS,59,11,150,575.00,"86,250.00"
2019-12-17,2019121701003314,ILBS,59,39,20,575.00,"11,500.00"
2019-12-17,2019121701003313,ILBS,59,38,499,575.00,"286,925.00"
2019-12-17,2019121701003312,ILBS,59,21,10,575.00,"5,750.00"
2019-12-17,2019121701003498,ILBS,14,10,50,578.00,"28,900.00"
2019-12-17,2019121701003497,ILBS,14,32,10,577.00,"5,770.00"
2019-12-17,2019121701003496,ILBS,14,32,10,577.00,"5,770.00"
2019-12-17,2019121701003495,ILBS,14,1,10,576.00,"5,760.00"
2019-12-17,2019121701003470,ILBS,14,29,59,575.00,"33,925.00"
2019-12-17,2019121701003460,ILBS,14,14,10,571.00,"5,710.00"
2019-12-17,2019121701003256,JBBL,49,56,10,168.00,"1,680.00"
2019-12-17,2019121701003255,JBBL,49,25,10,168.00,"1,680.00"
2019-12-17,2019121701003673,JSLBB,34,49,10,"1,234.00","12,340.00"
2019-12-17,2019121701003478,KBL,45,25,318,181.00,"57,558.00"
2019-12-17,2019121701003477,KBL,45,48,200,181.00,"36,200.00"
2019-12-17,2019121701003439,KBL,44,26,290,180.00,"52,200.00"
2019-12-17,2019121701003342,KPCL,53,1,10,81.00,810.00
2019-12-17,2019121701003511,KSBBL,34,39,56,134.00,"7,504.00"
2019-12-17,2019121701003482,KSBBL,22,26,200,135.00,"27,000.00"
2019-12-17,2019121701003456,KSBBL,26,26,100,135.00,"13,500.00"
2019-12-17,2019121701003455,KSBBL,28,26,24,135.00,"3,240.00"
2019-12-17,2019121701003445,KSBBL,28,45,49,135.00,"6,615.00"
2019-12-17,2019121701003417,KSBBL,28,39,56,135.00,"7,560.00"
2019-12-17,2019121701003431,LBBL,32,42,700,189.00,"132,300.00"
2019-12-17,2019121701003363,LBBL,32,19,"1,000",189.00,"189,000.00"
2019-12-17,2019121701003347,LBBL,32,29,"1,300",189.00,"245,700.00"
2019-12-17,2019121701003346,LBBL,32,29,700,189.00,"132,300.00"
2019-12-17,2019121701003446,LBL,32,38,69,192.00,"13,248.00"
2019-12-17,2019121701003708,LGIL,52,37,200,335.00,"67,000.00"
2019-12-17,2019121701003432,LGIL,52,37,20,335.00,"6,700.00"
2019-12-17,2019121701003327,LICN,26,42,100,"1,020.00","102,000.00"
2019-12-17,2019121701003326,LICN,26,14,200,"1,019.00","203,800.00"
2019-12-17,2019121701003645,LLBS,57,57,490,680.00,"333,200.00"
2019-12-17,2019121701003644,LLBS,57,43,27,680.00,"18,360.00"
2019-12-17,2019121701003620,LLBS,57,57,10,679.00,"6,790.00"
2019-12-17,2019121701003349,LVF1,7,45,"5,000",8.90,"44,500.00"
2019-12-17,2019121701003348,LVF1,7,22,500,8.89,"4,445.00"
2019-12-17,2019121701003260,MBL,3,14,20,220.00,"4,400.00"
2019-12-17,2019121701003559,MEGA,33,6,52,186.00,"9,672.00"
2019-12-17,2019121701003529,MLBBL,56,45,10,543.00,"5,430.00"
2019-12-17,2019121701003573,MNBBL,35,49,20,278.00,"5,560.00"
2019-12-17,2019121701003480,MNBBL,45,39,123,276.00,"33,948.00"
2019-12-17,2019121701003728,NABIL,48,1,105,742.00,"77,910.00"
2019-12-17,2019121701003705,NABIL,48,10,60,741.00,"44,460.00"
2019-12-17,2019121701003704,NABIL,45,10,105,741.00,"77,805.00"
2019-12-17,2019121701003696,NABIL,45,57,95,741.00,"70,395.00"
2019-12-17,2019121701003558,NABIL,45,57,51,741.00,"37,791.00"
2019-12-17,2019121701003550,NABIL,45,10,149,741.00,"110,409.00"
2019-12-17,2019121701003549,NABIL,45,10,51,741.00,"37,791.00"
2019-12-17,2019121701003528,NABIL,45,19,149,741.00,"110,409.00"
2019-12-17,2019121701003527,NABIL,45,19,88,741.00,"65,208.00"
2019-12-17,2019121701003523,NABIL,45,39,112,741.00,"82,992.00"
2019-12-17,2019121701003362,NABIL,43,11,28,740.00,"20,720.00"
2019-12-17,2019121701003343,NABIL,42,19,10,741.00,"7,410.00"
2019-12-17,2019121701003520,NADEP,13,6,20,462.00,"9,240.00"
2019-12-17,2019121701003519,NADEP,13,6,20,462.00,"9,240.00"
2019-12-17,2019121701003394,NADEP,56,32,100,460.00,"46,000.00"
2019-12-17,2019121701003393,NADEP,11,32,100,460.00,"46,000.00"
2019-12-17,2019121701003521,NADEP,13,29,20,463.00,"9,260.00"
2019-12-17,2019121701003479,NBL,49,43,"1,500",313.00,"469,500.00"
2019-12-17,2019121701003390,NBL,49,41,980,313.00,"306,740.00"
2019-12-17,2019121701003389,NBL,35,41,20,313.00,"6,260.00"
2019-12-17,2019121701003285,NBL,35,38,100,313.00,"31,300.00"
2019-12-17,2019121701003284,NBL,16,38,396,313.00,"123,948.00"
2019-12-17,2019121701003247,NBL,3,28,20,314.00,"6,280.00"
2019-12-17,2019121701003653,NCCB,45,32,100,201.00,"20,100.00"
2019-12-17,2019121701003641,NCCB,45,32,100,201.00,"20,100.00"
2019-12-17,2019121701003454,NCCB,34,57,136,200.00,"27,200.00"
2019-12-17,2019121701003453,NCCB,42,57,15,200.00,"3,000.00"
2019-12-17,2019121701003452,NCCB,51,57,300,200.00,"60,000.00"
2019-12-17,2019121701003451,NCCB,48,57,70,200.00,"14,000.00"
2019-12-17,2019121701003450,NCCB,48,57,381,200.00,"76,200.00"
2019-12-17,2019121701003352,NCCB,48,11,100,200.00,"20,000.00"
2019-12-17,2019121701003718,NFS,21,33,10,136.00,"1,360.00"
2019-12-17,2019121701003711,NFS,39,39,35,136.00,"4,760.00"
2019-12-17,2019121701003674,NFS,58,33,10,134.00,"1,340.00"
2019-12-17,2019121701003619,NFS,58,33,10,132.00,"1,320.00"
2019-12-17,2019121701003595,NFS,58,33,10,130.00,"1,300.00"
2019-12-17,2019121701003546,NFS,58,33,10,128.00,"1,280.00"
2019-12-17,2019121701003506,NFS,21,33,10,126.00,"1,260.00"
2019-12-17,2019121701003459,NFS,8,33,10,124.00,"1,240.00"
2019-12-17,2019121701003356,NHDL,16,56,30,112.00,"3,360.00"
2019-12-17,2019121701003355,NHDL,16,47,10,111.00,"1,110.00"
2019-12-17,2019121701003726,NIB,36,44,13,434.00,"5,642.00"
2019-12-17,2019121701003724,NIB,36,44,200,431.00,"86,200.00"
2019-12-17,2019121701003723,NIB,36,7,274,430.00,"117,820.00"
2019-12-17,2019121701003717,NIB,35,7,598,430.00,"257,140.00"
2019-12-17,2019121701003716,NIB,35,48,72,430.00,"30,960.00"
2019-12-17,2019121701003715,NIB,35,54,39,430.00,"16,770.00"
2019-12-17,2019121701003407,NIB,35,19,"1,088",429.00,"466,752.00"
2019-12-17,2019121701003406,NIB,35,13,44,429.00,"18,876.00"
2019-12-17,2019121701003332,NIB,46,19,12,429.00,"5,148.00"
2019-12-17,2019121701003331,NIB,46,22,23,428.00,"9,844.00"
2019-12-17,2019121701003413,NIB,35,25,59,430.00,"25,370.00"
2019-12-17,2019121701003412,NIB,35,48,50,430.00,"21,500.00"
2019-12-17,2019121701003411,NIB,35,14,100,430.00,"43,000.00"
2019-12-17,2019121701003410,NIB,35,45,90,430.00,"38,700.00"
2019-12-17,2019121701003409,NIB,35,7,500,430.00,"215,000.00"
2019-12-17,2019121701003408,NIB,35,6,69,430.00,"29,670.00"
2019-12-17,2019121701003714,NIB,35,25,291,430.00,"125,130.00"
2019-12-17,2019121701003692,NIB,36,25,100,430.00,"43,000.00"
2019-12-17,2019121701003665,NIB,48,17,79,429.00,"33,891.00"
2019-12-17,2019121701003664,NIB,48,39,295,428.00,"126,260.00"
2019-12-17,2019121701003469,NIB,36,25,50,430.00,"21,500.00"
2019-12-17,2019121701003466,NIB,6,57,44,428.00,"18,832.00"
2019-12-17,2019121701003328,NIBLPF,7,45,"4,546",6.90,"31,367.40"
2019-12-17,2019121701003441,NIBPO,36,56,116,401.00,"46,516.00"
2019-12-17,2019121701003440,NIBPO,36,4,84,401.00,"33,684.00"
2019-12-17,2019121701003690,NICA,38,57,500,416.00,"208,000.00"
2019-12-17,2019121701003689,NICA,38,25,100,416.00,"41,600.00"
2019-12-17,2019121701003688,NICA,38,42,86,416.00,"35,776.00"
2019-12-17,2019121701003681,NICA,46,42,14,416.00,"5,824.00"
2019-12-17,2019121701003666,NICA,36,38,973,415.00,"403,795.00"
2019-12-17,2019121701003579,NICA,36,38,27,415.00,"11,205.00"
2019-12-17,2019121701003578,NICA,36,57,73,414.00,"30,222.00"
2019-12-17,2019121701003568,NICA,25,57,100,414.00,"41,400.00"
2019-12-17,2019121701003555,NICA,36,57,327,414.00,"135,378.00"
2019-12-17,2019121701003554,NICA,36,58,284,414.00,"117,576.00"
2019-12-17,2019121701003553,NICA,36,59,389,414.00,"161,046.00"
2019-12-17,2019121701003710,NICL,22,29,90,298.00,"26,820.00"
2019-12-17,2019121701003709,NICL,22,29,10,298.00,"2,980.00"
2019-12-17,2019121701003585,NICL,21,25,500,297.00,"148,500.00"
2019-12-17,2019121701003584,NICL,21,41,200,295.00,"59,000.00"
2019-12-17,2019121701003735,NIL,19,28,150,415.00,"62,250.00"
2019-12-17,2019121701003734,NIL,19,42,100,413.00,"41,300.00"
2019-12-17,2019121701003722,NIL,34,37,300,412.00,"123,600.00"
2019-12-17,2019121701003612,NIL,22,34,500,409.00,"204,500.00"
2019-12-17,2019121701003577,NIL,22,45,415,410.00,"170,150.00"
2019-12-17,2019121701003567,NIL,22,34,320,409.00,"130,880.00"
2019-12-17,2019121701003566,NIL,22,13,40,408.00,"16,320.00"
2019-12-17,2019121701003467,NIL,13,45,85,410.00,"34,850.00"
2019-12-17,2019121701003364,NIL,58,32,328,409.00,"134,152.00"
2019-12-17,2019121701003333,NIL,43,32,100,409.00,"40,900.00"
2019-12-17,2019121701003438,NLBBL,36,39,492,554.00,"272,568.00"
2019-12-17,2019121701003437,NLBBL,6,39,50,554.00,"27,700.00"
2019-12-17,2019121701003594,NLIC,33,14,400,885.00,"354,000.00"
2019-12-17,2019121701003461,NLIC,44,10,"2,390",882.00,"2,107,980.00"
2019-12-17,2019121701003562,NLICL,38,19,425,474.00,"201,450.00"
2019-12-17,2019121701003561,NLICL,38,32,100,474.00,"47,400.00"
2019-12-17,2019121701003533,NLICL,38,7,100,473.00,"47,300.00"
2019-12-17,2019121701003532,NLICL,38,13,153,473.00,"72,369.00"
2019-12-17,2019121701003531,NLICL,38,16,129,472.00,"60,888.00"
2019-12-17,2019121701003398,NLICL,38,59,13,464.00,"6,032.00"
2019-12-17,2019121701003376,NLICL,36,11,100,470.00,"47,000.00"
2019-12-17,2019121701003732,NMB,11,38,35,400.00,"14,000.00"
2019-12-17,2019121701003730,NMB,16,45,21,401.00,"8,421.00"
2019-12-17,2019121701003729,NMB,16,19,79,401.00,"31,679.00"
2019-12-17,2019121701003701,NMB,16,19,50,401.00,"20,050.00"
2019-12-17,2019121701003691,NMB,57,19,20,401.00,"8,020.00"
2019-12-17,2019121701003680,NMB,16,19,100,401.00,"40,100.00"
2019-12-17,2019121701003267,NMB,35,43,30,400.00,"12,000.00"
2019-12-17,2019121701003266,NMB,32,43,420,400.00,"168,000.00"
2019-12-17,2019121701003265,NMB,32,39,506,400.00,"202,400.00"
2019-12-17,2019121701003404,NMB,39,50,50,401.00,"20,050.00"
2019-12-17,2019121701003345,NMB,20,43,"4,000",400.00,"1,600,000.00"
2019-12-17,2019121701003335,NMB,55,45,100,400.00,"40,000.00"
2019-12-17,2019121701003334,NMB,55,43,300,400.00,"120,000.00"
2019-12-17,2019121701003319,NMB,51,43,100,400.00,"40,000.00"
2019-12-17,2019121701003268,NMB,39,43,150,400.00,"60,000.00"
2019-12-17,2019121701003603,NMB,39,50,19,401.00,"7,619.00"
2019-12-17,2019121701003565,NMB,16,28,20,400.00,"8,000.00"
2019-12-17,2019121701003564,NMB,35,28,250,400.00,"100,000.00"
2019-12-17,2019121701003563,NMB,17,28,30,400.00,"12,000.00"
2019-12-17,2019121701003518,NMB,39,43,191,400.00,"76,400.00"
2019-12-17,2019121701003517,NMB,55,43,100,400.00,"40,000.00"
2019-12-17,2019121701003658,NMB,57,19,51,401.00,"20,451.00"
2019-12-17,2019121701003657,NMB,57,56,49,401.00,"19,649.00"
2019-12-17,2019121701003646,NMB,10,56,300,401.00,"120,300.00"
2019-12-17,2019121701003606,NMB,39,56,181,401.00,"72,581.00"
2019-12-17,2019121701003605,NMB,39,38,100,401.00,"40,100.00"
2019-12-17,2019121701003604,NMB,39,34,200,401.00,"80,200.00"
2019-12-17,2019121701003672,NMB,11,39,139,400.00,"55,600.00"
2019-12-17,2019121701003671,NMB,33,39,50,400.00,"20,000.00"
2019-12-17,2019121701003670,NMB,56,39,10,400.00,"4,000.00"
2019-12-17,2019121701003669,NMB,1,39,180,400.00,"72,000.00"
2019-12-17,2019121701003668,NMB,1,20,20,400.00,"8,000.00"
2019-12-17,2019121701003667,NMB,16,20,"1,980",400.00,"792,000.00"
2019-12-17,2019121701003420,NMBMF,39,28,10,552.00,"5,520.00"
2019-12-17,2019121701003428,NNLB,45,55,340,600.00,"204,000.00"
2019-12-17,2019121701003427,NNLB,25,55,500,601.00,"300,500.00"
2019-12-17,2019121701003426,NNLB,57,55,20,601.00,"12,020.00"
2019-12-17,2019121701003425,NNLB,39,55,40,601.00,"24,040.00"
2019-12-17,2019121701003381,NNLB,52,42,474,603.00,"285,822.00"
2019-12-17,2019121701003377,NNLB,52,42,500,603.00,"301,500.00"
2019-12-17,2019121701003375,NNLB,48,42,16,603.00,"9,648.00"
2019-12-17,2019121701003592,NTC,46,38,10,642.00,"6,420.00"
2019-12-17,2019121701003490,NTC,13,1,100,639.00,"63,900.00"
2019-12-17,2019121701003380,NUBL,36,6,40,770.00,"30,800.00"
2019-12-17,2019121701003379,NUBL,36,40,12,770.00,"9,240.00"
2019-12-17,2019121701003378,NUBL,5,40,20,770.00,"15,400.00"
2019-12-17,2019121701003509,PCBL,1,49,200,277.00,"55,400.00"
2019-12-17,2019121701003421,PFL,53,29,10,145.00,"1,450.00"
2019-12-17,2019121701003367,PFL,37,29,50,146.00,"7,300.00"
2019-12-17,2019121701003359,PFL,53,1,39,145.00,"5,655.00"
2019-12-17,2019121701003576,PIC,34,17,190,401.00,"76,190.00"
2019-12-17,2019121701003536,PIC,7,17,10,401.00,"4,010.00"
2019-12-17,2019121701003525,PIC,4,45,200,403.00,"80,600.00"
2019-12-17,2019121701003515,PIC,43,55,42,400.00,"16,800.00"
2019-12-17,2019121701003514,PIC,33,55,29,400.00,"11,600.00"
2019-12-17,2019121701003513,PIC,50,55,29,400.00,"11,600.00"
2019-12-17,2019121701003510,PIC,50,49,52,400.00,"20,800.00"
2019-12-17,2019121701003330,PICL,52,56,10,418.00,"4,180.00"
2019-12-17,2019121701003329,PICL,52,50,335,418.00,"140,030.00"
2019-12-17,2019121701003310,PICL,39,50,695,418.00,"290,510.00"
2019-12-17,2019121701003309,PICL,39,57,100,418.00,"41,800.00"
2019-12-17,2019121701003308,PICL,39,19,500,418.00,"209,000.00"
2019-12-17,2019121701003307,PICL,39,35,50,418.00,"20,900.00"
2019-12-17,2019121701003306,PICL,39,25,100,417.00,"41,700.00"
2019-12-17,2019121701003305,PICL,39,56,10,417.00,"4,170.00"
2019-12-17,2019121701003304,PICL,39,56,20,416.00,"8,320.00"
2019-12-17,2019121701003303,PICL,39,56,25,415.00,"10,375.00"
2019-12-17,2019121701003731,PLIC,52,39,223,345.00,"76,935.00"
2019-12-17,2019121701003679,PLIC,36,38,556,341.00,"189,596.00"
2019-12-17,2019121701003678,PLIC,34,38,200,342.00,"68,400.00"
2019-12-17,2019121701003677,PLIC,43,38,50,342.00,"17,100.00"
2019-12-17,2019121701003676,PLIC,26,38,100,343.00,"34,300.00"
2019-12-17,2019121701003675,PLIC,45,38,94,345.00,"32,430.00"
2019-12-17,2019121701003457,PLIC,36,39,223,341.00,"76,043.00"
2019-12-17,2019121701003322,PLIC,45,50,100,347.00,"34,700.00"
2019-12-17,2019121701003436,PPCL,45,36,50,108.00,"5,400.00"
2019-12-17,2019121701003435,PPCL,45,36,110,108.00,"11,880.00"
2019-12-17,2019121701003434,PPCL,45,21,10,108.00,"1,080.00"
2019-12-17,2019121701003433,PPCL,45,41,160,108.00,"17,280.00"
2019-12-17,2019121701003736,PRIN,6,11,150,335.00,"50,250.00"
2019-12-17,2019121701003707,PRIN,28,40,30,334.00,"10,020.00"
2019-12-17,2019121701003706,PRIN,28,56,60,334.00,"20,040.00"
2019-12-17,2019121701003685,PRIN,59,16,240,333.00,"79,920.00"
2019-12-17,2019121701003656,PRIN,52,16,850,333.00,"283,050.00"
2019-12-17,2019121701003655,PRIN,29,16,20,333.00,"6,660.00"
2019-12-17,2019121701003640,PRIN,52,49,50,332.00,"16,600.00"
2019-12-17,2019121701003639,PRIN,52,35,100,332.00,"33,200.00"
2019-12-17,2019121701003583,PRVU,43,17,"1,000",226.00,"226,000.00"
2019-12-17,2019121701003582,PRVU,38,17,200,226.00,"45,200.00"
2019-12-17,2019121701003581,PRVU,29,17,41,226.00,"9,266.00"
2019-12-17,2019121701003580,PRVU,45,17,156,226.00,"35,256.00"
2019-12-17,2019121701003444,PRVU,10,34,100,227.00,"22,700.00"
2019-12-17,2019121701003365,PRVU,10,51,100,227.00,"22,700.00"
2019-12-17,2019121701003684,RHPC,19,25,200,71.00,"14,200.00"
2019-12-17,2019121701003358,RLFL,14,45,147,108.00,"15,876.00"
2019-12-17,2019121701003575,RRHP,52,6,10,96.00,960.00
2019-12-17,2019121701003574,RRHP,52,41,10,96.00,960.00
2019-12-17,2019121701003299,RSDC,52,47,564,316.00,"178,224.00"
2019-12-17,2019121701003290,RSDC,48,3,231,315.00,"72,765.00"
2019-12-17,2019121701003626,SABSL,29,6,10,542.00,"5,420.00"
2019-12-17,2019121701003462,SABSL,29,40,10,542.00,"5,420.00"
2019-12-17,2019121701003383,SANIMA,16,14,80,313.00,"25,040.00"
2019-12-17,2019121701003382,SANIMA,16,14,58,313.00,"18,154.00"
2019-12-17,2019121701003253,SBI,37,22,55,349.00,"19,195.00"
2019-12-17,2019121701003615,SCB,34,38,500,535.00,"267,500.00"
2019-12-17,2019121701003611,SCB,34,38,383,535.00,"204,905.00"
2019-12-17,2019121701003610,SCB,28,38,100,535.00,"53,500.00"
2019-12-17,2019121701003609,SCB,6,38,50,536.00,"26,800.00"
2019-12-17,2019121701003597,SCB,6,38,60,536.00,"32,160.00"
2019-12-17,2019121701003591,SCB,6,38,90,536.00,"48,240.00"
2019-12-17,2019121701003590,SCB,5,38,25,536.00,"13,400.00"
2019-12-17,2019121701003589,SCB,11,38,15,536.00,"8,040.00"
2019-12-17,2019121701003588,SCB,55,38,10,536.00,"5,360.00"
2019-12-17,2019121701003587,SCB,38,38,20,536.00,"10,720.00"
2019-12-17,2019121701003586,SCB,1,38,40,536.00,"21,440.00"
2019-12-17,2019121701003288,SDESI,21,42,490,575.00,"281,750.00"
2019-12-17,2019121701003388,SEF,3,1,"1,000",8.78,"8,780.00"
2019-12-17,2019121701003721,SHINE,26,57,10,238.00,"2,380.00"
2019-12-17,2019121701003659,SHINE,45,38,10,235.00,"2,350.00"
2019-12-17,2019121701003483,SHINE,41,57,632,237.00,"149,784.00"
2019-12-17,2019121701003289,SHINE,26,16,500,237.00,"118,500.00"
2019-12-17,2019121701003244,SHINE,59,26,"1,625",236.00,"383,500.00"
2019-12-17,2019121701003720,SHIVM,14,45,100,360.00,"36,000.00"
2019-12-17,2019121701003719,SHIVM,14,7,300,360.00,"108,000.00"
2019-12-17,2019121701003651,SHIVM,38,42,100,360.00,"36,000.00"
2019-12-17,2019121701003650,SHIVM,38,41,100,360.00,"36,000.00"
2019-12-17,2019121701003649,SHIVM,38,38,50,360.00,"18,000.00"
2019-12-17,2019121701003648,SHIVM,38,45,50,360.00,"18,000.00"
2019-12-17,2019121701003442,SHIVM,32,14,15,358.00,"5,370.00"
2019-12-17,2019121701003336,SHIVM,7,51,300,358.00,"107,400.00"
2019-12-17,2019121701003261,SHIVM,25,42,60,356.00,"21,360.00"
2019-12-17,2019121701003647,SHIVM,38,34,400,360.00,"144,000.00"
2019-12-17,2019121701003643,SHIVM,16,16,50,357.00,"17,850.00"
2019-12-17,2019121701003492,SHIVM,32,22,100,359.00,"35,900.00"
2019-12-17,2019121701003491,SHIVM,32,48,300,359.00,"107,700.00"
2019-12-17,2019121701003465,SHIVM,38,40,200,359.00,"71,800.00"
2019-12-17,2019121701003443,SHIVM,32,48,300,358.00,"107,400.00"
2019-12-17,2019121701003403,SHPC,7,46,500,194.00,"97,000.00"
2019-12-17,2019121701003402,SHPC,7,38,726,194.00,"140,844.00"
2019-12-17,2019121701003401,SHPC,7,16,39,193.00,"7,527.00"
2019-12-17,2019121701003400,SHPC,7,16,39,193.00,"7,527.00"
2019-12-17,2019121701003399,SHPC,7,45,200,193.00,"38,600.00"
2019-12-17,2019121701003353,SHPC,49,10,"1,210",192.00,"232,320.00"
2019-12-17,2019121701003259,SHPC,19,6,740,191.00,"141,340.00"
2019-12-17,2019121701003258,SHPC,25,6,50,191.00,"9,550.00"
2019-12-17,2019121701003257,SHPC,10,6,100,191.00,"19,100.00"
2019-12-17,2019121701003598,SICL,56,33,100,855.00,"85,500.00"
2019-12-17,2019121701003273,SICL,58,55,300,855.00,"256,500.00"
2019-12-17,2019121701003272,SICL,58,16,100,855.00,"85,500.00"
2019-12-17,2019121701003271,SICL,58,46,20,855.00,"17,100.00"
2019-12-17,2019121701003270,SICL,58,43,270,854.00,"230,580.00"
2019-12-17,2019121701003269,SICL,58,16,200,854.00,"170,800.00"
2019-12-17,2019121701003251,SICL,45,38,300,852.00,"255,600.00"
2019-12-17,2019121701003642,SIL,20,37,423,407.00,"172,161.00"
2019-12-17,2019121701003663,SJCL,45,16,20,158.00,"3,160.00"
2019-12-17,2019121701003374,SJCL,38,32,100,158.00,"15,800.00"
2019-12-17,2019121701003373,SJCL,39,32,80,158.00,"12,640.00"
2019-12-17,2019121701003372,SJCL,47,32,200,158.00,"31,600.00"
2019-12-17,2019121701003291,SJCL,39,16,20,158.00,"3,160.00"
2019-12-17,2019121701003246,SJCL,19,16,20,158.00,"3,160.00"
2019-12-17,2019121701003283,SJCL,19,16,20,158.00,"3,160.00"
2019-12-17,2019121701003281,SJCL,19,16,20,158.00,"3,160.00"
2019-12-17,2019121701003277,SJCL,19,16,20,158.00,"3,160.00"
2019-12-17,2019121701003274,SJCL,19,16,20,158.00,"3,160.00"
2019-12-17,2019121701003262,SJCL,19,16,10,158.00,"1,580.00"
2019-12-17,2019121701003254,SJCL,19,16,20,158.00,"3,160.00"
2019-12-17,2019121701003629,SLBBL,47,58,100,554.00,"55,400.00"
2019-12-17,2019121701003712,SLICL,38,17,10,297.00,"2,970.00"
2019-12-17,2019121701003632,SLICL,38,5,100,295.00,"29,500.00"
2019-12-17,2019121701003631,SLICL,38,6,100,295.00,"29,500.00"
2019-12-17,2019121701003630,SLICL,38,4,500,295.00,"147,500.00"
2019-12-17,2019121701003624,SLICL,38,40,200,294.00,"58,800.00"
2019-12-17,2019121701003623,SLICL,38,42,100,294.00,"29,400.00"
2019-12-17,2019121701003622,SLICL,38,16,200,293.00,"58,600.00"
2019-12-17,2019121701003351,SLICL,57,48,200,291.00,"58,200.00"
2019-12-17,2019121701003287,SLICL,38,4,500,290.00,"145,000.00"
2019-12-17,2019121701003250,SLICL,50,46,261,290.00,"75,690.00"
2019-12-17,2019121701003694,SMFBS,57,22,10,909.00,"9,090.00"
2019-12-17,2019121701003637,SPARS,45,52,50,610.00,"30,500.00"
2019-12-17,2019121701003636,SPARS,45,43,50,610.00,"30,500.00"
2019-12-17,2019121701003635,SPARS,45,38,10,608.00,"6,080.00"
2019-12-17,2019121701003634,SPARS,45,44,90,607.00,"54,630.00"
2019-12-17,2019121701003593,SPARS,7,44,100,607.00,"60,700.00"
2019-12-17,2019121701003556,SPARS,39,44,10,607.00,"6,070.00"
2019-12-17,2019121701003481,SPARS,39,44,12,606.00,"7,272.00"
2019-12-17,2019121701003264,SPARS,55,38,10,605.00,"6,050.00"
2019-12-17,2019121701003263,SPARS,55,28,10,605.00,"6,050.00"
2019-12-17,2019121701003243,SPARS,40,35,48,604.00,"28,992.00"
2019-12-17,2019121701003242,SPARS,40,43,50,603.00,"30,150.00"
2019-12-17,2019121701003241,SPARS,40,6,10,603.00,"6,030.00"
2019-12-17,2019121701003560,SRBL,45,53,400,217.00,"86,800.00"
2019-12-17,2019121701003552,SRBL,17,42,200,216.00,"43,200.00"
2019-12-17,2019121701003458,SRBL,52,38,50,217.00,"10,850.00"
2019-12-17,2019121701003282,STC,28,38,10,"1,687.00","16,870.00"
2019-12-17,2019121701003245,STC,28,22,10,"1,659.00","16,590.00"
2019-12-17,2019121701003238,STC,28,48,20,"1,632.00","32,640.00"
2019-12-17,2019121701003237,STC,28,21,10,"1,628.00","16,280.00"
2019-12-17,2019121701003535,SWBBL,50,45,50,820.00,"41,000.00"
2019-12-17,2019121701003361,SWBBL,43,50,128,819.00,"104,832.00"
2019-12-17,2019121701003360,SWBBL,5,50,22,820.00,"18,040.00"
2019-12-17,2019121701003354,SWBBL,36,4,100,825.00,"82,500.00"
2019-12-17,2019121701003344,SWBBL,5,45,28,820.00,"22,960.00"
2019-12-17,2019121701003628,TMDBL,26,21,20,151.00,"3,020.00"
2019-12-17,2019121701003608,TMDBL,26,59,496,153.00,"75,888.00"
2019-12-17,2019121701003607,TMDBL,26,57,40,153.00,"6,120.00"
2019-12-17,2019121701003508,TMDBL,19,57,10,153.00,"1,530.00"
2019-12-17,2019121701003507,TMDBL,19,59,30,152.00,"4,560.00"
2019-12-17,2019121701003687,UIC,21,5,100,285.00,"28,500.00"
2019-12-17,2019121701003686,UIC,21,35,450,285.00,"128,250.00"
2019-12-17,2019121701003662,UIC,53,35,50,285.00,"14,250.00"
2019-12-17,2019121701003557,UIC,45,51,100,284.00,"28,400.00"
2019-12-17,2019121701003551,UMHL,6,37,60,110.00,"6,600.00"
2019-12-17,2019121701003617,UPCL,6,6,50,73.00,"3,650.00"
2019-12-17,2019121701003616,UPCL,6,6,50,73.00,"3,650.00"
2019-12-17,2019121701003463,UPCL,21,57,100,72.00,"7,200.00"
2019-12-17,2019121701003654,UPPER,1,16,200,232.00,"46,400.00"
2019-12-17,2019121701003300,UPPER,42,3,11,233.00,"2,563.00"
2019-12-17,2019121701003207,ADBL,5,22,106,407.00,"43,142.00"
2019-12-17,2019121701003166,ADBL,5,39,11,407.00,"4,477.00"
2019-12-17,2019121701003165,ADBL,57,39,100,407.00,"40,700.00"
2019-12-17,2019121701003037,ADBL,56,44,500,408.00,"204,000.00"
2019-12-17,2019121701002855,ADBL,34,34,6,408.00,"2,448.00"
2019-12-17,2019121701002836,ADBL,34,34,5,408.00,"2,040.00"
2019-12-17,2019121701002816,ADBL,34,34,3,408.00,"1,224.00"
2019-12-17,2019121701002797,ADBL,34,34,7,408.00,"2,856.00"
2019-12-17,2019121701002766,ADBL,39,44,50,408.00,"20,400.00"
2019-12-17,2019121701002765,ADBL,26,44,420,408.00,"171,360.00"
2019-12-17,2019121701003127,AHPC,28,13,217,98.00,"21,266.00"
2019-12-17,2019121701003117,AHPC,28,39,100,98.00,"9,800.00"
2019-12-17,2019121701002964,AKBSL,32,10,30,465.00,"13,950.00"
2019-12-17,2019121701002963,AKBSL,32,6,10,465.00,"4,650.00"
2019-12-17,2019121701002961,AKBSL,32,49,30,460.00,"13,800.00"
2019-12-17,2019121701002960,AKBSL,32,41,10,460.00,"4,600.00"
2019-12-17,2019121701002959,AKBSL,32,58,10,460.00,"4,600.00"
2019-12-17,2019121701002958,AKBSL,32,41,10,458.00,"4,580.00"
2019-12-17,2019121701002918,AKJCL,59,56,80,59.00,"4,720.00"
2019-12-17,2019121701002917,AKJCL,53,56,445,59.00,"26,255.00"
2019-12-17,2019121701002905,ALBSL,57,26,60,453.00,"27,180.00"
2019-12-17,2019121701002841,ALBSL,57,44,10,451.00,"4,510.00"
2019-12-17,2019121701002804,ALBSL,57,44,10,451.00,"4,510.00"
2019-12-17,2019121701003192,ALICL,46,50,14,358.00,"5,012.00"
2019-12-17,2019121701003156,ALICL,52,28,279,355.00,"99,045.00"
2019-12-17,2019121701002993,ALICL,46,28,11,355.00,"3,905.00"
2019-12-17,2019121701002992,ALICL,46,14,20,354.00,"7,080.00"
2019-12-17,2019121701002920,ALICL,57,16,569,350.00,"199,150.00"
2019-12-17,2019121701002919,ALICL,40,16,31,350.00,"10,850.00"
2019-12-17,2019121701002915,ALICL,40,56,269,350.00,"94,150.00"
2019-12-17,2019121701002914,ALICL,46,56,81,351.00,"28,431.00"
2019-12-17,2019121701002988,API,57,35,500,108.00,"54,000.00"
2019-12-17,2019121701002987,API,41,35,"1,500",108.00,"162,000.00"
2019-12-17,2019121701002861,API,1,59,100,109.00,"10,900.00"
2019-12-17,2019121701002863,BFC,57,26,70,87.00,"6,090.00"
2019-12-17,2019121701002862,BFC,57,14,500,87.00,"43,500.00"
2019-12-17,2019121701002772,BOKL,22,25,10,218.00,"2,180.00"
2019-12-17,2019121701002933,BPCL,26,49,154,353.00,"54,362.00"
2019-12-17,2019121701002932,BPCL,3,49,33,353.00,"11,649.00"
2019-12-17,2019121701002931,BPCL,16,49,13,354.00,"4,602.00"
2019-12-17,2019121701002930,CBBL,29,43,100,796.00,"79,600.00"
2019-12-17,2019121701002974,CBL,21,25,180,137.00,"24,660.00"
2019-12-17,2019121701002973,CBL,21,43,239,137.00,"32,743.00"
2019-12-17,2019121701002780,CBL,57,43,761,137.00,"104,257.00"
2019-12-17,2019121701002779,CBL,57,17,239,137.00,"32,743.00"
2019-12-17,2019121701002756,CBL,21,17,600,137.00,"82,200.00"
2019-12-17,2019121701003175,CCBL,13,39,65,165.00,"10,725.00"
2019-12-17,2019121701002840,CCBL,13,36,51,165.00,"8,415.00"
2019-12-17,2019121701002849,CCBL,13,44,35,165.00,"5,775.00"
2019-12-17,2019121701003163,CEFL,32,38,100,101.00,"10,100.00"
2019-12-17,2019121701002888,CIT,41,13,27,"1,730.00","46,710.00"
2019-12-17,2019121701002887,CIT,4,13,20,"1,730.00","34,600.00"
2019-12-17,2019121701003133,CZBIL,34,38,300,186.00,"55,800.00"
2019-12-17,2019121701003132,CZBIL,54,38,125,186.00,"23,250.00"
2019-12-17,2019121701003026,DBBL,48,34,479,130.00,"62,270.00"
2019-12-17,2019121701002976,DBBL,48,33,42,130.00,"5,460.00"
2019-12-17,2019121701002975,DBBL,48,44,479,130.00,"62,270.00"
2019-12-17,2019121701002911,DBBL,7,36,"1,000",130.00,"130,000.00"
2019-12-17,2019121701002910,DBBL,7,48,"1,000",130.00,"130,000.00"
2019-12-17,2019121701002845,DBBL,39,37,155,130.00,"20,150.00"
2019-12-17,2019121701002819,DBBL,7,37,345,130.00,"44,850.00"
2019-12-17,2019121701002818,DBBL,7,41,55,130.00,"7,150.00"
2019-12-17,2019121701002817,DBBL,7,54,100,130.00,"13,000.00"
2019-12-17,2019121701003230,DDBL,25,4,300,860.00,"258,000.00"
2019-12-17,2019121701002995,DDBL,49,4,500,855.00,"427,500.00"
2019-12-17,2019121701002969,DDBL,49,13,166,855.00,"141,930.00"
2019-12-17,2019121701002968,DDBL,56,13,200,855.00,"171,000.00"
2019-12-17,2019121701002967,DDBL,35,13,20,855.00,"17,100.00"
2019-12-17,2019121701002739,DDBL,25,45,20,856.00,"17,120.00"
2019-12-17,2019121701002996,DHPL,7,16,11,54.00,594.00
2019-12-17,2019121701003113,EBL,17,33,650,572.00,"371,800.00"
2019-12-17,2019121701003213,GBBL,32,43,699,201.00,"140,499.00"
2019-12-17,2019121701003020,GBLBS,46,33,15,315.00,"4,725.00"
2019-12-17,2019121701003019,GBLBS,46,34,15,314.00,"4,710.00"
2019-12-17,2019121701002847,GBLBS,34,29,400,313.00,"125,200.00"
2019-12-17,2019121701002782,GBLBS,34,21,240,313.00,"75,120.00"
2019-12-17,2019121701002774,GBLBS,34,42,25,313.00,"7,825.00"
2019-12-17,2019121701002773,GBLBS,50,42,50,313.00,"15,650.00"
2019-12-17,2019121701002737,GBLBS,18,38,300,314.00,"94,200.00"
2019-12-17,2019121701002938,GGBSL,11,10,10,609.00,"6,090.00"
2019-12-17,2019121701002937,GGBSL,11,10,10,609.00,"6,090.00"
2019-12-17,2019121701002936,GGBSL,11,10,10,609.00,"6,090.00"
2019-12-17,2019121701002935,GGBSL,11,10,10,609.00,"6,090.00"
2019-12-17,2019121701002776,GLBSL,48,48,10,431.00,"4,310.00"
2019-12-17,2019121701003208,GLICL,52,38,400,444.00,"177,600.00"
2019-12-17,2019121701003188,GLICL,44,34,292,440.00,"128,480.00"
2019-12-17,2019121701003184,GLICL,28,34,400,440.00,"176,000.00"
2019-12-17,2019121701003136,GLICL,56,34,50,440.00,"22,000.00"
2019-12-17,2019121701002913,GLICL,50,45,20,436.00,"8,720.00"
2019-12-17,2019121701002786,GMFBS,47,42,20,558.00,"11,160.00"
2019-12-17,2019121701003007,HBL,46,39,12,504.00,"6,048.00"
2019-12-17,2019121701003193,HDL,26,19,200,"1,252.00","250,400.00"
2019-12-17,2019121701002791,HDL,58,26,30,"1,249.00","37,470.00"
2019-12-17,2019121701003158,HIDCL,46,6,880,132.00,"116,160.00"
2019-12-17,2019121701003049,HIDCL,46,35,33,132.00,"4,356.00"
2019-12-17,2019121701003048,HIDCL,45,35,500,132.00,"66,000.00"
2019-12-17,2019121701003047,HIDCL,50,35,"1,000",132.00,"132,000.00"
2019-12-17,2019121701003046,HIDCL,36,35,467,132.00,"61,644.00"
2019-12-17,2019121701003227,ILBS,52,49,570,573.00,"326,610.00"
2019-12-17,2019121701003116,ILBS,52,34,100,572.00,"57,200.00"
2019-12-17,2019121701003115,ILBS,52,22,90,572.00,"51,480.00"
2019-12-17,2019121701002946,ILBS,17,1,20,568.00,"11,360.00"
2019-12-17,2019121701002860,ILBS,59,21,10,568.00,"5,680.00"
2019-12-17,2019121701002853,ILBS,43,21,10,569.00,"5,690.00"
2019-12-17,2019121701002775,ILBS,33,41,40,570.00,"22,800.00"
2019-12-17,2019121701002738,ILBS,17,22,10,572.00,"5,720.00"
2019-12-17,2019121701002886,JFL,42,52,288,194.00,"55,872.00"
2019-12-17,2019121701002885,JFL,42,3,20,194.00,"3,880.00"
2019-12-17,2019121701002884,JFL,42,43,41,194.00,"7,954.00"
2019-12-17,2019121701002883,JFL,42,19,651,193.00,"125,643.00"
2019-12-17,2019121701002877,JFL,28,46,500,192.00,"96,000.00"
2019-12-17,2019121701002876,JFL,41,46,50,192.00,"9,600.00"
2019-12-17,2019121701002848,JFL,19,19,310,193.00,"59,830.00"
2019-12-17,2019121701002810,JFL,39,19,39,193.00,"7,527.00"
2019-12-17,2019121701002985,JSLBB,44,49,"1,000","1,210.00","1,210,000.00"
2019-12-17,2019121701002984,JSLBB,45,49,100,"1,210.00","121,000.00"
2019-12-17,2019121701002983,JSLBB,48,49,100,"1,212.00","121,200.00"
2019-12-17,2019121701002982,JSLBB,41,49,50,"1,212.00","60,600.00"
2019-12-17,2019121701002981,JSLBB,44,49,"1,000","1,213.00","1,213,000.00"
2019-12-17,2019121701002926,JSLBB,21,13,10,"1,223.00","12,230.00"
2019-12-17,2019121701002925,JSLBB,21,13,10,"1,223.00","12,230.00"
2019-12-17,2019121701002924,JSLBB,47,13,42,"1,224.00","51,408.00"
2019-12-17,2019121701002923,JSLBB,1,13,20,"1,230.00","24,600.00"
2019-12-17,2019121701002922,JSLBB,22,13,100,"1,230.00","123,000.00"
2019-12-17,2019121701002980,JSLBB,44,49,944,"1,215.00","1,146,960.00"
2019-12-17,2019121701002979,JSLBB,40,49,50,"1,216.00","60,800.00"
