Date,Transact. No.,Symbol,Buyer,Seller,Quantity,Rate,Amount
2019-01-28,2019012801004539,ADBL,6,29,28,342.00,"9,576.00"
2019-01-28,2019012801004538,ADBL,6,45,"1,440",342.00,"492,480.00"
2019-01-28,2019012801004537,ADBL,6,57,77,341.00,"26,257.00"
2019-01-28,2019012801004536,ADBL,6,57,77,341.00,"26,257.00"
2019-01-28,2019012801004352,ADBL,14,51,43,340.00,"14,620.00"
2019-01-28,2019012801004351,ADBL,14,51,10,340.00,"3,400.00"
2019-01-28,2019012801004108,ADBL,59,41,30,341.00,"10,230.00"
2019-01-28,2019012801004107,ADBL,59,50,257,341.00,"87,637.00"
2019-01-28,2019012801004489,ALICL,51,47,19,613.00,"11,647.00"
2019-01-28,2019012801004475,ALICL,49,57,10,618.00,"6,180.00"
2019-01-28,2019012801004145,ALICL,51,50,60,613.00,"36,780.00"
2019-01-28,2019012801004540,AMFI,44,32,10,739.00,"7,390.00"
2019-01-28,2019012801004260,AMFI,58,1,10,742.00,"7,420.00"
2019-01-28,2019012801004255,AMFI,58,1,30,742.00,"22,260.00"
2019-01-28,2019012801004254,AMFI,58,48,10,741.00,"7,410.00"
2019-01-28,2019012801004253,AMFI,58,40,10,740.00,"7,400.00"
2019-01-28,2019012801004246,AMFI,44,43,20,739.00,"14,780.00"
2019-01-28,2019012801004579,API,48,46,100,142.00,"14,200.00"
2019-01-28,2019012801004578,API,34,46,25,142.00,"3,550.00"
2019-01-28,2019012801004577,API,40,46,200,142.00,"28,400.00"
2019-01-28,2019012801004576,API,17,46,108,142.00,"15,336.00"
2019-01-28,2019012801004239,API,1,32,50,143.00,"7,150.00"
2019-01-28,2019012801004105,BHBL,14,19,120,144.00,"17,280.00"
2019-01-28,2019012801004104,BHBL,14,52,500,144.00,"72,000.00"
2019-01-28,2019012801004103,BHBL,14,17,200,144.00,"28,800.00"
2019-01-28,2019012801004365,BOKL,6,38,"1,049",254.00,"266,446.00"
2019-01-28,2019012801004364,BOKL,6,28,640,254.00,"162,560.00"
2019-01-28,2019012801004349,BOKL,56,28,50,254.00,"12,700.00"
2019-01-28,2019012801004460,BPCL,1,44,5,363.00,"1,815.00"
2019-01-28,2019012801004459,BPCL,53,44,15,363.00,"5,445.00"
2019-01-28,2019012801004452,BPCL,38,38,107,364.00,"38,948.00"
2019-01-28,2019012801004215,BPCL,53,17,10,363.00,"3,630.00"
2019-01-28,2019012801004161,BPCL,53,17,10,363.00,"3,630.00"
2019-01-28,2019012801004102,BPCL,53,16,15,363.00,"5,445.00"
2019-01-28,2019012801004101,BPCL,47,16,15,363.00,"5,445.00"
2019-01-28,2019012801004473,CBBL,54,38,270,877.00,"236,790.00"
2019-01-28,2019012801004472,CBBL,28,38,250,879.00,"219,750.00"
2019-01-28,2019012801004471,CBBL,14,38,50,880.00,"44,000.00"
2019-01-28,2019012801004470,CBBL,41,38,50,880.00,"44,000.00"
2019-01-28,2019012801004469,CBBL,53,38,110,880.00,"96,800.00"
2019-01-28,2019012801004228,CBBL,47,58,90,882.00,"79,380.00"
2019-01-28,2019012801004135,CBBL,47,6,95,882.00,"83,790.00"
2019-01-28,2019012801004234,CBBL,53,58,390,880.00,"343,200.00"
2019-01-28,2019012801004233,CBBL,22,58,320,880.00,"281,600.00"
2019-01-28,2019012801004232,CBBL,45,58,50,880.00,"44,000.00"
2019-01-28,2019012801004231,CBBL,45,58,120,880.00,"105,600.00"
2019-01-28,2019012801004230,CBBL,45,58,30,881.00,"26,430.00"
2019-01-28,2019012801004229,CBBL,51,58,500,881.00,"440,500.00"
2019-01-28,2019012801004451,CBL,49,51,20,160.00,"3,200.00"
2019-01-28,2019012801004324,CBL,34,38,756,159.00,"120,204.00"
2019-01-28,2019012801004323,CBL,45,38,30,159.00,"4,770.00"
2019-01-28,2019012801004322,CBL,33,38,50,159.00,"7,950.00"
2019-01-28,2019012801004321,CBL,6,38,"2,000",159.00,"318,000.00"
2019-01-28,2019012801004320,CBL,21,38,164,159.00,"26,076.00"
2019-01-28,2019012801004309,CBL,6,51,25,160.00,"4,000.00"
2019-01-28,2019012801004131,CBL,21,16,24,159.00,"3,816.00"
2019-01-28,2019012801004098,CBL,21,49,200,159.00,"31,800.00"
2019-01-28,2019012801004097,CBL,51,49,50,160.00,"8,000.00"
2019-01-28,2019012801004096,CBL,36,49,50,160.00,"8,000.00"
2019-01-28,2019012801004557,CCBL,20,38,115,169.00,"19,435.00"
2019-01-28,2019012801004464,CCBL,49,38,10,170.00,"1,700.00"
2019-01-28,2019012801004133,CCBL,7,38,50,170.00,"8,500.00"
2019-01-28,2019012801004132,CCBL,17,38,35,170.00,"5,950.00"
2019-01-28,2019012801004394,CHCL,47,45,20,531.00,"10,620.00"
2019-01-28,2019012801004159,CHL,49,16,10,99.00,990.00
2019-01-28,2019012801004490,CIT,34,53,100,"2,705.00","270,500.00"
2019-01-28,2019012801004216,CIT,10,22,10,"2,709.00","27,090.00"
2019-01-28,2019012801004110,CIT,19,53,20,"2,705.00","54,100.00"
2019-01-28,2019012801004109,CIT,19,39,70,"2,701.00","189,070.00"
2019-01-28,2019012801004092,CIT,52,50,10,"2,700.00","27,000.00"
2019-01-28,2019012801004308,CLBSL,45,6,30,733.00,"21,990.00"
2019-01-28,2019012801004531,CZBIL,21,14,200,210.00,"42,000.00"
2019-01-28,2019012801004454,CZBIL,29,7,304,210.00,"63,840.00"
2019-01-28,2019012801004353,CZBIL,14,7,206,210.00,"43,260.00"
2019-01-28,2019012801004348,CZBIL,14,43,194,210.00,"40,740.00"
2019-01-28,2019012801004347,CZBIL,39,43,106,210.00,"22,260.00"
2019-01-28,2019012801004344,CZBIL,6,22,25,211.00,"5,275.00"
2019-01-28,2019012801004137,CZBIL,45,36,14,210.00,"2,940.00"
2019-01-28,2019012801004136,CZBIL,13,36,27,210.00,"5,670.00"
2019-01-28,2019012801004332,CZBIL,39,43,144,210.00,"30,240.00"
2019-01-28,2019012801004331,CZBIL,42,43,50,210.00,"10,500.00"
2019-01-28,2019012801004330,CZBIL,3,43,200,210.00,"42,000.00"
2019-01-28,2019012801004329,CZBIL,6,43,20,210.00,"4,200.00"
2019-01-28,2019012801004328,CZBIL,45,43,86,210.00,"18,060.00"
2019-01-28,2019012801004181,CZBIL,10,22,10,211.00,"2,110.00"
2019-01-28,2019012801004430,DBBL,7,10,10,127.00,"1,270.00"
2019-01-28,2019012801004428,DBBL,45,34,250,125.00,"31,250.00"
2019-01-28,2019012801004571,DDBL,44,50,10,580.00,"5,800.00"
2019-01-28,2019012801004359,DDBL,21,36,40,571.00,"22,840.00"
2019-01-28,2019012801004493,DHPL,3,3,10,99.00,990.00
2019-01-28,2019012801004372,EBL,10,17,10,527.00,"5,270.00"
2019-01-28,2019012801004511,EIC,33,48,100,845.00,"84,500.00"
2019-01-28,2019012801004291,EIC,17,48,400,845.00,"338,000.00"
2019-01-28,2019012801004290,EIC,17,19,26,844.00,"21,944.00"
2019-01-28,2019012801004547,FMDBL,47,33,28,380.00,"10,640.00"
2019-01-28,2019012801004546,FMDBL,25,33,20,380.00,"7,600.00"
2019-01-28,2019012801004533,FMDBL,47,33,50,380.00,"19,000.00"
2019-01-28,2019012801004476,FMDBL,53,33,100,380.00,"38,000.00"
2019-01-28,2019012801004383,FMDBL,44,33,250,380.00,"95,000.00"
2019-01-28,2019012801004262,FMDBL,42,33,300,380.00,"114,000.00"
2019-01-28,2019012801004091,FMDBL,41,6,220,379.00,"83,380.00"
2019-01-28,2019012801004338,FOWAD,16,7,100,"1,610.00","161,000.00"
2019-01-28,2019012801004337,FOWAD,16,26,20,"1,610.00","32,200.00"
2019-01-28,2019012801004336,FOWAD,16,58,50,"1,609.00","80,450.00"
2019-01-28,2019012801004335,FOWAD,16,34,30,"1,609.00","48,270.00"
2019-01-28,2019012801004319,FOWAD,16,36,30,"1,600.00","48,000.00"
2019-01-28,2019012801004318,FOWAD,16,6,13,"1,600.00","20,800.00"
2019-01-28,2019012801004311,FOWAD,16,37,20,"1,589.00","31,780.00"
2019-01-28,2019012801004317,FOWAD,16,17,20,"1,599.00","31,980.00"
2019-01-28,2019012801004316,FOWAD,16,58,10,"1,590.00","15,900.00"
2019-01-28,2019012801004315,FOWAD,16,34,100,"1,590.00","159,000.00"
2019-01-28,2019012801004314,FOWAD,16,38,27,"1,589.00","42,903.00"
2019-01-28,2019012801004313,FOWAD,16,38,39,"1,589.00","61,971.00"
2019-01-28,2019012801004312,FOWAD,16,37,10,"1,589.00","15,890.00"
2019-01-28,2019012801004174,GBBL,45,28,11,183.00,"2,013.00"
2019-01-28,2019012801004153,GBBL,45,36,11,183.00,"2,013.00"
2019-01-28,2019012801004301,GBIME,57,54,592,262.00,"155,104.00"
2019-01-28,2019012801004575,GBLBS,16,28,10,440.00,"4,400.00"
2019-01-28,2019012801004368,GBLBS,13,36,135,436.00,"58,860.00"
2019-01-28,2019012801004367,GBLBS,5,36,40,436.00,"17,440.00"
2019-01-28,2019012801004366,GBLBS,50,36,100,437.00,"43,700.00"
2019-01-28,2019012801004304,GBLBS,50,42,100,437.00,"43,700.00"
2019-01-28,2019012801004484,GDBL,6,40,"3,923",185.00,"725,755.00"
2019-01-28,2019012801004377,GDBL,32,41,219,184.00,"40,296.00"
2019-01-28,2019012801004090,GDBL,14,40,100,185.00,"18,500.00"
2019-01-28,2019012801004089,GDBL,32,40,200,185.00,"37,000.00"
2019-01-28,2019012801004088,GDBL,39,40,200,185.00,"37,000.00"
2019-01-28,2019012801004087,GDBL,1,40,77,185.00,"14,245.00"
2019-01-28,2019012801004178,GDBL,49,28,19,184.00,"3,496.00"
2019-01-28,2019012801004376,GDBL,43,41,300,184.00,"55,200.00"
2019-01-28,2019012801004375,GDBL,49,41,181,184.00,"33,304.00"
2019-01-28,2019012801004354,GDBL,47,40,500,185.00,"92,500.00"
2019-01-28,2019012801004567,GLICL,58,50,10,725.00,"7,250.00"
2019-01-28,2019012801004566,GRDBL,52,49,10,106.00,"1,060.00"
2019-01-28,2019012801004528,GRDBL,52,49,10,106.00,"1,060.00"
2019-01-28,2019012801004190,GUFL,47,37,29,103.00,"2,987.00"
2019-01-28,2019012801004350,HATH,45,11,200,121.00,"24,200.00"
2019-01-28,2019012801004125,HBL,42,35,60,447.00,"26,820.00"
2019-01-28,2019012801004554,HIDCL,43,49,12,142.00,"1,704.00"
2019-01-28,2019012801004553,HIDCL,42,49,133,142.00,"18,886.00"
2019-01-28,2019012801004485,HIDCL,42,38,635,142.00,"90,170.00"
2019-01-28,2019012801004423,HIDCL,42,16,232,142.00,"32,944.00"
2019-01-28,2019012801004422,HIDCL,51,16,188,142.00,"26,696.00"
2019-01-28,2019012801004381,HIDCL,42,38,200,143.00,"28,600.00"
2019-01-28,2019012801004380,HIDCL,50,38,194,143.00,"27,742.00"
2019-01-28,2019012801004468,HPPL,42,44,10,181.00,"1,810.00"
2019-01-28,2019012801004363,HPPL,42,41,10,181.00,"1,810.00"
2019-01-28,2019012801004562,JBBL,58,32,50,142.00,"7,100.00"
2019-01-28,2019012801004561,JBBL,58,45,200,141.00,"28,200.00"
2019-01-28,2019012801004483,JBBL,38,41,91,140.00,"12,740.00"
2019-01-28,2019012801004257,JBBL,38,59,112,140.00,"15,680.00"
2019-01-28,2019012801004256,JBBL,47,59,108,140.00,"15,120.00"
2019-01-28,2019012801004512,JBNL,46,43,50,166.00,"8,300.00"
2019-01-28,2019012801004449,JBNL,50,43,56,165.00,"9,240.00"
2019-01-28,2019012801004448,JBNL,51,43,100,165.00,"16,500.00"
2019-01-28,2019012801004447,JBNL,21,43,500,165.00,"82,500.00"
2019-01-28,2019012801004446,JBNL,57,43,300,165.00,"49,500.00"
2019-01-28,2019012801004445,JBNL,14,43,681,165.00,"112,365.00"
2019-01-28,2019012801004444,JBNL,58,43,"5,000",165.00,"825,000.00"
2019-01-28,2019012801004443,JBNL,34,43,589,165.00,"97,185.00"
2019-01-28,2019012801004442,JBNL,6,43,"1,774",165.00,"292,710.00"
2019-01-28,2019012801004280,JBNL,58,43,50,166.00,"8,300.00"
2019-01-28,2019012801004245,KBBL,11,11,799,212.00,"169,388.00"
2019-01-28,2019012801004244,KBBL,11,48,95,212.00,"20,140.00"
2019-01-28,2019012801004243,KBBL,11,1,60,212.00,"12,720.00"
2019-01-28,2019012801004197,KBBL,6,1,168,212.00,"35,616.00"
2019-01-28,2019012801004127,KBBL,6,54,32,212.00,"6,784.00"
2019-01-28,2019012801004126,KBBL,53,54,11,212.00,"2,332.00"
2019-01-28,2019012801004482,KBL,59,5,"1,000",245.00,"245,000.00"
2019-01-28,2019012801004481,KBL,57,5,500,245.00,"122,500.00"
2019-01-28,2019012801004480,KBL,53,5,30,245.00,"7,350.00"
2019-01-28,2019012801004479,KBL,21,5,50,245.00,"12,250.00"
2019-01-28,2019012801004478,KBL,25,5,100,245.00,"24,500.00"
2019-01-28,2019012801004477,KBL,57,5,47,245.00,"11,515.00"
2019-01-28,2019012801004252,KBL,42,37,500,246.00,"123,000.00"
2019-01-28,2019012801004130,KBL,57,54,50,245.00,"12,250.00"
2019-01-28,2019012801004086,KBL,57,28,103,245.00,"25,235.00"
2019-01-28,2019012801004085,KBL,16,28,"1,897",245.00,"464,765.00"
2019-01-28,2019012801004209,KKHC,3,3,10,94.00,940.00
2019-01-28,2019012801004208,KKHC,3,3,10,94.00,940.00
2019-01-28,2019012801004207,KKHC,3,3,10,94.00,940.00
2019-01-28,2019012801004206,KKHC,3,3,10,94.00,940.00
2019-01-28,2019012801004205,KKHC,3,3,10,94.00,940.00
2019-01-28,2019012801004204,KKHC,3,3,10,94.00,940.00
2019-01-28,2019012801004203,KKHC,3,3,10,94.00,940.00
2019-01-28,2019012801004202,KKHC,3,3,10,94.00,940.00
2019-01-28,2019012801004201,KKHC,3,3,10,94.00,940.00
2019-01-28,2019012801004200,KKHC,3,3,10,94.00,940.00
2019-01-28,2019012801004199,KKHC,3,16,10,94.00,940.00
2019-01-28,2019012801004379,KPCL,6,51,10,96.00,960.00
2019-01-28,2019012801004134,KSBBL,26,32,43,139.00,"5,977.00"
2019-01-28,2019012801004378,LBBL,33,50,40,176.00,"7,040.00"
2019-01-28,2019012801004276,LBL,1,34,238,199.00,"47,362.00"
2019-01-28,2019012801004151,LBL,22,34,100,199.00,"19,900.00"
2019-01-28,2019012801004463,LGIL,34,55,11,545.00,"5,995.00"
2019-01-28,2019012801004436,LLBS,48,56,82,805.00,"66,010.00"
2019-01-28,2019012801004435,LLBS,42,56,18,805.00,"14,490.00"
2019-01-28,2019012801004171,LLBS,42,11,22,805.00,"17,710.00"
2019-01-28,2019012801004157,LLBS,26,11,18,805.00,"14,490.00"
2019-01-28,2019012801004550,MBL,17,37,100,209.00,"20,900.00"
2019-01-28,2019012801004429,MBL,13,40,50,210.00,"10,500.00"
2019-01-28,2019012801004415,MBL,47,40,"1,500",210.00,"315,000.00"
2019-01-28,2019012801004343,MBL,32,40,500,210.00,"105,000.00"
2019-01-28,2019012801004165,MBL,17,57,209,209.00,"43,681.00"
2019-01-28,2019012801004302,MDB,34,36,41,286.00,"11,726.00"
2019-01-28,2019012801004263,MDB,17,36,10,286.00,"2,860.00"
2019-01-28,2019012801004570,MEGA,48,6,10,167.00,"1,670.00"
2019-01-28,2019012801004532,MEGA,43,6,10,167.00,"1,670.00"
2019-01-28,2019012801004508,MEGA,32,47,10,166.00,"1,660.00"
2019-01-28,2019012801004300,MEGA,32,35,21,166.00,"3,486.00"
2019-01-28,2019012801004226,MEGA,6,6,25,167.00,"4,175.00"
2019-01-28,2019012801004217,MEGA,29,29,99,166.00,"16,434.00"
2019-01-28,2019012801004327,MERO,58,29,11,"1,175.00","12,925.00"
2019-01-28,2019012801004326,MERO,58,56,29,"1,170.00","33,930.00"
2019-01-28,2019012801004306,MERO,51,35,20,"1,170.00","23,400.00"
2019-01-28,2019012801004156,MLBL,4,21,100,170.00,"17,000.00"
2019-01-28,2019012801004155,MLBL,4,29,20,170.00,"3,400.00"
2019-01-28,2019012801004154,MLBL,4,6,322,170.00,"54,740.00"
2019-01-28,2019012801004492,MMFDB,42,11,100,"1,025.00","102,500.00"
2019-01-28,2019012801004491,MMFDB,25,11,100,"1,026.00","102,600.00"
2019-01-28,2019012801004283,MNBBL,29,14,50,349.00,"17,450.00"
2019-01-28,2019012801004249,MNBBL,52,14,10,349.00,"3,490.00"
2019-01-28,2019012801004095,MNBBL,52,14,40,350.00,"14,000.00"
2019-01-28,2019012801004094,MNBBL,52,14,30,350.00,"10,500.00"
2019-01-28,2019012801004544,MSLB,5,51,10,"1,433.00","14,330.00"
2019-01-28,2019012801004543,MSLB,5,34,15,"1,430.00","21,450.00"
2019-01-28,2019012801004494,MSMBS,58,43,10,569.00,"5,690.00"
2019-01-28,2019012801004461,MSMBS,45,19,148,561.00,"83,028.00"
2019-01-28,2019012801004222,NABIL,7,34,100,834.00,"83,400.00"
2019-01-28,2019012801004198,NABIL,34,25,100,833.00,"83,300.00"
2019-01-28,2019012801004563,NADEP,43,38,10,777.00,"7,770.00"
2019-01-28,2019012801004527,NBB,17,37,100,185.00,"18,500.00"
2019-01-28,2019012801004392,NBB,17,19,200,185.00,"37,000.00"
2019-01-28,2019012801004258,NBB,6,57,25,186.00,"4,650.00"
2019-01-28,2019012801004189,NBB,11,57,50,186.00,"9,300.00"
2019-01-28,2019012801004188,NBB,7,57,50,186.00,"9,300.00"
2019-01-28,2019012801004437,NBBL,56,34,10,741.00,"7,410.00"
2019-01-28,2019012801004419,NBBL,56,51,50,729.00,"36,450.00"
2019-01-28,2019012801004418,NBBL,56,33,59,729.00,"43,011.00"
2019-01-28,2019012801004417,NBBL,56,33,35,728.00,"25,480.00"
2019-01-28,2019012801004393,NBBL,56,14,100,727.00,"72,700.00"
2019-01-28,2019012801004582,NBL,38,48,10,291.00,"2,910.00"
2019-01-28,2019012801004568,NBL,34,50,300,290.00,"87,000.00"
2019-01-28,2019012801004545,NBL,34,36,"1,000",290.00,"290,000.00"
2019-01-28,2019012801004542,NBL,42,48,100,291.00,"29,100.00"
2019-01-28,2019012801004510,NBL,34,50,250,290.00,"72,500.00"
2019-01-28,2019012801004371,NBL,47,37,180,290.00,"52,200.00"
2019-01-28,2019012801004259,NBL,47,48,200,290.00,"58,000.00"
2019-01-28,2019012801004251,NBL,47,48,50,290.00,"14,500.00"
2019-01-28,2019012801004250,NBL,47,22,150,290.00,"43,500.00"
2019-01-28,2019012801004149,NBL,14,22,500,290.00,"145,000.00"
2019-01-28,2019012801004346,NBL,47,37,20,290.00,"5,800.00"
2019-01-28,2019012801004345,NBL,47,48,80,290.00,"23,200.00"
2019-01-28,2019012801004305,NBL,47,48,100,290.00,"29,000.00"
2019-01-28,2019012801004295,NBL,19,48,20,290.00,"5,800.00"
2019-01-28,2019012801004292,NBL,47,48,350,290.00,"101,500.00"
2019-01-28,2019012801004278,NBL,47,48,200,290.00,"58,000.00"
2019-01-28,2019012801004261,NCCB,19,38,100,213.00,"21,300.00"
2019-01-28,2019012801004530,NGPL,39,1,27,131.00,"3,537.00"
2019-01-28,2019012801004524,NGPL,39,39,156,129.00,"20,124.00"
2019-01-28,2019012801004501,NGPL,39,39,156,129.00,"20,124.00"
2019-01-28,2019012801004487,NGPL,39,39,156,129.00,"20,124.00"
2019-01-28,2019012801004474,NGPL,39,39,156,129.00,"20,124.00"
2019-01-28,2019012801004453,NGPL,39,39,156,129.00,"20,124.00"
2019-01-28,2019012801004374,NGPL,39,39,"1,367",129.00,"176,343.00"
2019-01-28,2019012801004373,NGPL,1,39,50,129.00,"6,450.00"
2019-01-28,2019012801004556,NHPC,55,56,350,68.00,"23,800.00"
2019-01-28,2019012801004555,NHPC,55,38,950,68.00,"64,600.00"
2019-01-28,2019012801004580,NIB,53,49,37,532.00,"19,684.00"
2019-01-28,2019012801004564,NIB,53,49,68,532.00,"36,176.00"
2019-01-28,2019012801004425,NIB,53,14,490,532.00,"260,680.00"
2019-01-28,2019012801004389,NIB,6,28,"1,120",531.00,"594,720.00"
2019-01-28,2019012801004388,NIB,26,28,100,531.00,"53,100.00"
2019-01-28,2019012801004387,NIB,57,28,500,531.00,"265,500.00"
2019-01-28,2019012801004164,NIB,21,22,100,533.00,"53,300.00"
2019-01-28,2019012801004163,NIB,21,22,20,532.00,"10,640.00"
2019-01-28,2019012801004148,NIB,37,22,50,532.00,"26,600.00"
2019-01-28,2019012801004147,NIB,57,22,50,532.00,"26,600.00"
2019-01-28,2019012801004146,NIB,39,22,40,532.00,"21,280.00"
2019-01-28,2019012801004386,NIB,56,28,100,531.00,"53,100.00"
2019-01-28,2019012801004385,NIB,19,28,100,531.00,"53,100.00"
2019-01-28,2019012801004370,NIB,54,14,500,532.00,"266,000.00"
2019-01-28,2019012801004360,NIB,10,14,10,532.00,"5,320.00"
2019-01-28,2019012801004264,NIB,21,28,80,533.00,"42,640.00"
2019-01-28,2019012801004221,NIB,21,25,100,533.00,"53,300.00"
2019-01-28,2019012801004236,NIBPO,22,39,175,486.00,"85,050.00"
2019-01-28,2019012801004285,NICA,49,25,50,393.00,"19,650.00"
2019-01-28,2019012801004284,NICA,49,25,185,393.00,"72,705.00"
2019-01-28,2019012801004224,NICA,6,48,27,394.00,"10,638.00"
2019-01-28,2019012801004187,NICA,6,58,500,394.00,"197,000.00"
2019-01-28,2019012801004186,NICA,6,1,123,394.00,"48,462.00"
2019-01-28,2019012801004299,NICL,46,33,500,570.00,"285,000.00"
2019-01-28,2019012801004297,NIL,11,35,200,547.00,"109,400.00"
2019-01-28,2019012801004296,NIL,11,34,100,546.00,"54,600.00"
2019-01-28,2019012801004140,NLBBL,4,4,5,472.00,"2,360.00"
2019-01-28,2019012801004574,NLG,58,58,10,869.00,"8,690.00"
2019-01-28,2019012801004288,NLG,53,58,47,853.00,"40,091.00"
2019-01-28,2019012801004573,NLIC,52,49,17,"1,095.00","18,615.00"
2019-01-28,2019012801004382,NLIC,52,36,28,"1,095.00","30,660.00"
2019-01-28,2019012801004138,NLIC,10,35,17,"1,097.00","18,649.00"
2019-01-28,2019012801004355,NLICL,8,36,16,680.00,"10,880.00"
2019-01-28,2019012801004195,NLICL,8,6,69,680.00,"46,920.00"
2019-01-28,2019012801004194,NLICL,33,6,171,680.00,"116,280.00"
2019-01-28,2019012801004158,NLICL,33,22,300,680.00,"204,000.00"
2019-01-28,2019012801004507,NMB,58,37,110,317.00,"34,870.00"
2019-01-28,2019012801004427,NMB,56,14,50,318.00,"15,900.00"
2019-01-28,2019012801004287,NMB,14,14,200,318.00,"63,600.00"
2019-01-28,2019012801004286,NMB,6,14,25,318.00,"7,950.00"
2019-01-28,2019012801004559,NMBMF,17,5,70,"1,109.00","77,630.00"
2019-01-28,2019012801004526,NMBMF,26,5,20,"1,109.00","22,180.00"
2019-01-28,2019012801004467,NMBMF,18,5,10,"1,109.00","11,090.00"
2019-01-28,2019012801004565,NSEWA,58,32,10,606.00,"6,060.00"
2019-01-28,2019012801004552,NSEWA,58,39,40,606.00,"24,240.00"
2019-01-28,2019012801004369,NSEWA,58,41,50,612.00,"30,600.00"
2019-01-28,2019012801004525,NTC,43,6,10,728.00,"7,280.00"
2019-01-28,2019012801004128,NTC,6,35,200,725.00,"145,000.00"
2019-01-28,2019012801004581,NUBL,52,39,23,780.00,"17,940.00"
2019-01-28,2019012801004282,NUBL,42,39,77,780.00,"60,060.00"
2019-01-28,2019012801004281,NUBL,42,49,23,780.00,"17,940.00"
2019-01-28,2019012801004517,OHL,56,38,"1,350",438.00,"591,300.00"
2019-01-28,2019012801004516,OHL,16,38,100,439.00,"43,900.00"
2019-01-28,2019012801004515,OHL,33,38,50,439.00,"21,950.00"
2019-01-28,2019012801004514,OHL,34,38,500,440.00,"220,000.00"
2019-01-28,2019012801004558,PCBL,19,46,"2,555",325.00,"830,375.00"
2019-01-28,2019012801004440,PCBL,53,5,480,324.00,"155,520.00"
2019-01-28,2019012801004426,PCBL,45,5,20,324.00,"6,480.00"
2019-01-28,2019012801004272,PCBL,10,46,10,325.00,"3,250.00"
2019-01-28,2019012801004486,PFL,42,44,37,132.00,"4,884.00"
2019-01-28,2019012801004220,PFL,1,17,21,131.00,"2,751.00"
2019-01-28,2019012801004175,PFL,32,13,500,132.00,"66,000.00"
2019-01-28,2019012801004172,PFL,1,17,21,131.00,"2,751.00"
2019-01-28,2019012801004457,PIC,46,14,11,"1,050.00","11,550.00"
2019-01-28,2019012801004129,PIC,50,41,10,"1,042.00","10,420.00"
2019-01-28,2019012801004551,PLIC,32,37,300,494.00,"148,200.00"
2019-01-28,2019012801004509,PLIC,52,37,20,494.00,"9,880.00"
2019-01-28,2019012801004495,PLIC,35,37,10,494.00,"4,940.00"
2019-01-28,2019012801004177,PMHPL,56,46,10,105.00,"1,050.00"
2019-01-28,2019012801004160,PMHPL,56,46,10,105.00,"1,050.00"
2019-01-28,2019012801004124,PMHPL,56,46,10,105.00,"1,050.00"
2019-01-28,2019012801004541,PRIN,28,13,14,458.00,"6,412.00"
2019-01-28,2019012801004424,PRIN,42,36,31,450.00,"13,950.00"
2019-01-28,2019012801004168,PRVU,4,53,"1,000",242.00,"242,000.00"
2019-01-28,2019012801004167,PRVU,4,32,170,242.00,"41,140.00"
2019-01-28,2019012801004193,PRVU,43,6,468,242.00,"113,256.00"
2019-01-28,2019012801004184,PRVU,43,6,240,242.00,"58,080.00"
2019-01-28,2019012801004183,PRVU,43,29,340,242.00,"82,280.00"
2019-01-28,2019012801004182,PRVU,43,22,420,242.00,"101,640.00"
2019-01-28,2019012801004169,PRVU,4,22,30,242.00,"7,260.00"
2019-01-28,2019012801004275,PRVU,22,33,100,242.00,"24,200.00"
2019-01-28,2019012801004274,PRVU,28,33,300,242.00,"72,600.00"
2019-01-28,2019012801004273,PRVU,43,33,532,242.00,"128,744.00"
2019-01-28,2019012801004523,PURBL,44,49,200,152.00,"30,400.00"
2019-01-28,2019012801004310,RBCL,5,32,10,"9,415.00","94,150.00"
2019-01-28,2019012801004152,RBCL,18,35,15,"9,500.00","142,500.00"
2019-01-28,2019012801004099,RBCLPO,59,25,10,"8,705.00","87,050.00"
2019-01-28,2019012801004522,RHPC,54,13,500,97.00,"48,500.00"
2019-01-28,2019012801004289,RHPC,54,16,17,97.00,"1,649.00"
2019-01-28,2019012801004333,RRHP,43,46,10,99.00,990.00
2019-01-28,2019012801004139,RRHP,43,46,10,99.00,990.00
2019-01-28,2019012801004465,RSDC,11,6,50,391.00,"19,550.00"
2019-01-28,2019012801004294,SANIMA,34,36,12,304.00,"3,648.00"
2019-01-28,2019012801004242,SANIMA,34,40,"5,307",304.00,"1,613,328.00"
2019-01-28,2019012801004241,SANIMA,34,34,"1,142",303.00,"346,026.00"
2019-01-28,2019012801004240,SANIMA,34,4,500,303.00,"151,500.00"
2019-01-28,2019012801004506,SBI,16,11,91,380.00,"34,580.00"
2019-01-28,2019012801004505,SBI,45,11,30,380.00,"11,400.00"
2019-01-28,2019012801004504,SBI,35,11,200,380.00,"76,000.00"
2019-01-28,2019012801004503,SBI,38,11,50,381.00,"19,050.00"
2019-01-28,2019012801004502,SBI,6,11,100,381.00,"38,100.00"
2019-01-28,2019012801004342,SBL,48,40,54,286.00,"15,444.00"
2019-01-28,2019012801004122,SBL,28,13,500,285.00,"142,500.00"
2019-01-28,2019012801004106,SBL,6,34,232,284.00,"65,888.00"
2019-01-28,2019012801004384,SCB,10,32,10,564.00,"5,640.00"
2019-01-28,2019012801004279,SCB,1,34,20,561.00,"11,220.00"
2019-01-28,2019012801004271,SCB,32,32,100,562.00,"56,200.00"
2019-01-28,2019012801004270,SCB,35,32,100,562.00,"56,200.00"
2019-01-28,2019012801004269,SCB,13,32,300,562.00,"168,600.00"
2019-01-28,2019012801004084,SCB,56,17,20,562.00,"11,240.00"
2019-01-28,2019012801004268,SCB,25,32,40,562.00,"22,480.00"
2019-01-28,2019012801004267,SCB,29,32,400,562.00,"224,800.00"
2019-01-28,2019012801004266,SCB,32,32,10,562.00,"5,620.00"
2019-01-28,2019012801004265,SCB,56,32,36,562.00,"20,232.00"
2019-01-28,2019012801004223,SCB,56,17,20,562.00,"11,240.00"
2019-01-28,2019012801004219,SCB,56,16,20,562.00,"11,240.00"
2019-01-28,2019012801004560,SDESI,33,22,80,634.00,"50,720.00"
2019-01-28,2019012801004293,SDESI,33,6,30,633.00,"18,990.00"
2019-01-28,2019012801004535,SHINE,48,22,300,250.00,"75,000.00"
2019-01-28,2019012801004534,SHINE,48,6,20,250.00,"5,000.00"
2019-01-28,2019012801004248,SHINE,29,38,20,249.00,"4,980.00"
2019-01-28,2019012801004238,SHINE,34,25,100,247.00,"24,700.00"
2019-01-28,2019012801004325,SHL,32,36,115,203.00,"23,345.00"
2019-01-28,2019012801004500,SIC,42,10,80,"1,319.00","105,520.00"
2019-01-28,2019012801004499,SIC,11,10,10,"1,319.00","13,190.00"
2019-01-28,2019012801004549,SIL,34,19,10,654.00,"6,540.00"
2019-01-28,2019012801004548,SIL,34,41,100,650.00,"65,000.00"
2019-01-28,2019012801004497,SIL,34,29,120,649.00,"77,880.00"
2019-01-28,2019012801004496,SIL,34,8,476,644.00,"306,544.00"
2019-01-28,2019012801004455,SIL,17,8,500,644.00,"322,000.00"
2019-01-28,2019012801004439,SIL,34,8,960,644.00,"618,240.00"
2019-01-28,2019012801004438,SIL,34,38,40,644.00,"25,760.00"
2019-01-28,2019012801004416,SIL,34,38,160,640.00,"102,400.00"
2019-01-28,2019012801004341,SIL,57,38,40,640.00,"25,600.00"
2019-01-28,2019012801004340,SIL,21,38,50,640.00,"32,000.00"
2019-01-28,2019012801004339,SIL,44,38,50,640.00,"32,000.00"
2019-01-28,2019012801004569,SLBBL,28,42,25,535.00,"13,375.00"
2019-01-28,2019012801004162,SLBBL,21,28,67,525.00,"35,175.00"
2019-01-28,2019012801004357,SLBBL,21,42,33,525.00,"17,325.00"
2019-01-28,2019012801004356,SLBBL,29,42,30,528.00,"15,840.00"
2019-01-28,2019012801004179,SLICL,37,45,20,554.00,"11,080.00"
2019-01-28,2019012801004176,SLICL,37,44,480,553.00,"265,440.00"
2019-01-28,2019012801004298,SRBL,6,19,179,212.00,"37,948.00"
2019-01-28,2019012801004170,SRBL,34,10,86,211.00,"18,146.00"
2019-01-28,2019012801004144,SRBL,51,34,850,212.00,"180,200.00"
2019-01-28,2019012801004143,SRBL,51,38,509,212.00,"107,908.00"
2019-01-28,2019012801004185,SWBBL,45,58,100,845.00,"84,500.00"
2019-01-28,2019012801004572,UPPER,14,46,50,267.00,"13,350.00"
2019-01-28,2019012801004529,UPPER,14,34,40,267.00,"10,680.00"
2019-01-28,2019012801004521,UPPER,51,49,40,268.00,"10,720.00"
2019-01-28,2019012801004519,UPPER,42,49,100,268.00,"26,800.00"
2019-01-28,2019012801004518,UPPER,14,34,40,267.00,"10,680.00"
2019-01-28,2019012801004093,UPPER,19,17,50,267.00,"13,350.00"
2019-01-28,2019012801004166,UPPER,38,37,40,267.00,"10,680.00"
2019-01-28,2019012801004150,UPPER,38,51,50,268.00,"13,400.00"
2019-01-28,2019012801004142,UPPER,38,37,12,267.00,"3,204.00"
2019-01-28,2019012801004141,UPPER,19,37,28,267.00,"7,476.00"
2019-01-28,2019012801004123,UPPER,19,4,50,267.00,"13,350.00"
2019-01-28,2019012801004218,UPPER,50,10,40,267.00,"10,680.00"
2019-01-28,2019012801004196,UPPER,50,10,50,267.00,"13,350.00"
2019-01-28,2019012801004192,UPPER,50,26,40,267.00,"10,680.00"
2019-01-28,2019012801004191,UPPER,50,1,40,267.00,"10,680.00"
2019-01-28,2019012801004180,UPPER,50,10,10,267.00,"2,670.00"
2019-01-28,2019012801004173,UPPER,38,17,50,267.00,"13,350.00"
2019-01-28,2019012801004277,UPPER,50,26,20,267.00,"5,340.00"
2019-01-28,2019012801004247,UPPER,50,16,50,267.00,"13,350.00"
2019-01-28,2019012801004237,UPPER,50,17,50,267.00,"13,350.00"
2019-01-28,2019012801004235,UPPER,29,32,10,268.00,"2,680.00"
2019-01-28,2019012801004227,UPPER,50,49,40,267.00,"10,680.00"
2019-01-28,2019012801004225,UPPER,50,56,30,267.00,"8,010.00"
2019-01-28,2019012801004361,UPPER,50,49,80,267.00,"21,360.00"
2019-01-28,2019012801004334,UPPER,53,4,40,268.00,"10,720.00"
2019-01-28,2019012801004307,UPPER,50,56,50,267.00,"13,350.00"
2019-01-28,2019012801004303,UPPER,48,32,24,268.00,"6,432.00"
2019-01-28,2019012801004396,UPPER,52,39,20,268.00,"5,360.00"
2019-01-28,2019012801004395,UPPER,14,51,40,267.00,"10,680.00"
2019-01-28,2019012801004391,UPPER,48,39,30,268.00,"8,040.00"
2019-01-28,2019012801004390,UPPER,48,4,10,268.00,"2,680.00"
2019-01-28,2019012801004362,UPPER,14,49,41,267.00,"10,947.00"
2019-01-28,2019012801004402,UPPER,52,50,200,268.00,"53,600.00"
2019-01-28,2019012801004401,UPPER,52,13,50,268.00,"13,400.00"
2019-01-28,2019012801004400,UPPER,52,25,50,268.00,"13,400.00"
2019-01-28,2019012801004399,UPPER,52,25,50,268.00,"13,400.00"
2019-01-28,2019012801004398,UPPER,52,25,50,268.00,"13,400.00"
2019-01-28,2019012801004397,UPPER,52,4,40,268.00,"10,720.00"
2019-01-28,2019012801004408,UPPER,52,25,50,268.00,"13,400.00"
2019-01-28,2019012801004407,UPPER,52,4,50,268.00,"13,400.00"
2019-01-28,2019012801004406,UPPER,52,25,50,268.00,"13,400.00"
2019-01-28,2019012801004405,UPPER,52,13,40,268.00,"10,720.00"
2019-01-28,2019012801004404,UPPER,52,25,50,268.00,"13,400.00"
2019-01-28,2019012801004403,UPPER,52,13,50,268.00,"13,400.00"
2019-01-28,2019012801004414,UPPER,52,3,30,268.00,"8,040.00"
2019-01-28,2019012801004413,UPPER,52,4,40,268.00,"10,720.00"
2019-01-28,2019012801004412,UPPER,52,25,50,268.00,"13,400.00"
2019-01-28,2019012801004411,UPPER,52,4,40,268.00,"10,720.00"
2019-01-28,2019012801004410,UPPER,52,25,50,268.00,"13,400.00"
2019-01-28,2019012801004409,UPPER,52,13,40,268.00,"10,720.00"
2019-01-28,2019012801004434,UPPER,49,58,30,268.00,"8,040.00"
2019-01-28,2019012801004433,UPPER,49,35,40,268.00,"10,720.00"
2019-01-28,2019012801004432,UPPER,49,35,40,268.00,"10,720.00"
2019-01-28,2019012801004431,UPPER,49,21,10,268.00,"2,680.00"
2019-01-28,2019012801004421,UPPER,48,21,30,268.00,"8,040.00"
2019-01-28,2019012801004420,UPPER,48,3,20,268.00,"5,360.00"
2019-01-28,2019012801004498,UPPER,48,49,10,268.00,"2,680.00"
2019-01-28,2019012801004488,UPPER,14,34,40,267.00,"10,680.00"
2019-01-28,2019012801004466,UPPER,14,26,50,267.00,"13,350.00"
2019-01-28,2019012801004462,UPPER,48,35,40,268.00,"10,720.00"
2019-01-28,2019012801004456,UPPER,14,49,100,267.00,"26,700.00"
2019-01-28,2019012801004450,UPPER,48,35,50,268.00,"13,400.00"
2019-01-28,2019012801004441,WOMI,10,42,115,"1,135.00","130,525.00"
2019-01-28,2019012801003978,ADBL,42,50,300,341.00,"102,300.00"
2019-01-28,2019012801003790,ADBL,14,51,100,340.00,"34,000.00"
2019-01-28,2019012801003789,ADBL,14,43,193,340.00,"65,620.00"
2019-01-28,2019012801004074,AKJCL,47,16,20,84.00,"1,680.00"
2019-01-28,2019012801003926,AKJCL,57,4,20,83.00,"1,660.00"
2019-01-28,2019012801004082,AKPL,22,16,13,185.00,"2,405.00"
2019-01-28,2019012801003925,AKPL,22,34,13,185.00,"2,405.00"
2019-01-28,2019012801003932,AMFI,39,39,10,725.00,"7,250.00"
2019-01-28,2019012801003853,AMFI,58,38,10,730.00,"7,300.00"
2019-01-28,2019012801003615,AMFI,58,51,10,725.00,"7,250.00"
2019-01-28,2019012801003591,AMFI,58,11,10,716.00,"7,160.00"
2019-01-28,2019012801003686,API,17,3,18,142.00,"2,556.00"
2019-01-28,2019012801004060,BOKL,22,32,100,253.00,"25,300.00"
2019-01-28,2019012801004075,BPCL,47,17,10,363.00,"3,630.00"
2019-01-28,2019012801004024,BPCL,47,17,10,363.00,"3,630.00"
2019-01-28,2019012801003971,BPCL,41,49,"1,350",365.00,"492,750.00"
2019-01-28,2019012801003958,BPCL,47,17,10,363.00,"3,630.00"
2019-01-28,2019012801003931,BPCL,47,34,30,363.00,"10,890.00"
2019-01-28,2019012801003850,BPCL,6,49,100,364.00,"36,400.00"
2019-01-28,2019012801003849,BPCL,46,49,250,364.00,"91,000.00"
2019-01-28,2019012801003848,BPCL,59,49,100,365.00,"36,500.00"
2019-01-28,2019012801003833,BPCL,1,34,30,365.00,"10,950.00"
2019-01-28,2019012801004032,CBBL,48,6,119,884.00,"105,196.00"
2019-01-28,2019012801004008,CBBL,47,6,15,882.00,"13,230.00"
2019-01-28,2019012801004007,CBBL,46,6,80,882.00,"70,560.00"
2019-01-28,2019012801003887,CBL,39,39,5,160.00,800.00
2019-01-28,2019012801003953,CCBL,17,17,64,170.00,"10,880.00"
2019-01-28,2019012801003761,CHCL,21,43,66,532.00,"35,112.00"
2019-01-28,2019012801003937,CIT,6,21,50,"2,695.00","134,750.00"
2019-01-28,2019012801003871,CIT,32,39,30,"2,701.00","81,030.00"
2019-01-28,2019012801003825,CIT,4,56,10,"2,700.00","27,000.00"
2019-01-28,2019012801003824,CIT,4,33,200,"2,700.00","540,000.00"
2019-01-28,2019012801003823,CIT,4,42,10,"2,700.00","27,000.00"
2019-01-28,2019012801003822,CIT,4,7,100,"2,700.00","270,000.00"
2019-01-28,2019012801003774,CIT,34,25,10,"2,695.00","26,950.00"
2019-01-28,2019012801003767,CIT,34,32,43,"2,693.00","115,799.00"
2019-01-28,2019012801003647,CIT,16,49,10,"2,676.00","26,760.00"
2019-01-28,2019012801003646,CIT,45,49,20,"2,677.00","53,540.00"
2019-01-28,2019012801003645,CIT,21,49,10,"2,677.00","26,770.00"
2019-01-28,2019012801003804,CIT,28,16,150,"2,698.00","404,700.00"
2019-01-28,2019012801003803,CIT,28,53,100,"2,697.00","269,700.00"
2019-01-28,2019012801003778,CIT,34,34,100,"2,695.00","269,500.00"
2019-01-28,2019012801003777,CIT,34,25,10,"2,695.00","26,950.00"
2019-01-28,2019012801003776,CIT,34,25,10,"2,695.00","26,950.00"
2019-01-28,2019012801003775,CIT,34,25,10,"2,695.00","26,950.00"
2019-01-28,2019012801003796,CLBSL,16,43,100,720.00,"72,000.00"
2019-01-28,2019012801004059,CZBIL,38,22,13,211.00,"2,743.00"
2019-01-28,2019012801003756,CZBIL,1,39,170,212.00,"36,040.00"
2019-01-28,2019012801003980,DBBL,58,33,"3,700",126.00,"466,200.00"
2019-01-28,2019012801003947,DBBL,58,33,500,126.00,"63,000.00"
2019-01-28,2019012801003946,DBBL,58,33,800,126.00,"100,800.00"
2019-01-28,2019012801003682,DBBL,21,33,500,126.00,"63,000.00"
2019-01-28,2019012801003681,DBBL,21,33,500,126.00,"63,000.00"
2019-01-28,2019012801003772,EBL,44,39,45,527.00,"23,715.00"
2019-01-28,2019012801003713,EBL,32,7,68,526.00,"35,768.00"
2019-01-28,2019012801003708,EBL,32,39,84,526.00,"44,184.00"
2019-01-28,2019012801003707,EBL,32,17,62,526.00,"32,612.00"
2019-01-28,2019012801003689,EBL,29,39,50,526.00,"26,300.00"
2019-01-28,2019012801003638,EIC,16,48,100,845.00,"84,500.00"
2019-01-28,2019012801003847,FMDBL,43,6,30,379.00,"11,370.00"
2019-01-28,2019012801003845,FMDBL,43,59,100,379.00,"37,900.00"
2019-01-28,2019012801003827,FMDBL,53,33,50,380.00,"19,000.00"
2019-01-28,2019012801004079,GBIME,57,40,321,262.00,"84,102.00"
2019-01-28,2019012801004078,GBIME,28,40,73,262.00,"19,126.00"
2019-01-28,2019012801004062,GBIME,22,54,50,263.00,"13,150.00"
2019-01-28,2019012801003881,GBIME,28,21,77,262.00,"20,174.00"
2019-01-28,2019012801003880,GBIME,57,21,23,262.00,"6,026.00"
2019-01-28,2019012801003620,GBIME,8,54,100,263.00,"26,300.00"
2019-01-28,2019012801003913,GBLBS,1,35,10,439.00,"4,390.00"
2019-01-28,2019012801003912,GBLBS,1,45,10,439.00,"4,390.00"
2019-01-28,2019012801003755,GLICL,36,35,200,715.00,"143,000.00"
2019-01-28,2019012801003983,HBL,58,58,28,445.00,"12,460.00"
2019-01-28,2019012801003982,HBL,35,58,40,445.00,"17,800.00"
2019-01-28,2019012801003981,HBL,34,58,432,446.00,"192,672.00"
2019-01-28,2019012801003928,HBL,58,35,120,447.00,"53,640.00"
2019-01-28,2019012801003712,HGI,34,33,177,397.00,"70,269.00"
2019-01-28,2019012801003612,HGI,34,16,112,397.00,"44,464.00"
2019-01-28,2019012801003611,HGI,34,39,211,396.00,"83,556.00"
2019-01-28,2019012801003959,HIDCL,50,34,56,143.00,"8,008.00"
2019-01-28,2019012801004002,HPPL,55,16,10,180.00,"1,800.00"
2019-01-28,2019012801003922,HPPL,55,44,10,180.00,"1,800.00"
2019-01-28,2019012801003921,HPPL,10,43,20,182.00,"3,640.00"
2019-01-28,2019012801003920,HPPL,10,46,10,182.00,"1,820.00"
2019-01-28,2019012801003907,HPPL,22,44,10,181.00,"1,810.00"
2019-01-28,2019012801003808,ICFC,22,57,110,152.00,"16,720.00"
2019-01-28,2019012801003785,ICFC,37,34,10,151.00,"1,510.00"
2019-01-28,2019012801004026,IGI,32,25,20,450.00,"9,000.00"
2019-01-28,2019012801004025,IGI,32,52,20,449.00,"8,980.00"
2019-01-28,2019012801004016,JBBL,47,16,11,140.00,"1,540.00"
2019-01-28,2019012801003957,JBBL,58,32,30,142.00,"4,260.00"
2019-01-28,2019012801003956,JBBL,58,29,54,141.00,"7,614.00"
2019-01-28,2019012801003955,JBBL,58,36,16,141.00,"2,256.00"
2019-01-28,2019012801003924,JBBL,47,42,20,140.00,"2,800.00"
2019-01-28,2019012801003860,JBBL,47,34,16,140.00,"2,240.00"
2019-01-28,2019012801004031,JBNL,58,58,"24,950",166.00,"4,141,700.00"
2019-01-28,2019012801004030,JBNL,50,58,50,166.00,"8,300.00"
2019-01-28,2019012801003906,JBNL,48,48,170,166.00,"28,220.00"
2019-01-28,2019012801003878,JBNL,48,48,80,166.00,"13,280.00"
2019-01-28,2019012801003874,JBNL,6,17,226,165.00,"37,290.00"
2019-01-28,2019012801003873,JBNL,34,17,74,165.00,"12,210.00"
2019-01-28,2019012801003872,JBNL,36,17,100,166.00,"16,600.00"
2019-01-28,2019012801003624,JBNL,36,43,100,166.00,"16,600.00"
2019-01-28,2019012801003938,JEFL,6,28,"1,800",130.00,"234,000.00"
2019-01-28,2019012801003891,JEFL,32,5,747,129.00,"96,363.00"
2019-01-28,2019012801004068,JSLBB,10,47,10,"2,767.00","27,670.00"
2019-01-28,2019012801003621,JSLBB,58,47,10,"2,713.00","27,130.00"
2019-01-28,2019012801003610,KADBL,59,42,20,160.00,"3,200.00"
2019-01-28,2019012801004080,KBL,16,28,"1,813",245.00,"444,185.00"
2019-01-28,2019012801003864,KBL,16,50,150,245.00,"36,750.00"
2019-01-28,2019012801003727,KBL,18,28,100,246.00,"24,600.00"
2019-01-28,2019012801003918,KMCDB,58,40,100,857.00,"85,700.00"
2019-01-28,2019012801003917,KMCDB,48,40,20,857.00,"17,140.00"
2019-01-28,2019012801003897,KMCDB,22,40,50,860.00,"43,000.00"
2019-01-28,2019012801003896,KMCDB,22,40,100,860.00,"86,000.00"
2019-01-28,2019012801003895,KMCDB,32,40,60,860.00,"51,600.00"
2019-01-28,2019012801003894,KMCDB,38,40,20,860.00,"17,200.00"
2019-01-28,2019012801003893,KMCDB,45,40,50,861.00,"43,050.00"
2019-01-28,2019012801003892,KMCDB,39,40,50,865.00,"43,250.00"
2019-01-28,2019012801003592,KPCL,6,36,10,96.00,960.00
2019-01-28,2019012801003662,KPCL,6,36,10,96.00,960.00
2019-01-28,2019012801003711,KPCL,6,57,10,96.00,960.00
2019-01-28,2019012801003734,KPCL,45,56,10,97.00,970.00
2019-01-28,2019012801003870,KPCL,45,57,10,97.00,970.00
2019-01-28,2019012801003865,KPCL,45,39,10,97.00,970.00
2019-01-28,2019012801003859,KPCL,45,47,10,97.00,970.00
2019-01-28,2019012801003923,KPCL,45,39,10,97.00,970.00
2019-01-28,2019012801003972,KPCL,39,39,10,97.00,970.00
2019-01-28,2019012801004037,KPCL,6,16,10,96.00,960.00
2019-01-28,2019012801003668,KSBBL,35,33,300,139.00,"41,700.00"
2019-01-28,2019012801003584,LBBL,42,50,30,176.00,"5,280.00"
2019-01-28,2019012801003609,LBL,46,46,17,199.00,"3,383.00"
2019-01-28,2019012801003919,LGIL,34,56,136,538.00,"73,168.00"
2019-01-28,2019012801003868,LGIL,4,56,800,538.00,"430,400.00"
2019-01-28,2019012801003867,LGIL,4,10,100,537.00,"53,700.00"
2019-01-28,2019012801003866,LGIL,4,56,100,537.00,"53,700.00"
2019-01-28,2019012801003863,LGIL,34,59,30,534.00,"16,020.00"
2019-01-28,2019012801003666,LGIL,34,34,100,539.00,"53,900.00"
2019-01-28,2019012801003583,LGIL,45,41,50,535.00,"26,750.00"
2019-01-28,2019012801003948,LLBS,26,11,50,805.00,"40,250.00"
2019-01-28,2019012801003748,LLBS,41,11,10,805.00,"8,050.00"
2019-01-28,2019012801003726,LLBS,26,45,30,804.00,"24,120.00"
2019-01-28,2019012801003725,LLBS,26,19,52,803.00,"41,756.00"
2019-01-28,2019012801003709,MBL,29,40,75,210.00,"15,750.00"
2019-01-28,2019012801003996,MEGA,48,6,10,167.00,"1,670.00"
2019-01-28,2019012801003988,MEGA,48,41,400,165.00,"66,000.00"
2019-01-28,2019012801003679,MEGA,52,28,14,164.00,"2,296.00"
2019-01-28,2019012801003664,MEGA,51,13,546,165.00,"90,090.00"
2019-01-28,2019012801003995,MERO,58,25,16,"1,175.00","18,800.00"
2019-01-28,2019012801003994,MERO,58,39,40,"1,175.00","47,000.00"
2019-01-28,2019012801003993,MERO,58,53,20,"1,174.00","23,480.00"
2019-01-28,2019012801003992,MERO,58,45,95,"1,163.00","110,485.00"
2019-01-28,2019012801003991,MERO,58,44,26,"1,160.00","30,160.00"
2019-01-28,2019012801003973,MMFDB,25,6,14,"1,031.00","14,434.00"
2019-01-28,2019012801003950,MNBBL,45,40,15,346.00,"5,190.00"
2019-01-28,2019012801003885,MNBBL,58,53,195,347.00,"67,665.00"
2019-01-28,2019012801003876,MNBBL,53,53,250,347.00,"86,750.00"
2019-01-28,2019012801003875,MNBBL,28,53,55,347.00,"19,085.00"
2019-01-28,2019012801003794,MNBBL,58,40,"1,280",349.00,"446,720.00"
2019-01-28,2019012801003793,MNBBL,58,16,220,348.00,"76,560.00"
2019-01-28,2019012801003769,MNBBL,37,16,200,348.00,"69,600.00"
2019-01-28,2019012801003905,MSLB,5,47,30,"1,433.00","42,990.00"
2019-01-28,2019012801003904,MSLB,5,25,100,"1,430.00","143,000.00"
2019-01-28,2019012801003903,MSLB,5,39,20,"1,430.00","28,600.00"
2019-01-28,2019012801003902,MSLB,5,53,10,"1,430.00","14,300.00"
2019-01-28,2019012801003901,MSLB,5,14,15,"1,425.00","21,375.00"
2019-01-28,2019012801003786,MSLB,5,44,15,"1,420.00","21,300.00"
2019-01-28,2019012801003688,MSLB,5,5,80,"1,410.00","112,800.00"
2019-01-28,2019012801003669,MSLB,5,34,50,"1,400.00","70,000.00"
2019-01-28,2019012801003586,MSLB,5,6,50,"1,415.00","70,750.00"
2019-01-28,2019012801003585,MSLB,5,34,100,"1,414.00","141,400.00"
2019-01-28,2019012801004071,MSMBS,58,51,100,550.00,"55,000.00"
2019-01-28,2019012801004044,MSMBS,58,16,11,550.00,"6,050.00"
2019-01-28,2019012801003899,MSMBS,45,57,100,559.00,"55,900.00"
2019-01-28,2019012801003960,NABIL,14,17,20,835.00,"16,700.00"
2019-01-28,2019012801003687,NABIL,22,33,100,834.00,"83,400.00"
2019-01-28,2019012801003935,NADEP,39,38,10,790.00,"7,900.00"
2019-01-28,2019012801003934,NADEP,39,44,10,790.00,"7,900.00"
2019-01-28,2019012801003933,NADEP,39,35,10,787.00,"7,870.00"
2019-01-28,2019012801003900,NADEP,33,17,10,780.00,"7,800.00"
2019-01-28,2019012801003884,NBB,17,17,50,185.00,"9,250.00"
2019-01-28,2019012801003952,NBBL,58,14,100,727.00,"72,700.00"
2019-01-28,2019012801003675,NBBL,51,14,100,725.00,"72,500.00"
2019-01-28,2019012801003965,NBL,7,50,50,290.00,"14,500.00"
2019-01-28,2019012801003806,NBL,47,36,"1,373",290.00,"398,170.00"
2019-01-28,2019012801003805,NBL,47,36,300,290.00,"87,000.00"
2019-01-28,2019012801003765,NBL,47,36,200,290.00,"58,000.00"
2019-01-28,2019012801003754,NBL,47,36,300,290.00,"87,000.00"
2019-01-28,2019012801003737,NBL,47,36,200,290.00,"58,000.00"
2019-01-28,2019012801003730,NBL,47,36,400,290.00,"116,000.00"
2019-01-28,2019012801003723,NBL,47,36,500,290.00,"145,000.00"
2019-01-28,2019012801003783,NCCB,51,38,50,213.00,"10,650.00"
2019-01-28,2019012801003698,NCCB,51,38,300,213.00,"63,900.00"
2019-01-28,2019012801003690,NCCB,14,56,300,212.00,"63,600.00"
2019-01-28,2019012801003634,NCCB,59,11,334,211.00,"70,474.00"
2019-01-28,2019012801003633,NCCB,46,11,20,211.00,"4,220.00"
2019-01-28,2019012801003632,NCCB,44,11,146,212.00,"30,952.00"
2019-01-28,2019012801003741,NHPC,48,38,50,68.00,"3,400.00"
2019-01-28,2019012801004023,NIB,6,33,500,533.00,"266,500.00"
2019-01-28,2019012801004022,NIB,6,52,13,533.00,"6,929.00"
2019-01-28,2019012801004021,NIB,6,37,343,533.00,"182,819.00"
2019-01-28,2019012801003745,NIB,44,37,30,533.00,"15,990.00"
2019-01-28,2019012801003674,NIB,47,37,742,533.00,"395,486.00"
2019-01-28,2019012801003673,NIB,47,38,258,533.00,"137,514.00"
2019-01-28,2019012801003628,NIB,29,38,100,533.00,"53,300.00"
2019-01-28,2019012801004072,NICA,49,17,15,393.00,"5,895.00"
2019-01-28,2019012801003699,NICA,13,58,100,392.00,"39,200.00"
2019-01-28,2019012801003654,NICA,6,17,30,393.00,"11,790.00"
2019-01-28,2019012801003653,NICA,25,17,23,393.00,"9,039.00"
2019-01-28,2019012801003636,NICA,6,41,500,394.00,"197,000.00"
2019-01-28,2019012801003635,NICA,6,28,470,394.00,"185,180.00"
2019-01-28,2019012801003631,NICA,25,17,27,393.00,"10,611.00"
2019-01-28,2019012801003650,NIL,34,55,952,540.00,"514,080.00"
2019-01-28,2019012801003649,NIL,34,53,500,539.00,"269,500.00"
2019-01-28,2019012801003985,NLBBL,4,4,9,472.00,"4,248.00"
2019-01-28,2019012801003851,NLBBL,16,52,10,474.00,"4,740.00"
2019-01-28,2019012801003821,NLBBL,41,16,10,465.00,"4,650.00"
2019-01-28,2019012801003998,NLG,53,36,100,853.00,"85,300.00"
2019-01-28,2019012801003997,NLG,53,36,100,854.00,"85,400.00"
2019-01-28,2019012801004064,NLIC,33,16,17,"1,094.00","18,598.00"
2019-01-28,2019012801003968,NLIC,33,40,65,"1,094.00","71,110.00"
2019-01-28,2019012801003967,NLIC,33,40,90,"1,094.00","98,460.00"
2019-01-28,2019012801003966,NLIC,34,36,52,"1,092.00","56,784.00"
2019-01-28,2019012801003962,NLIC,34,34,17,"1,092.00","18,564.00"
2019-01-28,2019012801003944,NLIC,34,22,12,"1,092.00","13,104.00"
2019-01-28,2019012801003916,NLIC,33,17,100,"1,091.00","109,100.00"
2019-01-28,2019012801003890,NLIC,33,19,17,"1,091.00","18,547.00"
2019-01-28,2019012801003869,NLIC,34,34,17,"1,090.00","18,530.00"
2019-01-28,2019012801003856,NLIC,34,59,20,"1,090.00","21,800.00"
2019-01-28,2019012801003685,NLIC,47,16,300,"1,090.00","327,000.00"
2019-01-28,2019012801004035,NLICL,33,54,151,680.00,"102,680.00"
2019-01-28,2019012801004019,NLICL,33,54,378,680.00,"257,040.00"
2019-01-28,2019012801004018,NLICL,22,54,25,681.00,"17,025.00"
2019-01-28,2019012801004017,NLICL,14,54,100,681.00,"68,100.00"
2019-01-28,2019012801003858,NLICL,8,54,500,680.00,"340,000.00"
2019-01-28,2019012801003857,NLICL,13,54,100,681.00,"68,100.00"
2019-01-28,2019012801004067,NMB,21,14,100,318.00,"31,800.00"
2019-01-28,2019012801004006,NMB,42,14,200,318.00,"63,600.00"
2019-01-28,2019012801003942,NMB,14,14,239,318.00,"76,002.00"
2019-01-28,2019012801003941,NMB,14,13,200,318.00,"63,600.00"
2019-01-28,2019012801003940,NMB,14,46,450,318.00,"143,100.00"
2019-01-28,2019012801003939,NMB,14,14,111,318.00,"35,298.00"
2019-01-28,2019012801003889,NMB,6,14,59,318.00,"18,762.00"
2019-01-28,2019012801003797,NMB,41,14,700,318.00,"222,600.00"
2019-01-28,2019012801003977,NMFBS,5,7,50,"1,720.00","86,000.00"
2019-01-28,2019012801003764,NMFBS,5,45,12,"1,715.00","20,580.00"
2019-01-28,2019012801003763,NMFBS,5,14,40,"1,715.00","68,600.00"
2019-01-28,2019012801003798,NNLB,29,58,50,632.00,"31,600.00"
2019-01-28,2019012801004070,NSEWA,34,39,10,624.00,"6,240.00"
2019-01-28,2019012801004069,NSEWA,34,56,30,620.00,"18,600.00"
2019-01-28,2019012801004043,NSEWA,34,56,10,620.00,"6,200.00"
2019-01-28,2019012801004042,NSEWA,34,45,10,613.00,"6,130.00"
2019-01-28,2019012801004041,NSEWA,34,51,120,612.00,"73,440.00"
2019-01-28,2019012801004040,NSEWA,34,42,10,612.00,"6,120.00"
2019-01-28,2019012801003601,NSEWA,58,41,10,598.00,"5,980.00"
2019-01-28,2019012801003607,NSEWA,58,40,10,600.00,"6,000.00"
2019-01-28,2019012801003606,NSEWA,58,40,10,600.00,"6,000.00"
2019-01-28,2019012801003605,NSEWA,58,57,10,600.00,"6,000.00"
2019-01-28,2019012801003604,NSEWA,58,25,10,600.00,"6,000.00"
2019-01-28,2019012801003603,NSEWA,58,57,10,600.00,"6,000.00"
2019-01-28,2019012801003602,NSEWA,58,44,10,600.00,"6,000.00"
2019-01-28,2019012801003838,NSEWA,11,25,10,605.00,"6,050.00"
2019-01-28,2019012801003837,NSEWA,11,25,10,605.00,"6,050.00"
2019-01-28,2019012801003836,NSEWA,11,26,10,604.00,"6,040.00"
2019-01-28,2019012801003835,NSEWA,11,33,10,604.00,"6,040.00"
2019-01-28,2019012801003834,NSEWA,11,3,10,604.00,"6,040.00"
2019-01-28,2019012801003608,NSEWA,58,40,10,600.00,"6,000.00"
2019-01-28,2019012801004034,NSEWA,11,34,10,610.00,"6,100.00"
2019-01-28,2019012801004033,NSEWA,11,51,10,609.00,"6,090.00"
2019-01-28,2019012801003842,NSEWA,11,42,40,612.00,"24,480.00"
2019-01-28,2019012801003841,NSEWA,11,56,30,611.00,"18,330.00"
2019-01-28,2019012801003840,NSEWA,11,51,120,605.00,"72,600.00"
2019-01-28,2019012801003839,NSEWA,11,25,10,605.00,"6,050.00"
2019-01-28,2019012801003830,NTC,6,49,60,725.00,"43,500.00"
2019-01-28,2019012801003829,NTC,34,49,30,725.00,"21,750.00"
2019-01-28,2019012801003828,NTC,42,49,50,725.00,"36,250.00"
2019-01-28,2019012801003898,PCBL,28,17,500,324.00,"162,000.00"
2019-01-28,2019012801003818,PCBL,34,46,"4,900",323.00,"1,582,700.00"
2019-01-28,2019012801003817,PCBL,16,46,100,323.00,"32,300.00"
2019-01-28,2019012801004081,PFL,1,17,21,131.00,"2,751.00"
2019-01-28,2019012801004036,PFL,1,17,21,131.00,"2,751.00"
2019-01-28,2019012801003943,PFL,1,17,21,131.00,"2,751.00"
2019-01-28,2019012801003888,PFL,1,17,21,131.00,"2,751.00"
2019-01-28,2019012801004029,PIC,52,39,10,"1,050.00","10,500.00"
2019-01-28,2019012801003999,PIC,35,26,10,"1,045.00","10,450.00"
2019-01-28,2019012801003740,PIC,46,52,50,"1,044.00","52,200.00"
2019-01-28,2019012801003739,PIC,46,34,11,"1,043.00","11,473.00"
2019-01-28,2019012801003738,PIC,50,51,11,"1,042.00","11,462.00"
2019-01-28,2019012801003665,PIC,53,48,1,"1,022.00","1,022.00"
2019-01-28,2019012801003809,PLIC,28,6,225,494.00,"111,150.00"
2019-01-28,2019012801003618,PLIC,29,45,184,495.00,"91,080.00"
2019-01-28,2019012801003617,PLIC,29,57,96,495.00,"47,520.00"
2019-01-28,2019012801003616,PLIC,29,32,220,494.00,"108,680.00"
2019-01-28,2019012801003984,PMHPL,39,39,10,106.00,"1,060.00"
2019-01-28,2019012801003927,PMHPL,56,39,10,105.00,"1,050.00"
2019-01-28,2019012801003911,PMHPL,56,34,10,105.00,"1,050.00"
2019-01-28,2019012801003879,PMHPL,56,34,10,105.00,"1,050.00"
2019-01-28,2019012801003787,PMHPL,56,56,10,107.00,"1,070.00"
2019-01-28,2019012801003753,PMHPL,56,49,10,105.00,"1,050.00"
2019-01-28,2019012801003752,PMHPL,56,56,10,105.00,"1,050.00"
2019-01-28,2019012801003742,PMHPL,56,57,10,105.00,"1,050.00"
2019-01-28,2019012801003710,PMHPL,56,56,10,105.00,"1,050.00"
2019-01-28,2019012801003986,PRIN,42,50,49,450.00,"22,050.00"
2019-01-28,2019012801003820,PRIN,34,50,20,450.00,"9,000.00"
2019-01-28,2019012801003800,PRIN,32,50,131,450.00,"58,950.00"
2019-01-28,2019012801003799,PRIN,32,49,169,450.00,"76,050.00"
2019-01-28,2019012801003680,PRIN,34,49,200,450.00,"90,000.00"
2019-01-28,2019012801004009,PRVU,28,14,350,241.00,"84,350.00"
2019-01-28,2019012801003683,RADHI,56,56,11,164.00,"1,804.00"
2019-01-28,2019012801004076,RBCL,6,35,15,"9,500.00","142,500.00"
2019-01-28,2019012801003784,RBCL,16,35,20,"9,500.00","190,000.00"
2019-01-28,2019012801003663,RBCL,16,43,10,"9,500.00","95,000.00"
2019-01-28,2019012801003915,RRHP,43,34,10,99.00,990.00
2019-01-28,2019012801003886,RRHP,43,34,10,99.00,990.00
2019-01-28,2019012801003882,RRHP,43,57,10,99.00,990.00
2019-01-28,2019012801003877,RRHP,43,47,10,99.00,990.00
2019-01-28,2019012801003766,RRHP,43,57,10,99.00,990.00
2019-01-28,2019012801003678,RRHP,43,36,10,99.00,990.00
2019-01-28,2019012801003630,RRHP,43,56,10,99.00,990.00
2019-01-28,2019012801004004,SADBL,6,45,100,143.00,"14,300.00"
2019-01-28,2019012801003951,SANIMA,46,19,130,302.00,"39,260.00"
2019-01-28,2019012801003945,SBBLJ,28,39,30,209.00,"6,270.00"
2019-01-28,2019012801003791,SBBLJ,28,39,15,205.00,"3,075.00"
2019-01-28,2019012801003697,SBI,47,13,489,385.00,"188,265.00"
2019-01-28,2019012801003696,SBI,47,58,60,385.00,"23,100.00"
2019-01-28,2019012801003695,SBI,47,54,11,381.00,"4,191.00"
2019-01-28,2019012801003661,SBI,45,54,20,381.00,"7,620.00"
2019-01-28,2019012801003660,SBI,17,54,15,381.00,"5,715.00"
2019-01-28,2019012801003659,SBI,43,54,200,381.00,"76,200.00"
2019-01-28,2019012801003642,SBI,52,54,67,382.00,"25,594.00"
2019-01-28,2019012801003590,SBI,41,41,34,383.00,"13,022.00"
2019-01-28,2019012801003658,SBI,29,54,150,381.00,"57,150.00"
2019-01-28,2019012801003657,SBI,56,54,15,381.00,"5,715.00"
2019-01-28,2019012801003656,SBI,13,54,54,382.00,"20,628.00"
2019-01-28,2019012801003655,SBI,5,54,50,383.00,"19,150.00"
2019-01-28,2019012801003644,SBI,13,54,46,382.00,"17,572.00"
2019-01-28,2019012801003643,SBI,45,54,100,382.00,"38,200.00"
2019-01-28,2019012801003861,SBL,56,34,13,284.00,"3,692.00"
2019-01-28,2019012801003819,SBL,13,34,100,284.00,"28,400.00"
2019-01-28,2019012801003762,SBL,48,34,142,284.00,"40,328.00"
2019-01-28,2019012801003641,SBL,48,32,58,284.00,"16,472.00"
2019-01-28,2019012801003640,SBL,37,32,20,284.00,"5,680.00"
2019-01-28,2019012801003639,SBL,50,32,819,284.00,"232,596.00"
2019-01-28,2019012801003637,SBL,50,55,18,284.00,"5,112.00"
2019-01-28,2019012801003619,SBL,50,41,65,284.00,"18,460.00"
2019-01-28,2019012801003963,SCB,41,32,50,563.00,"28,150.00"
2019-01-28,2019012801003852,SCB,49,32,100,563.00,"56,300.00"
2019-01-28,2019012801004077,SDESI,33,43,18,625.00,"11,250.00"
2019-01-28,2019012801004013,SDESI,44,43,100,625.00,"62,500.00"
2019-01-28,2019012801004012,SDESI,45,43,50,625.00,"31,250.00"
2019-01-28,2019012801004011,SDESI,41,43,10,626.00,"6,260.00"
2019-01-28,2019012801004010,SDESI,45,43,10,627.00,"6,270.00"
2019-01-28,2019012801003670,SHL,5,41,100,204.00,"20,400.00"
2019-01-28,2019012801003832,SHPC,19,34,275,231.00,"63,525.00"
2019-01-28,2019012801004015,SIC,1,10,200,"1,325.00","265,000.00"
2019-01-28,2019012801003677,SIC,22,10,10,"1,319.00","13,190.00"
2019-01-28,2019012801003676,SIC,22,10,20,"1,319.00","26,380.00"
2019-01-28,2019012801003600,SICL,21,22,122,942.00,"114,924.00"
2019-01-28,2019012801003593,SICL,21,39,39,925.00,"36,075.00"
2019-01-28,2019012801003599,SICL,21,39,10,942.00,"9,420.00"
2019-01-28,2019012801003598,SICL,21,25,100,932.00,"93,200.00"
2019-01-28,2019012801003597,SICL,21,3,30,930.00,"27,900.00"
2019-01-28,2019012801003596,SICL,21,16,50,930.00,"46,500.00"
2019-01-28,2019012801003595,SICL,21,4,173,929.00,"160,717.00"
2019-01-28,2019012801003594,SICL,21,22,76,925.00,"70,300.00"
2019-01-28,2019012801003792,SIFC,42,32,53,135.00,"7,155.00"
2019-01-28,2019012801003648,SIFC,29,33,299,134.00,"40,066.00"
2019-01-28,2019012801003883,SIL,53,10,108,640.00,"69,120.00"
2019-01-28,2019012801003816,SIL,44,10,50,640.00,"32,000.00"
2019-01-28,2019012801003815,SIL,40,10,40,640.00,"25,600.00"
2019-01-28,2019012801003814,SIL,44,10,50,640.00,"32,000.00"
2019-01-28,2019012801003813,SIL,56,10,102,641.00,"65,382.00"
2019-01-28,2019012801003732,SKBBL,39,40,100,863.00,"86,300.00"
2019-01-28,2019012801004058,SLBBL,26,57,500,530.00,"265,000.00"
2019-01-28,2019012801004057,SLBBL,26,16,30,530.00,"15,900.00"
2019-01-28,2019012801003651,SLBBL,42,57,30,525.00,"15,750.00"
2019-01-28,2019012801003724,SLBBL,46,57,200,525.00,"105,000.00"
2019-01-28,2019012801003735,SLBBL,28,57,75,525.00,"39,375.00"
2019-01-28,2019012801003771,SLBBL,40,16,20,530.00,"10,600.00"
2019-01-28,2019012801004000,SLICL,48,44,20,553.00,"11,060.00"
2019-01-28,2019012801003757,SLICL,41,45,10,554.00,"5,540.00"
2019-01-28,2019012801003694,SLICL,36,44,310,553.00,"171,430.00"
2019-01-28,2019012801003693,SLICL,36,53,368,552.00,"203,136.00"
2019-01-28,2019012801003692,SLICL,36,57,10,551.00,"5,510.00"
2019-01-28,2019012801003652,SMB,58,47,10,698.00,"6,980.00"
2019-01-28,2019012801003622,SMB,58,47,10,698.00,"6,980.00"
2019-01-28,2019012801003810,SPDL,39,59,99,93.00,"9,207.00"
2019-01-28,2019012801003846,SRBL,17,38,100,212.00,"21,200.00"
2019-01-28,2019012801003768,SRBL,51,14,200,211.00,"42,200.00"
2019-01-28,2019012801003976,SWBBL,46,52,10,850.00,"8,500.00"
2019-01-28,2019012801003908,SWBBL,41,52,50,850.00,"42,500.00"
2019-01-28,2019012801003773,SWBBL,57,52,20,850.00,"17,000.00"
2019-01-28,2019012801003587,TRH,53,40,"1,000",250.00,"250,000.00"
2019-01-28,2019012801003964,UFL,13,8,190,165.00,"31,350.00"
2019-01-28,2019012801003954,UFL,39,8,10,165.00,"1,650.00"
2019-01-28,2019012801003672,UMHL,58,19,14,122.00,"1,708.00"
2019-01-28,2019012801003671,UMHL,58,46,14,121.00,"1,694.00"
2019-01-28,2019012801004063,UPPER,19,49,40,267.00,"10,680.00"
2019-01-28,2019012801004061,UPPER,19,49,40,267.00,"10,680.00"
2019-01-28,2019012801004056,UPPER,19,3,50,267.00,"13,350.00"
2019-01-28,2019012801004055,UPPER,19,51,50,267.00,"13,350.00"
2019-01-28,2019012801003588,UPPER,33,48,38,267.00,"10,146.00"
2019-01-28,2019012801003625,UPPER,1,41,108,267.00,"28,836.00"
2019-01-28,2019012801003623,UPPER,1,26,40,267.00,"10,680.00"
2019-01-28,2019012801003614,UPPER,1,26,40,267.00,"10,680.00"
2019-01-28,2019012801003613,UPPER,1,56,50,267.00,"13,350.00"
2019-01-28,2019012801003589,UPPER,1,48,12,267.00,"3,204.00"
2019-01-28,2019012801003667,UPPER,14,22,40,267.00,"10,680.00"
2019-01-28,2019012801003629,UPPER,14,56,50,267.00,"13,350.00"
2019-01-28,2019012801003627,UPPER,14,41,85,267.00,"22,695.00"
2019-01-28,2019012801003626,UPPER,38,41,100,267.00,"26,700.00"
2019-01-28,2019012801003703,UPPER,48,3,50,268.00,"13,400.00"
2019-01-28,2019012801003702,UPPER,48,3,50,268.00,"13,400.00"
2019-01-28,2019012801003701,UPPER,48,3,50,268.00,"13,400.00"
2019-01-28,2019012801003700,UPPER,48,3,10,268.00,"2,680.00"
2019-01-28,2019012801003691,UPPER,14,46,50,267.00,"13,350.00"
2019-01-28,2019012801003684,UPPER,14,56,50,267.00,"13,350.00"
2019-01-28,2019012801003715,UPPER,48,3,40,268.00,"10,720.00"
2019-01-28,2019012801003714,UPPER,48,22,10,268.00,"2,680.00"
2019-01-28,2019012801003706,UPPER,48,22,20,268.00,"5,360.00"
2019-01-28,2019012801003705,UPPER,48,3,40,268.00,"10,720.00"
2019-01-28,2019012801003704,UPPER,48,57,40,268.00,"10,720.00"
2019-01-28,2019012801003721,UPPER,48,51,50,268.00,"13,400.00"
2019-01-28,2019012801003720,UPPER,48,11,40,268.00,"10,720.00"
2019-01-28,2019012801003719,UPPER,48,50,50,268.00,"13,400.00"
2019-01-28,2019012801003718,UPPER,48,49,40,268.00,"10,720.00"
2019-01-28,2019012801003717,UPPER,48,58,500,268.00,"134,000.00"
2019-01-28,2019012801003716,UPPER,48,46,40,268.00,"10,720.00"
2019-01-28,2019012801003733,UPPER,28,19,50,267.00,"13,350.00"
2019-01-28,2019012801003731,UPPER,28,25,40,267.00,"10,680.00"
2019-01-28,2019012801003729,UPPER,28,13,27,267.00,"7,209.00"
2019-01-28,2019012801003728,UPPER,14,13,25,267.00,"6,675.00"
2019-01-28,2019012801003722,UPPER,48,7,250,268.00,"67,000.00"
2019-01-28,2019012801003746,UPPER,48,25,33,267.00,"8,811.00"
2019-01-28,2019012801003744,UPPER,48,19,17,267.00,"4,539.00"
2019-01-28,2019012801003743,UPPER,28,19,33,267.00,"8,811.00"
2019-01-28,2019012801003736,UPPER,28,25,50,267.00,"13,350.00"
2019-01-28,2019012801003759,UPPER,48,25,10,267.00,"2,670.00"
2019-01-28,2019012801003758,UPPER,48,19,50,267.00,"13,350.00"
2019-01-28,2019012801003751,UPPER,48,25,40,267.00,"10,680.00"
2019-01-28,2019012801003750,UPPER,48,19,50,267.00,"13,350.00"
2019-01-28,2019012801003749,UPPER,48,56,50,267.00,"13,350.00"
2019-01-28,2019012801003747,UPPER,29,25,7,267.00,"1,869.00"
2019-01-28,2019012801003781,UPPER,25,6,50,267.00,"13,350.00"
2019-01-28,2019012801003780,UPPER,25,25,10,267.00,"2,670.00"
2019-01-28,2019012801003779,UPPER,51,25,30,267.00,"8,010.00"
2019-01-28,2019012801003770,UPPER,51,25,40,267.00,"10,680.00"
2019-01-28,2019012801003760,UPPER,51,25,30,267.00,"8,010.00"
2019-01-28,2019012801003807,UPPER,38,25,40,267.00,"10,680.00"
2019-01-28,2019012801003802,UPPER,38,25,30,267.00,"8,010.00"
2019-01-28,2019012801003801,UPPER,25,25,10,267.00,"2,670.00"
2019-01-28,2019012801003795,UPPER,25,25,40,267.00,"10,680.00"
2019-01-28,2019012801003788,UPPER,25,25,40,267.00,"10,680.00"
2019-01-28,2019012801003782,UPPER,48,7,50,268.00,"13,400.00"
2019-01-28,2019012801003844,UPPER,7,25,30,267.00,"8,010.00"
2019-01-28,2019012801003843,UPPER,38,25,10,267.00,"2,670.00"
2019-01-28,2019012801003831,UPPER,38,25,40,267.00,"10,680.00"
2019-01-28,2019012801003826,UPPER,39,25,40,267.00,"10,680.00"
2019-01-28,2019012801003812,UPPER,39,25,10,267.00,"2,670.00"
2019-01-28,2019012801003811,UPPER,38,25,30,267.00,"8,010.00"
2019-01-28,2019012801003862,UPPER,7,18,20,267.00,"5,340.00"
2019-01-28,2019012801003855,UPPER,7,25,20,267.00,"5,340.00"
2019-01-28,2019012801003854,UPPER,7,25,20,267.00,"5,340.00"
2019-01-28,2019012801003930,UPPER,49,18,50,266.00,"13,300.00"
2019-01-28,2019012801003929,UPPER,49,36,50,266.00,"13,300.00"
2019-01-28,2019012801003914,UPPER,49,34,40,266.00,"10,640.00"
2019-01-28,2019012801003910,UPPER,13,39,30,267.00,"8,010.00"
2019-01-28,2019012801003909,UPPER,13,18,20,267.00,"5,340.00"
2019-01-28,2019012801003975,UPPER,22,36,40,266.00,"10,640.00"
2019-01-28,2019012801003974,UPPER,49,36,10,266.00,"2,660.00"
2019-01-28,2019012801003970,UPPER,41,39,30,267.00,"8,010.00"
2019-01-28,2019012801003969,UPPER,41,25,40,267.00,"10,680.00"
2019-01-28,2019012801003936,UPPER,49,4,50,266.00,"13,300.00"
2019-01-28,2019012801004003,UPPER,22,52,40,266.00,"10,640.00"
2019-01-28,2019012801004001,UPPER,22,49,50,266.00,"13,300.00"
2019-01-28,2019012801003990,UPPER,22,52,40,266.00,"10,640.00"
2019-01-28,2019012801003989,UPPER,43,39,40,267.00,"10,680.00"
2019-01-28,2019012801003987,UPPER,22,17,40,266.00,"10,640.00"
2019-01-28,2019012801003979,UPPER,22,52,50,266.00,"13,300.00"
2019-01-28,2019012801004028,UPPER,22,49,50,266.00,"13,300.00"
2019-01-28,2019012801004027,UPPER,22,34,40,266.00,"10,640.00"
2019-01-28,2019012801004005,UPPER,22,49,50,266.00,"13,300.00"
2019-01-28,2019012801004048,UPPER,19,40,50,267.00,"13,350.00"
2019-01-28,2019012801004047,UPPER,19,3,50,267.00,"13,350.00"
2019-01-28,2019012801004046,UPPER,19,39,46,267.00,"12,282.00"
2019-01-28,2019012801004045,UPPER,22,49,50,266.00,"13,300.00"
2019-01-28,2019012801004039,UPPER,22,17,50,266.00,"13,300.00"
2019-01-28,2019012801004038,UPPER,22,49,50,266.00,"13,300.00"
2019-01-28,2019012801004054,UPPER,19,51,50,267.00,"13,350.00"
2019-01-28,2019012801004053,UPPER,19,6,50,267.00,"13,350.00"
2019-01-28,2019012801004052,UPPER,19,6,50,267.00,"13,350.00"
2019-01-28,2019012801004051,UPPER,19,26,50,267.00,"13,350.00"
2019-01-28,2019012801004050,UPPER,19,6,40,267.00,"10,680.00"
2019-01-28,2019012801004049,UPPER,19,6,50,267.00,"13,350.00"
2019-01-28,2019012801003949,WOMI,37,50,50,"1,132.00","56,600.00"
2019-01-28,2019012801003575,ADBL,5,43,400,340.00,"136,000.00"
2019-01-28,2019012801003522,ADBL,5,51,164,340.00,"55,760.00"
2019-01-28,2019012801003452,ADBL,14,51,336,340.00,"114,240.00"
2019-01-28,2019012801003355,ADBL,14,26,144,340.00,"48,960.00"
2019-01-28,2019012801003311,ADBL,14,42,20,340.00,"6,800.00"
2019-01-28,2019012801003310,ADBL,45,42,50,340.00,"17,000.00"
2019-01-28,2019012801003179,AHPC,45,52,392,103.00,"40,376.00"
2019-01-28,2019012801003151,AHPC,45,55,108,103.00,"11,124.00"
2019-01-28,2019012801003255,AKJCL,22,16,20,83.00,"1,660.00"
2019-01-28,2019012801003265,AKPL,22,16,13,185.00,"2,405.00"
2019-01-28,2019012801003202,ALICL,51,40,200,613.00,"122,600.00"
2019-01-28,2019012801003429,AMFI,58,17,10,729.00,"7,290.00"
2019-01-28,2019012801003428,AMFI,58,54,10,725.00,"7,250.00"
2019-01-28,2019012801003192,AMFI,58,7,10,715.00,"7,150.00"
2019-01-28,2019012801003145,AMFI,45,26,50,728.00,"36,400.00"
2019-01-28,2019012801003144,AMFI,45,47,10,725.00,"7,250.00"
2019-01-28,2019012801003143,AMFI,45,47,10,725.00,"7,250.00"
2019-01-28,2019012801003142,AMFI,45,47,10,725.00,"7,250.00"
2019-01-28,2019012801003141,AMFI,45,54,10,725.00,"7,250.00"
2019-01-28,2019012801003447,API,17,22,74,142.00,"10,508.00"
2019-01-28,2019012801003446,API,39,22,80,142.00,"11,360.00"
2019-01-28,2019012801003445,API,43,22,152,142.00,"21,584.00"
2019-01-28,2019012801003303,API,43,43,18,142.00,"2,556.00"
2019-01-28,2019012801003197,API,43,43,30,142.00,"4,260.00"
2019-01-28,2019012801003476,BNT,33,21,10,"6,392.00","63,920.00"
2019-01-28,2019012801003554,BOKL,20,55,41,251.00,"10,291.00"
2019-01-28,2019012801003253,BOKL,20,40,39,251.00,"9,789.00"
2019-01-28,2019012801003246,BOKL,54,40,"1,000",252.00,"252,000.00"
2019-01-28,2019012801003245,BOKL,45,40,"1,000",252.00,"252,000.00"
2019-01-28,2019012801003244,BOKL,42,40,10,253.00,"2,530.00"
2019-01-28,2019012801003252,BOKL,55,40,100,251.00,"25,100.00"
2019-01-28,2019012801003251,BOKL,55,40,100,251.00,"25,100.00"
2019-01-28,2019012801003250,BOKL,45,40,"2,000",251.00,"502,000.00"
2019-01-28,2019012801003249,BOKL,39,40,200,252.00,"50,400.00"
2019-01-28,2019012801003248,BOKL,51,40,132,252.00,"33,264.00"
2019-01-28,2019012801003247,BOKL,52,40,500,252.00,"126,000.00"
2019-01-28,2019012801003199,BPCL,1,7,20,365.00,"7,300.00"
2019-01-28,2019012801003451,CBBL,17,36,100,883.00,"88,300.00"
2019-01-28,2019012801003219,CBBL,19,34,20,885.00,"17,700.00"
2019-01-28,2019012801003226,CBL,38,11,158,160.00,"25,280.00"
2019-01-28,2019012801003225,CBL,38,59,700,160.00,"112,000.00"
2019-01-28,2019012801003312,CBLPO,34,42,"48,824",118.00,"5,761,232.00"
2019-01-28,2019012801003304,CBLPO,34,42,"90,000",118.00,"10,620,000.00"
2019-01-28,2019012801003212,CBLPO,34,42,"7,932",118.00,"935,976.00"
2019-01-28,2019012801003201,CBLPO,34,42,"9,241",118.00,"1,090,438.00"
2019-01-28,2019012801003189,CBLPO,34,42,"7,932",118.00,"935,976.00"
2019-01-28,2019012801003550,CCBL,17,43,600,170.00,"102,000.00"
2019-01-28,2019012801003549,CCBL,17,45,101,170.00,"17,170.00"
2019-01-28,2019012801003519,CCBL,18,45,10,170.00,"1,700.00"
2019-01-28,2019012801003471,CCBL,20,6,135,169.00,"22,815.00"
2019-01-28,2019012801003450,CCBL,20,35,182,169.00,"30,758.00"
2019-01-28,2019012801003431,CCBL,17,45,100,170.00,"17,000.00"
2019-01-28,2019012801003372,CCBL,40,40,8,167.00,"1,336.00"
2019-01-28,2019012801003347,CCBL,32,45,10,170.00,"1,700.00"
2019-01-28,2019012801003289,CCBL,20,16,173,169.00,"29,237.00"
2019-01-28,2019012801003502,CFCL,49,13,23,110.00,"2,530.00"
2019-01-28,2019012801003501,CFCL,49,22,146,110.00,"16,060.00"
2019-01-28,2019012801003500,CFCL,28,22,15,110.00,"1,650.00"
2019-01-28,2019012801003300,CHL,49,16,10,99.00,990.00
2019-01-28,2019012801003207,CIT,45,22,100,"2,677.00","267,700.00"
2019-01-28,2019012801003196,CLBSL,40,16,10,720.00,"7,200.00"
2019-01-28,2019012801003195,CLBSL,40,16,10,720.00,"7,200.00"
2019-01-28,2019012801003497,CZBIL,1,43,200,212.00,"42,400.00"
2019-01-28,2019012801003496,CZBIL,1,21,30,212.00,"6,360.00"
2019-01-28,2019012801003348,CZBIL,38,45,37,211.00,"7,807.00"
2019-01-28,2019012801003117,CZBIL,57,58,"1,000",211.00,"211,000.00"
2019-01-28,2019012801003299,DBBL,45,40,414,125.00,"51,750.00"
2019-01-28,2019012801003298,DBBL,33,40,500,125.00,"62,500.00"
2019-01-28,2019012801003297,DBBL,25,40,86,125.00,"10,750.00"
2019-01-28,2019012801003285,DBBL,25,40,900,125.00,"112,500.00"
2019-01-28,2019012801003284,DBBL,34,40,100,126.00,"12,600.00"
2019-01-28,2019012801003124,DDBL,53,33,100,569.00,"56,900.00"
2019-01-28,2019012801003123,DDBL,47,33,100,570.00,"57,000.00"
2019-01-28,2019012801003524,EBL,35,34,53,525.00,"27,825.00"
2019-01-28,2019012801003523,EBL,35,19,20,525.00,"10,500.00"
2019-01-28,2019012801003261,FMDBL,29,35,50,380.00,"19,000.00"
2019-01-28,2019012801003579,FOWAD,42,41,223,"1,590.00","354,570.00"
2019-01-28,2019012801003435,FOWAD,42,59,19,"1,590.00","30,210.00"
2019-01-28,2019012801003389,FOWAD,16,14,130,"1,580.00","205,400.00"
2019-01-28,2019012801003388,FOWAD,16,28,22,"1,579.00","34,738.00"
2019-01-28,2019012801003387,FOWAD,16,34,10,"1,579.00","15,790.00"
2019-01-28,2019012801003386,FOWAD,16,16,100,"1,577.00","157,700.00"
2019-01-28,2019012801003385,FOWAD,16,46,15,"1,575.00","23,625.00"
2019-01-28,2019012801003384,FOWAD,16,58,100,"1,575.00","157,500.00"
2019-01-28,2019012801003383,FOWAD,16,47,15,"1,575.00","23,625.00"
2019-01-28,2019012801003382,FOWAD,16,46,15,"1,574.00","23,610.00"
2019-01-28,2019012801003381,FOWAD,16,57,25,"1,573.00","39,325.00"
2019-01-28,2019012801003449,GBBL,45,13,150,183.00,"27,450.00"
2019-01-28,2019012801003368,GBBL,45,33,100,184.00,"18,400.00"
2019-01-28,2019012801003436,GBIME,6,54,100,263.00,"26,300.00"
2019-01-28,2019012801003278,GBIME,57,34,63,262.00,"16,506.00"
2019-01-28,2019012801003475,GBLBS,28,28,500,440.00,"220,000.00"
2019-01-28,2019012801003474,GBLBS,28,28,500,440.00,"220,000.00"
2019-01-28,2019012801003473,GBLBS,28,45,100,439.00,"43,900.00"
2019-01-28,2019012801003444,GBLBS,50,45,200,437.00,"87,400.00"
2019-01-28,2019012801003443,GBLBS,5,45,20,437.00,"8,740.00"
2019-01-28,2019012801003442,GBLBS,26,45,10,437.00,"4,370.00"
2019-01-28,2019012801003402,GBLBS,5,42,120,438.00,"52,560.00"
2019-01-28,2019012801003334,GBLBS,5,57,10,438.00,"4,380.00"
2019-01-28,2019012801003326,GBLBS,5,57,10,438.00,"4,380.00"
2019-01-28,2019012801003315,GBLBS,5,57,10,438.00,"4,380.00"
2019-01-28,2019012801003241,GDBL,38,13,500,186.00,"93,000.00"
2019-01-28,2019012801003214,GUFL,35,14,93,102.00,"9,486.00"
2019-01-28,2019012801003213,GUFL,47,14,233,102.00,"23,766.00"
2019-01-28,2019012801003186,GUFL,47,40,100,102.00,"10,200.00"
2019-01-28,2019012801003360,HBL,34,26,368,446.00,"164,128.00"
2019-01-28,2019012801003359,HBL,38,26,34,447.00,"15,198.00"
2019-01-28,2019012801003194,HBL,38,19,16,447.00,"7,152.00"
2019-01-28,2019012801003508,HGI,46,59,263,395.00,"103,885.00"
2019-01-28,2019012801003366,HGI,34,26,28,393.00,"11,004.00"
2019-01-28,2019012801003307,HPPL,22,16,10,181.00,"1,810.00"
2019-01-28,2019012801003221,HPPL,22,43,10,181.00,"1,810.00"
2019-01-28,2019012801003208,IGI,21,52,10,449.00,"4,490.00"
2019-01-28,2019012801003555,JBBL,47,36,335,141.00,"47,235.00"
2019-01-28,2019012801003545,JBBL,47,36,155,141.00,"21,855.00"
2019-01-28,2019012801003528,JBBL,47,36,68,141.00,"9,588.00"
2019-01-28,2019012801003527,JBBL,47,17,132,141.00,"18,612.00"
2019-01-28,2019012801003526,JBBL,47,52,100,141.00,"14,100.00"
2019-01-28,2019012801003515,JBBL,47,52,250,141.00,"35,250.00"
2019-01-28,2019012801003432,JBBL,47,1,350,140.00,"49,000.00"
2019-01-28,2019012801003128,JBBL,39,16,11,138.00,"1,518.00"
2019-01-28,2019012801003510,JBBL,47,52,90,141.00,"12,690.00"
2019-01-28,2019012801003504,JBBL,47,52,60,141.00,"8,460.00"
2019-01-28,2019012801003503,JBBL,47,1,30,140.00,"4,200.00"
2019-01-28,2019012801003495,JBBL,47,1,110,140.00,"15,400.00"
2019-01-28,2019012801003488,JBBL,47,1,120,140.00,"16,800.00"
2019-01-28,2019012801003479,JBBL,47,1,110,140.00,"15,400.00"
2019-01-28,2019012801003376,JBNL,34,26,66,165.00,"10,890.00"
2019-01-28,2019012801003375,JBNL,34,26,179,165.00,"29,535.00"
2019-01-28,2019012801003374,JBNL,25,26,100,166.00,"16,600.00"
2019-01-28,2019012801003373,JBNL,42,26,196,166.00,"32,536.00"
2019-01-28,2019012801003293,JBNL,42,43,104,166.00,"17,264.00"
2019-01-28,2019012801003292,JBNL,17,43,396,166.00,"65,736.00"
2019-01-28,2019012801003114,JBNL,17,43,604,166.00,"100,264.00"
2019-01-28,2019012801003113,JBNL,26,43,396,166.00,"65,736.00"
2019-01-28,2019012801003363,JEFL,32,32,"2,712",130.00,"352,560.00"
2019-01-28,2019012801003362,JEFL,32,14,"1,000",130.00,"130,000.00"
2019-01-28,2019012801003333,JEFL,32,5,"1,000",129.00,"129,000.00"
2019-01-28,2019012801003263,JEFL,32,5,"1,000",129.00,"129,000.00"
2019-01-28,2019012801003093,KADBL,59,21,43,160.00,"6,880.00"
2019-01-28,2019012801003309,KBBL,53,22,59,212.00,"12,508.00"
2019-01-28,2019012801003178,KBL,50,28,87,246.00,"21,402.00"
2019-01-28,2019012801003159,KBL,50,43,413,246.00,"101,598.00"
2019-01-28,2019012801003133,KBL,16,45,140,245.00,"34,300.00"
2019-01-28,2019012801003132,KBL,10,45,160,245.00,"39,200.00"
2019-01-28,2019012801003582,KPCL,6,36,10,96.00,960.00
2019-01-28,2019012801003580,KPCL,56,42,10,97.00,970.00
2019-01-28,2019012801003557,KPCL,6,36,10,96.00,960.00
2019-01-28,2019012801003100,KPCL,45,4,10,96.00,960.00
2019-01-28,2019012801003138,KPCL,45,16,10,96.00,960.00
2019-01-28,2019012801003313,KPCL,45,16,10,96.00,960.00
2019-01-28,2019012801003268,KPCL,45,45,10,96.00,960.00
2019-01-28,2019012801003521,KPCL,6,57,430,96.00,"41,280.00"
2019-01-28,2019012801003520,KPCL,45,57,370,96.00,"35,520.00"
2019-01-28,2019012801003506,LBBL,25,50,324,176.00,"57,024.00"
2019-01-28,2019012801003505,LBBL,25,32,176,176.00,"30,976.00"
2019-01-28,2019012801003287,LBBL,49,32,324,176.00,"57,024.00"
2019-01-28,2019012801003286,LBBL,49,38,176,176.00,"30,976.00"
2019-01-28,2019012801003237,LBBL,38,49,50,175.00,"8,750.00"
2019-01-28,2019012801003236,LBBL,49,49,500,175.00,"87,500.00"
2019-01-28,2019012801003507,LBL,1,46,113,199.00,"22,487.00"
2019-01-28,2019012801003421,LBL,1,43,187,199.00,"37,213.00"
2019-01-28,2019012801003420,LBL,49,43,513,199.00,"102,087.00"
2019-01-28,2019012801003394,LBL,49,26,687,199.00,"136,713.00"
2019-01-28,2019012801003393,LBL,14,26,100,199.00,"19,900.00"
2019-01-28,2019012801003392,LBL,19,26,200,199.00,"39,800.00"
2019-01-28,2019012801003283,LBL,58,49,100,200.00,"20,000.00"
2019-01-28,2019012801003158,LICN,59,10,50,"1,725.00","86,250.00"
2019-01-28,2019012801003157,LICN,59,10,100,"1,725.00","172,500.00"
2019-01-28,2019012801003156,LICN,59,10,50,"1,730.00","86,500.00"
2019-01-28,2019012801003551,MBL,17,6,200,209.00,"41,800.00"
2019-01-28,2019012801003537,MBL,36,40,150,210.00,"31,500.00"
2019-01-28,2019012801003379,MBL,17,34,574,209.00,"119,966.00"
2019-01-28,2019012801003556,MEGA,33,13,100,165.00,"16,500.00"
2019-01-28,2019012801003480,MEGA,52,35,101,164.00,"16,564.00"
2019-01-28,2019012801003437,MEGA,40,40,104,165.00,"17,160.00"
2019-01-28,2019012801003415,MEGA,59,29,"1,000",166.00,"166,000.00"
2019-01-28,2019012801003414,MEGA,59,25,392,166.00,"65,072.00"
2019-01-28,2019012801003413,MEGA,59,25,500,166.00,"83,000.00"
2019-01-28,2019012801003167,MEGA,22,45,10,165.00,"1,650.00"
2019-01-28,2019012801003365,MEGA,50,53,204,165.00,"33,660.00"
2019-01-28,2019012801003294,MEGA,50,17,238,165.00,"39,270.00"
2019-01-28,2019012801003273,MEGA,50,25,200,165.00,"33,000.00"
2019-01-28,2019012801003256,MEGA,50,7,200,165.00,"33,000.00"
2019-01-28,2019012801003206,MEGA,50,11,108,165.00,"17,820.00"
2019-01-28,2019012801003184,MEGA,50,45,50,165.00,"8,250.00"
2019-01-28,2019012801003484,MERO,40,40,7,"1,157.00","8,099.00"
2019-01-28,2019012801003412,MERO,58,58,17,"1,160.00","19,720.00"
2019-01-28,2019012801003411,MERO,58,35,20,"1,160.00","23,200.00"
2019-01-28,2019012801003410,MERO,58,6,100,"1,160.00","116,000.00"
2019-01-28,2019012801003409,MERO,58,45,143,"1,158.00","165,594.00"
2019-01-28,2019012801003401,MERO,45,41,172,"1,157.00","199,004.00"
2019-01-28,2019012801003115,MERO,26,59,16,"1,155.00","18,480.00"
2019-01-28,2019012801003395,MERO,5,25,30,"1,155.00","34,650.00"
2019-01-28,2019012801003314,MERO,32,7,67,"1,155.00","77,385.00"
2019-01-28,2019012801003232,MERO,19,55,50,"1,157.00","57,850.00"
2019-01-28,2019012801003193,MERO,40,21,10,"1,151.00","11,510.00"
2019-01-28,2019012801003140,MERO,58,42,40,"1,155.00","46,200.00"
2019-01-28,2019012801003316,MLBL,32,42,60,169.00,"10,140.00"
2019-01-28,2019012801003570,MMFDB,25,56,20,"1,031.00","20,620.00"
2019-01-28,2019012801003569,MMFDB,25,28,30,"1,031.00","30,930.00"
2019-01-28,2019012801003568,MMFDB,25,34,18,"1,030.00","18,540.00"
2019-01-28,2019012801003567,MMFDB,25,7,70,"1,028.00","71,960.00"
2019-01-28,2019012801003481,MMFDB,42,16,60,"1,020.00","61,200.00"
2019-01-28,2019012801003470,MNBBL,28,56,145,347.00,"50,315.00"
2019-01-28,2019012801003469,MNBBL,38,56,115,347.00,"39,905.00"
2019-01-28,2019012801003439,MNBBL,49,16,50,348.00,"17,400.00"
2019-01-28,2019012801003438,MNBBL,49,16,30,348.00,"10,440.00"
2019-01-28,2019012801003578,MSLB,5,6,50,"1,413.00","70,650.00"
2019-01-28,2019012801003577,MSLB,5,6,50,"1,410.00","70,500.00"
2019-01-28,2019012801003548,MSLB,50,6,50,"1,410.00","70,500.00"
2019-01-28,2019012801003317,MSLB,5,33,90,"1,405.00","126,450.00"
2019-01-28,2019012801003210,MSLB,5,1,5,"1,380.00","6,900.00"
2019-01-28,2019012801003331,NABIL,16,33,50,834.00,"41,700.00"
2019-01-28,2019012801003330,NABIL,22,33,100,834.00,"83,400.00"
2019-01-28,2019012801003517,NABILP,36,37,120,721.00,"86,520.00"
2019-01-28,2019012801003400,NABILP,35,22,150,720.00,"108,000.00"
2019-01-28,2019012801003399,NBB,17,26,"1,387",185.00,"256,595.00"
2019-01-28,2019012801003398,NBB,17,26,44,186.00,"8,184.00"
2019-01-28,2019012801003239,NBB,17,17,105,186.00,"19,530.00"
2019-01-28,2019012801003152,NBBL,34,14,100,716.00,"71,600.00"
2019-01-28,2019012801003553,NBL,56,49,909,289.00,"262,701.00"
2019-01-28,2019012801003552,NBL,6,49,91,289.00,"26,299.00"
2019-01-28,2019012801003324,NBL,49,34,250,290.00,"72,500.00"
2019-01-28,2019012801003323,NBL,34,34,350,290.00,"101,500.00"
2019-01-28,2019012801003282,NBL,34,45,50,290.00,"14,500.00"
2019-01-28,2019012801003328,NCCB,44,42,18,212.00,"3,816.00"
2019-01-28,2019012801003169,NCCB,44,40,"4,836",212.00,"1,025,232.00"
2019-01-28,2019012801003270,NGPL,52,42,50,129.00,"6,450.00"
2019-01-28,2019012801003269,NGPL,52,43,22,129.00,"2,838.00"
2019-01-28,2019012801003489,NIB,39,50,10,532.00,"5,320.00"
2019-01-28,2019012801003112,NIB,1,50,110,532.00,"58,520.00"
2019-01-28,2019012801003111,NIB,13,50,100,532.00,"53,200.00"
2019-01-28,2019012801003434,NIBLPF,49,26,"1,010",7.55,"7,625.50"
2019-01-28,2019012801003472,NIBPO,36,39,267,486.00,"129,762.00"
2019-01-28,2019012801003453,NIBPO,36,38,233,485.00,"113,005.00"
2019-01-28,2019012801003264,NICA,47,28,30,394.00,"11,820.00"
2019-01-28,2019012801003542,NICL,36,1,50,570.00,"28,500.00"
2019-01-28,2019012801003541,NICL,36,58,179,570.00,"102,030.00"
2019-01-28,2019012801003540,NICL,36,21,50,569.00,"28,450.00"
2019-01-28,2019012801003539,NICL,36,37,"1,100",568.00,"624,800.00"
2019-01-28,2019012801003459,NIL,34,22,148,535.00,"79,180.00"
2019-01-28,2019012801003493,NLBBL,16,16,211,462.00,"97,482.00"
2019-01-28,2019012801003492,NLBBL,22,16,300,463.00,"138,900.00"
2019-01-28,2019012801003491,NLBBL,22,16,100,463.00,"46,300.00"
2019-01-28,2019012801003490,NLBBL,38,16,500,464.00,"232,000.00"
2019-01-28,2019012801003448,NLBBL,14,16,100,465.00,"46,500.00"
2019-01-28,2019012801003390,NLBBL,48,52,10,474.00,"4,740.00"
2019-01-28,2019012801003146,NLBBL,46,16,100,465.00,"46,500.00"
2019-01-28,2019012801003467,NLICL,44,54,50,680.00,"34,000.00"
2019-01-28,2019012801003466,NLICL,45,54,30,680.00,"20,400.00"
2019-01-28,2019012801003465,NLICL,6,54,10,680.00,"6,800.00"
2019-01-28,2019012801003464,NLICL,34,54,50,681.00,"34,050.00"
2019-01-28,2019012801003463,NLICL,34,54,340,681.00,"231,540.00"
2019-01-28,2019012801003462,NLICL,34,54,500,681.00,"340,500.00"
2019-01-28,2019012801003461,NLICL,33,54,50,682.00,"34,100.00"
2019-01-28,2019012801003321,NLICL,33,33,450,682.00,"306,900.00"
2019-01-28,2019012801003320,NLICL,32,33,50,685.00,"34,250.00"
2019-01-28,2019012801003291,NMB,6,45,23,317.00,"7,291.00"
2019-01-28,2019012801003211,NMB,58,14,30,318.00,"9,540.00"
2019-01-28,2019012801003183,NMB,6,45,18,317.00,"5,706.00"
2019-01-28,2019012801003122,NMB,32,14,100,318.00,"31,800.00"
2019-01-28,2019012801003097,NSEWA,58,50,10,595.00,"5,950.00"
2019-01-28,2019012801003441,NUBL,48,49,77,780.00,"60,060.00"
2019-01-28,2019012801003440,NUBL,48,42,23,780.00,"17,940.00"
2019-01-28,2019012801003573,OHL,56,6,180,445.00,"80,100.00"
2019-01-28,2019012801003572,OHL,56,1,50,444.00,"22,200.00"
2019-01-28,2019012801003571,OHL,56,58,172,442.00,"76,024.00"
2019-01-28,2019012801003516,PCBL,34,46,"1,435",325.00,"466,375.00"
2019-01-28,2019012801003391,PCBL,16,52,100,324.00,"32,400.00"
2019-01-28,2019012801003352,PCBL,33,42,58,322.00,"18,676.00"
2019-01-28,2019012801003351,PCBL,39,42,147,322.00,"47,334.00"
2019-01-28,2019012801003350,PCBL,41,42,100,323.00,"32,300.00"
2019-01-28,2019012801003185,PFL,21,59,12,133.00,"1,596.00"
2019-01-28,2019012801003177,PFL,21,46,24,132.00,"3,168.00"
2019-01-28,2019012801003096,PFL,43,13,200,131.00,"26,200.00"
2019-01-28,2019012801003095,PFL,39,13,328,131.00,"42,968.00"
2019-01-28,2019012801003566,PIC,39,32,22,"1,041.00","22,902.00"
2019-01-28,2019012801003565,PIC,45,32,155,"1,041.00","161,355.00"
2019-01-28,2019012801003564,PIC,33,32,23,"1,041.00","23,943.00"
2019-01-28,2019012801003478,PIC,33,7,477,"1,041.00","496,557.00"
2019-01-28,2019012801003477,PIC,14,7,94,"1,041.00","97,854.00"
2019-01-28,2019012801003408,PIC,57,7,129,"1,042.00","134,418.00"
2019-01-28,2019012801003101,PIC,57,32,11,"1,042.00","11,462.00"
2019-01-28,2019012801003396,PIC,57,42,11,"1,042.00","11,462.00"
2019-01-28,2019012801003378,PIC,57,7,73,"1,042.00","76,066.00"
2019-01-28,2019012801003377,PIC,42,7,18,"1,043.00","18,774.00"
2019-01-28,2019012801003337,PIC,42,7,11,"1,043.00","11,473.00"
2019-01-28,2019012801003322,PIC,42,16,11,"1,043.00","11,473.00"
2019-01-28,2019012801003482,PICL,25,58,10,718.00,"7,180.00"
2019-01-28,2019012801003343,PICL,10,32,400,717.00,"286,800.00"
2019-01-28,2019012801003342,PICL,10,48,63,717.00,"45,171.00"
2019-01-28,2019012801003341,PICL,10,5,162,717.00,"116,154.00"
2019-01-28,2019012801003332,PICL,10,59,100,710.00,"71,000.00"
2019-01-28,2019012801003581,PMHPL,56,57,380,105.00,"39,900.00"
2019-01-28,2019012801003576,PMHPL,56,48,10,105.00,"1,050.00"
2019-01-28,2019012801003494,PMHPL,56,48,10,105.00,"1,050.00"
2019-01-28,2019012801003460,PMHPL,56,48,10,105.00,"1,050.00"
2019-01-28,2019012801003433,PMHPL,56,48,10,105.00,"1,050.00"
2019-01-28,2019012801003380,PMHPL,56,57,10,105.00,"1,050.00"
2019-01-28,2019012801003094,PMHPL,17,29,10,104.00,"1,040.00"
2019-01-28,2019012801003224,PMHPL,56,48,10,105.00,"1,050.00"
2019-01-28,2019012801003190,PMHPL,56,48,10,105.00,"1,050.00"
2019-01-28,2019012801003168,PMHPL,56,48,10,105.00,"1,050.00"
2019-01-28,2019012801003149,PMHPL,56,48,10,105.00,"1,050.00"
2019-01-28,2019012801003121,PMHPL,17,4,10,104.00,"1,040.00"
2019-01-28,2019012801003104,PMHPL,17,48,10,104.00,"1,040.00"
2019-01-28,2019012801003364,PMHPL,56,57,10,105.00,"1,050.00"
2019-01-28,2019012801003354,PMHPL,56,57,10,105.00,"1,050.00"
2019-01-28,2019012801003308,PMHPL,56,57,50,105.00,"5,250.00"
2019-01-28,2019012801003274,PMHPL,17,48,10,104.00,"1,040.00"
2019-01-28,2019012801003266,PMHPL,56,57,450,105.00,"47,250.00"
2019-01-28,2019012801003231,PMHPL,56,43,10,105.00,"1,050.00"
2019-01-28,2019012801003561,PRIN,47,49,153,450.00,"68,850.00"
2019-01-28,2019012801003525,PRVU,42,32,15,242.00,"3,630.00"
2019-01-28,2019012801003257,PRVU,47,32,60,242.00,"14,520.00"
2019-01-28,2019012801003558,PURBL,14,49,18,151.00,"2,718.00"
2019-01-28,2019012801003353,RADHI,13,7,11,163.00,"1,793.00"
2019-01-28,2019012801003329,RADHI,13,16,11,163.00,"1,793.00"
2019-01-28,2019012801003483,RBCL,18,45,50,"9,500.00","475,000.00"
2019-01-28,2019012801003339,RHPC,54,43,18,97.00,"1,746.00"
2019-01-28,2019012801003336,RHPC,54,16,17,97.00,"1,649.00"
2019-01-28,2019012801003240,RHPC,54,43,18,97.00,"1,746.00"
2019-01-28,2019012801003220,RMDC,29,21,20,545.00,"10,900.00"
2019-01-28,2019012801003175,RMDC,10,38,115,543.00,"62,445.00"
2019-01-28,2019012801003182,RRHP,45,57,40,98.00,"3,920.00"
2019-01-28,2019012801003181,RRHP,56,57,70,98.00,"6,860.00"
2019-01-28,2019012801003180,RRHP,58,57,500,98.00,"49,000.00"
2019-01-28,2019012801003174,RRHP,43,57,200,99.00,"19,800.00"
2019-01-28,2019012801003173,RRHP,55,57,200,99.00,"19,800.00"
2019-01-28,2019012801003172,RRHP,14,57,20,99.00,"1,980.00"
2019-01-28,2019012801003171,RRHP,45,57,160,99.00,"15,840.00"
2019-01-28,2019012801003164,RRHP,43,57,150,100.00,"15,000.00"
2019-01-28,2019012801003136,RRHP,43,4,10,100.00,"1,000.00"
2019-01-28,2019012801003230,SANIMA,46,26,17,302.00,"5,134.00"
2019-01-28,2019012801003223,SANIMA,47,4,40,303.00,"12,120.00"
2019-01-28,2019012801003198,SANIMA,37,4,960,303.00,"290,880.00"
2019-01-28,2019012801003155,SANIMA,37,25,40,303.00,"12,120.00"
2019-01-28,2019012801003154,SANIMA,35,25,30,303.00,"9,090.00"
2019-01-28,2019012801003153,SANIMA,45,25,430,303.00,"130,290.00"
2019-01-28,2019012801003129,SANIMA,22,40,10,304.00,"3,040.00"
2019-01-28,2019012801003107,SANIMA,45,38,332,303.00,"100,596.00"
2019-01-28,2019012801003092,SANIMA,38,40,152,304.00,"46,208.00"
2019-01-28,2019012801003091,SANIMA,38,44,180,304.00,"54,720.00"
2019-01-28,2019012801003544,SBI,41,49,20,383.00,"7,660.00"
2019-01-28,2019012801003543,SBI,13,49,30,384.00,"11,520.00"
2019-01-28,2019012801003538,SBI,32,58,20,385.00,"7,700.00"
2019-01-28,2019012801003290,SBI,13,19,20,384.00,"7,680.00"
2019-01-28,2019012801003120,SBI,22,58,10,385.00,"3,850.00"
2019-01-28,2019012801003305,SBL,50,22,70,284.00,"19,880.00"
2019-01-28,2019012801003275,SBL,50,19,28,284.00,"7,952.00"
2019-01-28,2019012801003235,SBL,47,32,43,285.00,"12,255.00"
2019-01-28,2019012801003407,SCB,56,26,104,562.00,"58,448.00"
2019-01-28,2019012801003406,SCB,6,26,130,562.00,"73,060.00"
2019-01-28,2019012801003405,SCB,22,26,10,563.00,"5,630.00"
2019-01-28,2019012801003404,SCB,13,26,200,563.00,"112,600.00"
2019-01-28,2019012801003403,SCB,45,26,10,564.00,"5,640.00"
2019-01-28,2019012801003349,SCB,45,16,20,564.00,"11,280.00"
2019-01-28,2019012801003319,SCB,28,6,40,565.00,"22,600.00"
2019-01-28,2019012801003318,SCB,28,58,40,565.00,"22,600.00"
2019-01-28,2019012801003277,SCB,45,47,50,564.00,"28,200.00"
2019-01-28,2019012801003229,SCB,45,46,20,564.00,"11,280.00"
2019-01-28,2019012801003361,SDESI,45,22,10,634.00,"6,340.00"
2019-01-28,2019012801003306,SHL,5,47,100,204.00,"20,400.00"
2019-01-28,2019012801003563,SHPC,47,50,200,231.00,"46,200.00"
2019-01-28,2019012801003562,SHPC,47,16,16,231.00,"3,696.00"
2019-01-28,2019012801003430,SIFC,1,33,101,134.00,"13,534.00"
2019-01-28,2019012801003302,SIL,34,38,10,644.00,"6,440.00"
2019-01-28,2019012801003296,SIL,47,38,50,644.00,"32,200.00"
2019-01-28,2019012801003191,SIL,56,40,122,641.00,"78,202.00"
2019-01-28,2019012801003176,SIL,44,40,50,641.00,"32,050.00"
2019-01-28,2019012801003106,SIL,56,40,276,641.00,"176,916.00"
2019-01-28,2019012801003105,SIL,56,40,74,641.00,"47,434.00"
2019-01-28,2019012801003535,SKBBL,28,49,82,857.00,"70,274.00"
2019-01-28,2019012801003534,SKBBL,55,49,10,860.00,"8,600.00"
2019-01-28,2019012801003533,SKBBL,55,49,50,860.00,"43,000.00"
2019-01-28,2019012801003532,SKBBL,38,49,48,860.00,"41,280.00"
2019-01-28,2019012801003531,SKBBL,42,49,200,861.00,"172,200.00"
2019-01-28,2019012801003530,SKBBL,33,49,30,861.00,"25,830.00"
2019-01-28,2019012801003529,SKBBL,6,49,30,862.00,"25,860.00"
2019-01-28,2019012801003139,SKBBL,21,53,50,863.00,"43,150.00"
2019-01-28,2019012801003346,SLBBL,6,57,100,520.00,"52,000.00"
2019-01-28,2019012801003345,SLBBL,51,57,45,520.00,"23,400.00"
2019-01-28,2019012801003344,SLBBL,43,57,50,525.00,"26,250.00"
2019-01-28,2019012801003367,SLBBL,46,42,50,515.00,"25,750.00"
2019-01-28,2019012801003419,SLICL,46,26,12,548.00,"6,576.00"
2019-01-28,2019012801003418,SLICL,32,26,300,550.00,"165,000.00"
2019-01-28,2019012801003417,SLICL,51,26,100,550.00,"55,000.00"
2019-01-28,2019012801003416,SLICL,50,26,43,550.00,"23,650.00"
2019-01-28,2019012801003335,SLICL,50,42,39,550.00,"21,450.00"
2019-01-28,2019012801003281,SLICL,50,59,30,550.00,"16,500.00"
2019-01-28,2019012801003280,SLICL,22,59,20,551.00,"11,020.00"
2019-01-28,2019012801003279,SLICL,39,59,20,551.00,"11,020.00"
2019-01-28,2019012801003165,SLICL,42,44,50,553.00,"27,650.00"
2019-01-28,2019012801003276,SMATA,28,41,100,"1,275.00","127,500.00"
2019-01-28,2019012801003234,SMATA,28,42,100,"1,274.00","127,400.00"
2019-01-28,2019012801003340,SMB,58,14,160,698.00,"111,680.00"
2019-01-28,2019012801003259,SMB,58,42,100,698.00,"69,800.00"
2019-01-28,2019012801003238,SMB,58,29,10,698.00,"6,980.00"
2019-01-28,2019012801003127,SMB,58,53,10,698.00,"6,980.00"
2019-01-28,2019012801003116,SMB,58,43,10,698.00,"6,980.00"
2019-01-28,2019012801003370,SWBBL,48,52,10,850.00,"8,500.00"
2019-01-28,2019012801003456,UFL,14,39,50,162.00,"8,100.00"
2019-01-28,2019012801003455,UFL,14,54,224,161.00,"36,064.00"
2019-01-28,2019012801003454,UFL,14,39,238,160.00,"38,080.00"
2019-01-28,2019012801003371,UFL,39,44,513,159.00,"81,567.00"
2019-01-28,2019012801003131,UFL,40,13,499,158.00,"78,842.00"
2019-01-28,2019012801003130,UFL,40,13,60,158.00,"9,480.00"
2019-01-28,2019012801003427,UMHL,52,46,10,121.00,"1,210.00"
2019-01-28,2019012801003574,UPPER,33,26,50,267.00,"13,350.00"
2019-01-28,2019012801003560,UPPER,33,48,40,267.00,"10,680.00"
2019-01-28,2019012801003547,UPPER,33,48,50,267.00,"13,350.00"
2019-01-28,2019012801003086,UPPER,56,42,50,268.00,"13,400.00"
2019-01-28,2019012801003085,UPPER,56,37,40,268.00,"10,720.00"
2019-01-28,2019012801003084,UPPER,56,58,50,268.00,"13,400.00"
2019-01-28,2019012801003083,UPPER,56,37,40,268.00,"10,720.00"
2019-01-28,2019012801003099,UPPER,59,48,10,267.00,"2,670.00"
2019-01-28,2019012801003098,UPPER,56,48,40,268.00,"10,720.00"
2019-01-28,2019012801003090,UPPER,56,25,50,268.00,"13,400.00"
2019-01-28,2019012801003089,UPPER,56,3,40,268.00,"10,720.00"
2019-01-28,2019012801003088,UPPER,56,49,40,268.00,"10,720.00"
2019-01-28,2019012801003087,UPPER,56,42,50,268.00,"13,400.00"
2019-01-28,2019012801003110,UPPER,59,25,40,267.00,"10,680.00"
2019-01-28,2019012801003109,UPPER,59,48,20,267.00,"5,340.00"
2019-01-28,2019012801003108,UPPER,59,48,20,267.00,"5,340.00"
2019-01-28,2019012801003103,UPPER,59,25,50,267.00,"13,350.00"
2019-01-28,2019012801003102,UPPER,59,29,40,267.00,"10,680.00"
2019-01-28,2019012801003135,UPPER,57,25,40,267.00,"10,680.00"
2019-01-28,2019012801003134,UPPER,57,48,40,267.00,"10,680.00"
2019-01-28,2019012801003126,UPPER,57,25,10,267.00,"2,670.00"
2019-01-28,2019012801003125,UPPER,59,25,40,267.00,"10,680.00"
2019-01-28,2019012801003119,UPPER,59,25,50,267.00,"13,350.00"
2019-01-28,2019012801003118,UPPER,59,48,50,267.00,"13,350.00"
2019-01-28,2019012801003160,UPPER,22,49,40,268.00,"10,720.00"
2019-01-28,2019012801003150,UPPER,57,4,50,267.00,"13,350.00"
2019-01-28,2019012801003148,UPPER,57,16,50,267.00,"13,350.00"
2019-01-28,2019012801003147,UPPER,57,48,40,267.00,"10,680.00"
2019-01-28,2019012801003137,UPPER,57,26,40,267.00,"10,680.00"
2019-01-28,2019012801003187,UPPER,57,48,50,267.00,"13,350.00"
2019-01-28,2019012801003170,UPPER,22,43,30,268.00,"8,040.00"
2019-01-28,2019012801003166,UPPER,22,3,10,268.00,"2,680.00"
2019-01-28,2019012801003163,UPPER,22,48,40,268.00,"10,720.00"
2019-01-28,2019012801003162,UPPER,22,49,40,268.00,"10,720.00"
2019-01-28,2019012801003161,UPPER,22,49,40,268.00,"10,720.00"
2019-01-28,2019012801003215,UPPER,57,48,50,267.00,"13,350.00"
2019-01-28,2019012801003209,UPPER,57,39,40,267.00,"10,680.00"
2019-01-28,2019012801003205,UPPER,57,48,50,267.00,"13,350.00"
2019-01-28,2019012801003200,UPPER,57,48,40,267.00,"10,680.00"
2019-01-28,2019012801003188,UPPER,57,26,40,267.00,"10,680.00"
2019-01-28,2019012801003242,UPPER,57,39,50,267.00,"13,350.00"
2019-01-28,2019012801003233,UPPER,57,48,40,267.00,"10,680.00"
2019-01-28,2019012801003227,UPPER,57,39,40,267.00,"10,680.00"
2019-01-28,2019012801003222,UPPER,57,48,50,267.00,"13,350.00"
2019-01-28,2019012801003218,UPPER,57,39,40,267.00,"10,680.00"
2019-01-28,2019012801003216,UPPER,57,26,50,267.00,"13,350.00"
2019-01-28,2019012801003267,UPPER,57,52,40,267.00,"10,680.00"
2019-01-28,2019012801003262,UPPER,57,48,40,267.00,"10,680.00"
2019-01-28,2019012801003260,UPPER,57,58,50,267.00,"13,350.00"
2019-01-28,2019012801003258,UPPER,57,52,50,267.00,"13,350.00"
2019-01-28,2019012801003254,UPPER,57,58,50,267.00,"13,350.00"
2019-01-28,2019012801003243,UPPER,57,48,50,267.00,"13,350.00"
2019-01-28,2019012801003325,UPPER,57,34,50,267.00,"13,350.00"
2019-01-28,2019012801003301,UPPER,57,41,40,267.00,"10,680.00"
2019-01-28,2019012801003295,UPPER,57,52,40,267.00,"10,680.00"
2019-01-28,2019012801003288,UPPER,57,52,40,267.00,"10,680.00"
2019-01-28,2019012801003357,UPPER,57,47,50,267.00,"13,350.00"
2019-01-28,2019012801003356,UPPER,57,7,50,267.00,"13,350.00"
2019-01-28,2019012801003338,UPPER,57,47,40,267.00,"10,680.00"
2019-01-28,2019012801003423,UPPER,50,52,50,268.00,"13,400.00"
2019-01-28,2019012801003422,UPPER,50,43,20,268.00,"5,360.00"
2019-01-28,2019012801003397,UPPER,57,54,10,267.00,"2,670.00"
2019-01-28,2019012801003369,UPPER,57,57,40,267.00,"10,680.00"
2019-01-28,2019012801003358,UPPER,57,16,40,267.00,"10,680.00"
2019-01-28,2019012801003468,UPPER,57,11,52,267.00,"13,884.00"
2019-01-28,2019012801003458,UPPER,57,48,20,267.00,"5,340.00"
2019-01-28,2019012801003457,UPPER,7,48,20,267.00,"5,340.00"
2019-01-28,2019012801003426,UPPER,7,48,30,267.00,"8,010.00"
2019-01-28,2019012801003425,UPPER,57,48,10,267.00,"2,670.00"
2019-01-28,2019012801003424,UPPER,50,3,30,268.00,"8,040.00"
2019-01-28,2019012801003513,UPPER,33,41,50,267.00,"13,350.00"
2019-01-28,2019012801003512,UPPER,33,48,40,267.00,"10,680.00"
2019-01-28,2019012801003511,UPPER,33,21,40,267.00,"10,680.00"
2019-01-28,2019012801003487,UPPER,33,48,22,267.00,"5,874.00"
2019-01-28,2019012801003486,UPPER,34,48,10,267.00,"2,670.00"
2019-01-28,2019012801003485,UPPER,57,48,18,267.00,"4,806.00"
2019-01-28,2019012801003546,UPPER,33,22,40,267.00,"10,680.00"
2019-01-28,2019012801003536,UPPER,33,48,40,267.00,"10,680.00"
2019-01-28,2019012801003518,UPPER,33,48,40,267.00,"10,680.00"
2019-01-28,2019012801003514,UPPER,33,42,50,267.00,"13,350.00"
2019-01-28,2019012801003499,WOMI,42,22,100,"1,130.00","113,000.00"
2019-01-28,2019012801003498,WOMI,42,42,33,"1,130.00","37,290.00"
2019-01-28,2019012801002869,ADBL,14,5,"2,309",340.00,"785,060.00"
2019-01-28,2019012801002868,ADBL,14,29,173,340.00,"58,820.00"
2019-01-28,2019012801002867,ADBL,14,29,398,340.00,"135,320.00"
2019-01-28,2019012801002866,ADBL,14,40,366,340.00,"124,440.00"
2019-01-28,2019012801002865,ADBL,14,41,100,340.00,"34,000.00"
2019-01-28,2019012801003059,AKJCL,22,4,10,83.00,830.00
2019-01-28,2019012801002906,AKJCL,22,4,10,83.00,830.00
2019-01-28,2019012801002774,AKJCL,22,56,10,83.00,830.00
2019-01-28,2019012801002741,AKJCL,22,56,10,83.00,830.00
2019-01-28,2019012801002796,AKPL,22,47,13,185.00,"2,405.00"
2019-01-28,2019012801002822,AMFI,58,40,10,714.00,"7,140.00"
2019-01-28,2019012801002719,AMFI,58,7,10,714.00,"7,140.00"
2019-01-28,2019012801002617,AMFI,58,16,10,714.00,"7,140.00"
2019-01-28,2019012801002929,BARUN,39,7,10,103.00,"1,030.00"
2019-01-28,2019012801002724,BARUN,39,7,10,103.00,"1,030.00"
2019-01-28,2019012801003002,BOKL,26,28,30,254.00,"7,620.00"
2019-01-28,2019012801002731,BOKL,42,58,90,253.00,"22,770.00"
2019-01-28,2019012801002730,BOKL,32,58,50,253.00,"12,650.00"
2019-01-28,2019012801002729,BOKL,40,58,60,253.00,"15,180.00"
2019-01-28,2019012801002934,BPCL,1,7,20,365.00,"7,300.00"
2019-01-28,2019012801002885,BPCL,43,21,20,368.00,"7,360.00"
2019-01-28,2019012801002728,BPCL,1,7,20,365.00,"7,300.00"
2019-01-28,2019012801002716,BPCL,1,49,20,365.00,"7,300.00"
2019-01-28,2019012801002632,BPCL,1,16,30,365.00,"10,950.00"
2019-01-28,2019012801002618,BPCL,1,7,20,365.00,"7,300.00"
2019-01-28,2019012801002630,CBBL,19,11,80,885.00,"70,800.00"
2019-01-28,2019012801002598,CBBL,19,11,60,885.00,"53,100.00"
2019-01-28,2019012801003044,CBL,17,44,"1,000",160.00,"160,000.00"
2019-01-28,2019012801003043,CBL,17,32,540,160.00,"86,400.00"
2019-01-28,2019012801003042,CBL,17,1,437,160.00,"69,920.00"
2019-01-28,2019012801003041,CBL,17,59,970,160.00,"155,200.00"
2019-01-28,2019012801002839,CBL,49,59,20,160.00,"3,200.00"
2019-01-28,2019012801002825,CBL,49,59,10,160.00,"1,600.00"
2019-01-28,2019012801002655,CBL,21,29,183,159.00,"29,097.00"
2019-01-28,2019012801002970,CCBL,20,44,500,169.00,"84,500.00"
2019-01-28,2019012801002990,CHCL,58,54,80,532.00,"42,560.00"
2019-01-28,2019012801002790,CHCL,58,54,20,532.00,"10,640.00"
2019-01-28,2019012801002592,CIT,45,49,10,"2,694.00","26,940.00"
2019-01-28,2019012801002968,CLBSL,16,49,20,715.00,"14,300.00"
2019-01-28,2019012801002967,CLBSL,16,44,90,715.00,"64,350.00"
2019-01-28,2019012801002999,CZBIL,13,43,973,210.00,"204,330.00"
2019-01-28,2019012801002998,CZBIL,21,43,27,210.00,"5,670.00"
2019-01-28,2019012801002980,CZBIL,34,29,100,211.00,"21,100.00"
2019-01-28,2019012801002943,CZBIL,21,7,10,210.00,"2,100.00"
2019-01-28,2019012801002740,CZBIL,21,7,49,210.00,"10,290.00"
2019-01-28,2019012801002703,CZBIL,21,29,114,210.00,"23,940.00"
2019-01-28,2019012801002919,DBBL,25,13,14,125.00,"1,750.00"
2019-01-28,2019012801002713,DBBL,45,32,"1,000",126.00,"126,000.00"
2019-01-28,2019012801002621,DBBL,34,33,"1,000",126.00,"126,000.00"
2019-01-28,2019012801002584,DBBL,58,33,500,126.00,"63,000.00"
2019-01-28,2019012801002712,EBL,32,29,180,524.00,"94,320.00"
2019-01-28,2019012801002755,EDBL,28,47,30,280.00,"8,400.00"
2019-01-28,2019012801002639,EIC,33,11,323,842.00,"271,966.00"
2019-01-28,2019012801002732,FOWAD,16,49,95,"1,570.00","149,150.00"
2019-01-28,2019012801002718,GBBL,45,29,198,183.00,"36,234.00"
2019-01-28,2019012801003000,GBIME,26,54,30,263.00,"7,890.00"
2019-01-28,2019012801002977,GBIME,56,54,25,263.00,"6,575.00"
2019-01-28,2019012801002923,GBIME,21,21,1,262.00,262.00
2019-01-28,2019012801002849,GBIME,58,54,200,263.00,"52,600.00"
2019-01-28,2019012801003032,GBLBS,34,42,100,440.00,"44,000.00"
2019-01-28,2019012801002957,GBLBS,5,7,10,438.00,"4,380.00"
2019-01-28,2019012801002941,GBLBS,5,57,36,438.00,"15,768.00"
2019-01-28,2019012801002940,GBLBS,17,57,24,438.00,"10,512.00"
2019-01-28,2019012801002750,GBLBS,5,7,10,438.00,"4,380.00"
2019-01-28,2019012801002585,GBLBS,21,21,10,438.00,"4,380.00"
2019-01-28,2019012801002663,GDBL,51,37,10,188.00,"1,880.00"
2019-01-28,2019012801002658,GDBL,32,13,491,186.00,"91,326.00"
2019-01-28,2019012801002657,GDBL,32,38,215,186.00,"39,990.00"
2019-01-28,2019012801002748,GFCL,43,59,400,121.00,"48,400.00"
2019-01-28,2019012801002747,GFCL,43,51,400,120.00,"48,000.00"
2019-01-28,2019012801002807,HATH,53,40,10,123.00,"1,230.00"
2019-01-28,2019012801002956,HIDCL,50,13,15,143.00,"2,145.00"
2019-01-28,2019012801002905,HIDCL,50,22,200,143.00,"28,600.00"
2019-01-28,2019012801003066,HPPL,22,4,10,181.00,"1,810.00"
2019-01-28,2019012801002924,HPPL,22,4,10,181.00,"1,810.00"
2019-01-28,2019012801002974,JBBL,39,7,22,138.00,"3,036.00"
2019-01-28,2019012801002954,JBBL,35,50,140,140.00,"19,600.00"
2019-01-28,2019012801002953,JBBL,35,52,81,140.00,"11,340.00"
2019-01-28,2019012801002952,JBBL,35,6,84,139.00,"11,676.00"
2019-01-28,2019012801002800,JBBL,39,7,17,138.00,"2,346.00"
2019-01-28,2019012801002969,JBNL,45,28,50,167.00,"8,350.00"
2019-01-28,2019012801002789,JBNL,26,25,144,166.00,"23,904.00"
2019-01-28,2019012801002788,JBNL,26,11,460,166.00,"76,360.00"
2019-01-28,2019012801003045,KADBL,59,38,67,160.00,"10,720.00"
2019-01-28,2019012801002890,KBBL,52,29,295,213.00,"62,835.00"
2019-01-28,2019012801002889,KBBL,52,6,205,213.00,"43,665.00"
2019-01-28,2019012801002773,KBBL,53,47,30,212.00,"6,360.00"
2019-01-28,2019012801002860,KBL,45,43,50,246.00,"12,300.00"
2019-01-28,2019012801002848,KBL,28,43,37,246.00,"9,102.00"
2019-01-28,2019012801002847,KBL,28,22,50,246.00,"12,300.00"
2019-01-28,2019012801002846,KBL,28,38,213,246.00,"52,398.00"
2019-01-28,2019012801002620,KBL,51,38,650,246.00,"159,900.00"
2019-01-28,2019012801002619,KBL,51,28,"1,350",246.00,"332,100.00"
2019-01-28,2019012801002597,KBL,21,21,1,245.00,245.00
2019-01-28,2019012801002588,KBL,10,16,50,245.00,"12,250.00"
2019-01-28,2019012801003079,KPCL,45,29,10,96.00,960.00
2019-01-28,2019012801002801,KPCL,22,26,10,97.00,970.00
2019-01-28,2019012801002886,KPCL,22,29,10,97.00,970.00
2019-01-28,2019012801002920,KPCL,22,4,10,97.00,970.00
2019-01-28,2019012801002942,KPCL,22,4,10,97.00,970.00
2019-01-28,2019012801002973,KPCL,22,4,10,97.00,970.00
2019-01-28,2019012801002989,KPCL,45,4,10,96.00,960.00
2019-01-28,2019012801002976,KPCL,45,4,10,96.00,960.00
2019-01-28,2019012801002955,KSBBL,41,29,696,140.00,"97,440.00"
2019-01-28,2019012801002917,KSBBL,41,41,150,140.00,"21,000.00"
2019-01-28,2019012801002916,KSBBL,41,6,378,140.00,"52,920.00"
2019-01-28,2019012801002915,KSBBL,41,39,452,140.00,"63,280.00"
2019-01-28,2019012801002914,KSBBL,41,52,224,140.00,"31,360.00"
2019-01-28,2019012801002913,KSBBL,41,58,100,138.00,"13,800.00"
2019-01-28,2019012801002707,LBBL,51,38,10,176.00,"1,760.00"
2019-01-28,2019012801003037,LBL,55,49,313,200.00,"62,600.00"
2019-01-28,2019012801003036,LBL,55,17,50,200.00,"10,000.00"
2019-01-28,2019012801003035,LBL,55,21,87,200.00,"17,400.00"
2019-01-28,2019012801003034,LBL,55,26,50,200.00,"10,000.00"
2019-01-28,2019012801002949,LGIL,16,41,100,537.00,"53,700.00"
2019-01-28,2019012801002948,LGIL,16,33,127,536.00,"68,072.00"
2019-01-28,2019012801002784,LGIL,16,33,373,536.00,"199,928.00"
2019-01-28,2019012801002783,LGIL,16,38,127,535.00,"67,945.00"
2019-01-28,2019012801002765,LVF1,38,29,"1,000",10.10,"10,100.00"
2019-01-28,2019012801002939,MBL,34,40,"1,000",210.00,"210,000.00"
2019-01-28,2019012801002938,MBL,14,40,37,210.00,"7,770.00"
2019-01-28,2019012801002937,MBL,44,40,268,210.00,"56,280.00"
2019-01-28,2019012801002873,MBL,38,11,31,211.00,"6,541.00"
2019-01-28,2019012801002872,MBL,38,19,169,211.00,"35,659.00"
2019-01-28,2019012801002834,MBL,44,52,32,210.00,"6,720.00"
2019-01-28,2019012801002833,MBL,53,52,50,210.00,"10,500.00"
2019-01-28,2019012801002832,MBL,22,52,540,210.00,"113,400.00"
2019-01-28,2019012801002795,MBL,58,19,31,211.00,"6,541.00"
2019-01-28,2019012801002794,MBL,58,52,500,211.00,"105,500.00"
2019-01-28,2019012801002793,MBL,58,5,365,211.00,"77,015.00"
2019-01-28,2019012801002792,MBL,58,45,604,211.00,"127,444.00"
2019-01-28,2019012801003008,MEGA,17,39,"1,000",165.00,"165,000.00"
2019-01-28,2019012801003007,MEGA,17,1,550,165.00,"90,750.00"
2019-01-28,2019012801002605,MEGA,4,1,500,165.00,"82,500.00"
2019-01-28,2019012801002591,MEGA,42,1,250,165.00,"41,250.00"
2019-01-28,2019012801003033,MERO,40,52,11,"1,151.00","12,661.00"
2019-01-28,2019012801002610,MERO,40,51,30,"1,151.00","34,530.00"
2019-01-28,2019012801002767,MLBL,32,22,20,169.00,"3,380.00"
2019-01-28,2019012801002726,MLBL,4,29,90,168.00,"15,120.00"
2019-01-28,2019012801002812,MNBBL,38,56,115,349.00,"40,135.00"
2019-01-28,2019012801002720,MNBBL,13,56,10,349.00,"3,490.00"
2019-01-28,2019012801002981,MPFL,58,26,10,152.00,"1,520.00"
2019-01-28,2019012801002864,MPFL,58,26,10,155.00,"1,550.00"
2019-01-28,2019012801003065,MSMBS,45,34,200,555.00,"111,000.00"
2019-01-28,2019012801003016,NABIL,34,40,205,833.00,"170,765.00"
2019-01-28,2019012801003015,NABIL,8,40,10,833.00,"8,330.00"
2019-01-28,2019012801003014,NABIL,45,40,10,834.00,"8,340.00"
2019-01-28,2019012801003013,NABIL,40,40,24,834.00,"20,016.00"
2019-01-28,2019012801003012,NABIL,13,40,25,834.00,"20,850.00"
2019-01-28,2019012801003011,NABIL,19,40,100,834.00,"83,400.00"
2019-01-28,2019012801003010,NABIL,47,40,50,834.00,"41,700.00"
2019-01-28,2019012801003009,NABIL,19,40,76,834.00,"63,384.00"
2019-01-28,2019012801002877,NABIL,19,13,24,834.00,"20,016.00"
2019-01-28,2019012801002876,NABIL,13,13,50,834.00,"41,700.00"
2019-01-28,2019012801002875,NABIL,56,13,21,834.00,"17,514.00"
2019-01-28,2019012801003017,NABILP,49,22,50,720.00,"36,000.00"
2019-01-28,2019012801002993,NBB,17,40,"3,851",186.00,"716,286.00"
2019-01-28,2019012801002904,NBB,17,40,"1,800",186.00,"334,800.00"
2019-01-28,2019012801002903,NBB,6,40,100,186.00,"18,600.00"
2019-01-28,2019012801002902,NBB,17,40,290,186.00,"53,940.00"
2019-01-28,2019012801002778,NBB,17,47,10,186.00,"1,860.00"
2019-01-28,2019012801002996,NBL,34,36,600,290.00,"174,000.00"
