Date,Transact. No.,Symbol,Buyer,Seller,Quantity,Rate,Amount
2019-07-22,2019072201004374,ADBL,34,10,10,416.00,"4,160.00"
2019-07-22,2019072201004315,ADBL,50,43,"1,000",415.00,"415,000.00"
2019-07-22,2019072201004264,ADBL,53,10,200,416.00,"83,200.00"
2019-07-22,2019072201004216,ADBL,6,10,300,416.00,"124,800.00"
2019-07-22,2019072201004175,ADBL,57,10,200,416.00,"83,200.00"
2019-07-22,2019072201004098,ADBL,53,10,200,416.00,"83,200.00"
2019-07-22,2019072201003910,ADBL,50,59,400,415.00,"166,000.00"
2019-07-22,2019072201003909,ADBL,50,44,64,415.00,"26,560.00"
2019-07-22,2019072201004065,ADBL,50,52,200,415.00,"83,000.00"
2019-07-22,2019072201004042,ADBL,53,10,200,416.00,"83,200.00"
2019-07-22,2019072201004030,ADBL,53,10,171,416.00,"71,136.00"
2019-07-22,2019072201004029,ADBL,53,58,129,416.00,"53,664.00"
2019-07-22,2019072201004010,ADBL,22,58,200,416.00,"83,200.00"
2019-07-22,2019072201003981,ADBL,50,5,111,415.00,"46,065.00"
2019-07-22,2019072201004127,AHPC,6,13,219,109.00,"23,871.00"
2019-07-22,2019072201004126,AHPC,6,34,41,109.00,"4,469.00"
2019-07-22,2019072201004333,AKPL,44,58,100,175.00,"17,500.00"
2019-07-22,2019072201004262,AKPL,25,58,"1,787",175.00,"312,725.00"
2019-07-22,2019072201004059,AKPL,25,58,51,175.00,"8,925.00"
2019-07-22,2019072201004058,AKPL,21,58,100,175.00,"17,500.00"
2019-07-22,2019072201004057,AKPL,56,58,62,175.00,"10,850.00"
2019-07-22,2019072201004193,ALICL,35,21,20,379.00,"7,580.00"
2019-07-22,2019072201004079,ALICL,54,21,100,379.00,"37,900.00"
2019-07-22,2019072201004020,ALICL,35,11,50,378.00,"18,900.00"
2019-07-22,2019072201003929,ALICL,35,11,136,378.00,"51,408.00"
2019-07-22,2019072201004278,API,25,40,50,142.00,"7,100.00"
2019-07-22,2019072201004215,API,35,26,161,140.00,"22,540.00"
2019-07-22,2019072201004214,API,43,26,739,140.00,"103,460.00"
2019-07-22,2019072201004213,API,19,26,500,141.00,"70,500.00"
2019-07-22,2019072201004212,API,33,26,100,141.00,"14,100.00"
2019-07-22,2019072201003940,API,25,40,35,142.00,"4,970.00"
2019-07-22,2019072201004217,BOKL,53,49,400,265.00,"106,000.00"
2019-07-22,2019072201004132,BOKL,53,49,621,264.00,"163,944.00"
2019-07-22,2019072201004051,BOKL,13,49,600,264.00,"158,400.00"
2019-07-22,2019072201004207,BPCL,33,34,13,413.00,"5,369.00"
2019-07-22,2019072201004206,BPCL,33,45,25,410.00,"10,250.00"
2019-07-22,2019072201004205,BPCL,33,17,22,410.00,"9,020.00"
2019-07-22,2019072201003995,BPCL,26,41,10,409.00,"4,090.00"
2019-07-22,2019072201004096,CBBL,4,44,30,977.00,"29,310.00"
2019-07-22,2019072201004095,CBBL,4,48,342,977.00,"334,134.00"
2019-07-22,2019072201004094,CBBL,4,52,14,976.00,"13,664.00"
2019-07-22,2019072201004293,CBL,43,28,10,164.00,"1,640.00"
2019-07-22,2019072201004277,CBL,50,34,100,163.00,"16,300.00"
2019-07-22,2019072201004080,CBL,57,45,921,163.00,"150,123.00"
2019-07-22,2019072201004025,CBL,58,21,500,163.00,"81,500.00"
2019-07-22,2019072201004024,CBL,5,45,50,163.00,"8,150.00"
2019-07-22,2019072201004023,CBL,36,45,29,163.00,"4,727.00"
2019-07-22,2019072201003952,CBL,36,34,71,163.00,"11,573.00"
2019-07-22,2019072201003951,CBL,32,34,144,163.00,"23,472.00"
2019-07-22,2019072201003890,CHL,43,29,30,89.00,"2,670.00"
2019-07-22,2019072201004252,CIT,57,29,122,"2,470.00","301,340.00"
2019-07-22,2019072201004251,CIT,57,38,50,"2,460.00","123,000.00"
2019-07-22,2019072201004250,CIT,57,51,50,"2,460.00","123,000.00"
2019-07-22,2019072201004249,CIT,57,45,25,"2,458.00","61,450.00"
2019-07-22,2019072201004248,CIT,57,39,10,"2,458.00","24,580.00"
2019-07-22,2019072201004247,CIT,57,40,30,"2,457.00","73,710.00"
2019-07-22,2019072201004060,CIT,33,39,30,"2,458.00","73,740.00"
2019-07-22,2019072201004322,CMF1,33,3,"1,000",9.90,"9,900.00"
2019-07-22,2019072201004221,CZBIL,34,46,10,228.00,"2,280.00"
2019-07-22,2019072201004113,CZBIL,38,41,490,227.00,"111,230.00"
2019-07-22,2019072201004112,CZBIL,41,41,140,227.00,"31,780.00"
2019-07-22,2019072201004101,CZBIL,41,49,60,227.00,"13,620.00"
2019-07-22,2019072201004100,CZBIL,39,49,40,227.00,"9,080.00"
2019-07-22,2019072201004044,CZBIL,39,52,60,227.00,"13,620.00"
2019-07-22,2019072201004043,CZBIL,22,52,40,227.00,"9,080.00"
2019-07-22,2019072201004370,DBBL,14,37,522,150.00,"78,300.00"
2019-07-22,2019072201004369,DBBL,14,37,"1,000",150.00,"150,000.00"
2019-07-22,2019072201004368,DBBL,14,57,100,150.00,"15,000.00"
2019-07-22,2019072201004367,DBBL,14,26,"1,000",150.00,"150,000.00"
2019-07-22,2019072201004366,DBBL,14,37,"1,000",150.00,"150,000.00"
2019-07-22,2019072201004365,DBBL,14,37,"1,000",150.00,"150,000.00"
2019-07-22,2019072201004331,DBBL,25,50,200,149.00,"29,800.00"
2019-07-22,2019072201004330,DBBL,25,38,800,149.00,"119,200.00"
2019-07-22,2019072201004309,DBBL,32,38,100,149.00,"14,900.00"
2019-07-22,2019072201003923,DBBL,51,10,99,148.00,"14,652.00"
2019-07-22,2019072201004364,DBBL,14,37,900,150.00,"135,000.00"
2019-07-22,2019072201004363,DBBL,14,52,495,149.00,"73,755.00"
2019-07-22,2019072201004362,DBBL,14,46,"1,284",149.00,"191,316.00"
2019-07-22,2019072201004361,DBBL,14,29,99,149.00,"14,751.00"
2019-07-22,2019072201004360,DBBL,14,57,"2,000",149.00,"298,000.00"
2019-07-22,2019072201004359,DBBL,14,50,600,149.00,"89,400.00"
2019-07-22,2019072201004078,DDBL,45,6,100,749.00,"74,900.00"
2019-07-22,2019072201004077,DDBL,45,44,30,745.00,"22,350.00"
2019-07-22,2019072201004076,DDBL,45,36,50,742.00,"37,100.00"
2019-07-22,2019072201004075,DDBL,45,50,50,741.00,"37,050.00"
2019-07-22,2019072201004032,DDBL,33,38,300,740.00,"222,000.00"
2019-07-22,2019072201003931,DDBL,52,38,100,739.00,"73,900.00"
2019-07-22,2019072201003930,DDBL,52,38,50,739.00,"36,950.00"
2019-07-22,2019072201004195,EBL,50,45,25,669.00,"16,725.00"
2019-07-22,2019072201004039,EBL,50,50,88,669.00,"58,872.00"
2019-07-22,2019072201003908,EBL,50,26,60,669.00,"40,140.00"
2019-07-22,2019072201004082,EDBL,41,36,50,283.00,"14,150.00"
2019-07-22,2019072201003938,EIC,45,17,100,365.00,"36,500.00"
2019-07-22,2019072201003937,EIC,45,17,200,365.00,"73,000.00"
2019-07-22,2019072201003936,EIC,21,17,117,365.00,"42,705.00"
2019-07-22,2019072201003935,EIC,39,17,65,366.00,"23,790.00"
2019-07-22,2019072201003934,EIC,17,17,284,366.00,"103,944.00"
2019-07-22,2019072201004377,FMDBL,34,42,50,385.00,"19,250.00"
2019-07-22,2019072201004162,FMDBL,34,45,40,385.00,"15,400.00"
2019-07-22,2019072201004084,FMDBL,34,20,51,385.00,"19,635.00"
2019-07-22,2019072201003927,FMDBL,34,19,500,389.00,"194,500.00"
2019-07-22,2019072201003926,FMDBL,34,22,100,388.00,"38,800.00"
2019-07-22,2019072201003925,FMDBL,34,56,300,388.00,"116,400.00"
2019-07-22,2019072201003924,FMDBL,34,50,400,388.00,"155,200.00"
2019-07-22,2019072201004299,GBBL,43,43,900,226.00,"203,400.00"
2019-07-22,2019072201004273,GBBL,48,43,100,226.00,"22,600.00"
2019-07-22,2019072201004241,GBBL,26,43,"1,000",226.00,"226,000.00"
2019-07-22,2019072201004353,GLBSL,33,59,10,394.00,"3,940.00"
2019-07-22,2019072201004104,GLBSL,33,16,10,394.00,"3,940.00"
2019-07-22,2019072201004003,GMFBS,38,34,110,474.00,"52,140.00"
2019-07-22,2019072201004002,GMFBS,38,37,10,474.00,"4,740.00"
2019-07-22,2019072201004001,GMFBS,38,25,30,473.00,"14,190.00"
2019-07-22,2019072201004000,GMFBS,38,21,50,472.00,"23,600.00"
2019-07-22,2019072201003913,GMFBS,1,6,10,469.00,"4,690.00"
2019-07-22,2019072201003968,GRDBL,53,32,100,116.00,"11,600.00"
2019-07-22,2019072201003967,GRDBL,6,32,85,116.00,"9,860.00"
2019-07-22,2019072201004339,GUFL,56,5,500,121.00,"60,500.00"
2019-07-22,2019072201004047,HBL,38,25,190,562.00,"106,780.00"
2019-07-22,2019072201004033,HBL,38,22,500,562.00,"281,000.00"
2019-07-22,2019072201004008,HBL,38,32,400,562.00,"224,800.00"
2019-07-22,2019072201003966,HBL,38,58,155,562.00,"87,110.00"
2019-07-22,2019072201004279,HDL,33,19,10,"1,635.00","16,350.00"
2019-07-22,2019072201003989,HDL,45,17,50,"1,617.00","80,850.00"
2019-07-22,2019072201003988,HDL,35,17,50,"1,619.00","80,950.00"
2019-07-22,2019072201003987,HDL,44,17,40,"1,620.00","64,800.00"
2019-07-22,2019072201003986,HDL,45,17,10,"1,620.00","16,200.00"
2019-07-22,2019072201003985,HDL,57,17,25,"1,621.00","40,525.00"
2019-07-22,2019072201004152,HIDCL,43,6,20,162.00,"3,240.00"
2019-07-22,2019072201004062,HIDCL,1,29,30,160.00,"4,800.00"
2019-07-22,2019072201004275,HURJA,6,57,100,143.00,"14,300.00"
2019-07-22,2019072201004026,ILBS,51,17,10,392.00,"3,920.00"
2019-07-22,2019072201003980,ILBS,51,3,10,392.00,"3,920.00"
2019-07-22,2019072201003903,ILBS,51,46,10,392.00,"3,920.00"
2019-07-22,2019072201004378,JBBL,58,59,75,167.00,"12,525.00"
2019-07-22,2019072201004274,JBBL,58,59,25,167.00,"4,175.00"
2019-07-22,2019072201003887,JBBL,58,59,50,167.00,"8,350.00"
2019-07-22,2019072201003992,JFL,17,54,190,183.00,"34,770.00"
2019-07-22,2019072201003999,JSLBB,34,54,10,963.00,"9,630.00"
2019-07-22,2019072201004064,KBL,49,52,50,223.00,"11,150.00"
2019-07-22,2019072201004006,KBL,43,11,425,221.00,"93,925.00"
2019-07-22,2019072201003972,KBL,16,52,100,223.00,"22,300.00"
2019-07-22,2019072201003998,KPCL,21,44,10,92.00,920.00
2019-07-22,2019072201003928,KRBL,58,42,300,115.00,"34,500.00"
2019-07-22,2019072201004371,KSBBL,19,42,30,160.00,"4,800.00"
2019-07-22,2019072201004340,LBBL,33,54,"1,000",208.00,"208,000.00"
2019-07-22,2019072201004091,LBBL,33,25,600,208.00,"124,800.00"
2019-07-22,2019072201004090,LBBL,33,58,"1,000",208.00,"208,000.00"
2019-07-22,2019072201004220,LBBL,49,54,500,208.00,"104,000.00"
2019-07-22,2019072201004208,LBBL,49,54,"1,000",208.00,"208,000.00"
2019-07-22,2019072201003943,LBL,39,22,64,227.00,"14,528.00"
2019-07-22,2019072201003939,LBL,46,16,300,228.00,"68,400.00"
2019-07-22,2019072201003933,LBL,39,5,17,227.00,"3,859.00"
2019-07-22,2019072201003932,LBL,47,5,183,227.00,"41,541.00"
2019-07-22,2019072201003997,LGIL,34,28,50,436.00,"21,800.00"
2019-07-22,2019072201003996,LGIL,34,42,899,435.00,"391,065.00"
2019-07-22,2019072201003994,LGIL,37,11,50,431.00,"21,550.00"
2019-07-22,2019072201004355,LICN,58,58,7,"1,580.00","11,060.00"
2019-07-22,2019072201004225,MBL,57,28,200,271.00,"54,200.00"
2019-07-22,2019072201004224,MBL,52,28,50,271.00,"13,550.00"
2019-07-22,2019072201004223,MBL,1,28,50,271.00,"13,550.00"
2019-07-22,2019072201004222,MBL,50,28,700,271.00,"189,700.00"
2019-07-22,2019072201003978,MBL,50,50,300,271.00,"81,300.00"
2019-07-22,2019072201003977,MBL,40,50,100,271.00,"27,100.00"
2019-07-22,2019072201003912,MBL,46,28,300,273.00,"81,900.00"
2019-07-22,2019072201003976,MBL,38,50,500,271.00,"135,500.00"
2019-07-22,2019072201003975,MBL,16,50,100,271.00,"27,100.00"
2019-07-22,2019072201003956,MBL,16,43,900,271.00,"243,900.00"
2019-07-22,2019072201003955,MBL,43,43,500,271.00,"135,500.00"
2019-07-22,2019072201003954,MBL,57,43,100,271.00,"27,100.00"
2019-07-22,2019072201003941,MBL,56,58,500,272.00,"136,000.00"
2019-07-22,2019072201004351,MEGA,8,17,40,214.00,"8,560.00"
2019-07-22,2019072201004306,MEGA,43,57,10,215.00,"2,150.00"
2019-07-22,2019072201004290,MEGA,8,58,390,214.00,"83,460.00"
2019-07-22,2019072201004289,MEGA,36,58,10,214.00,"2,140.00"
2019-07-22,2019072201004272,MEGA,3,57,19,215.00,"4,085.00"
2019-07-22,2019072201004167,MEGA,36,55,390,214.00,"83,460.00"
2019-07-22,2019072201004159,MEGA,8,51,430,215.00,"92,450.00"
2019-07-22,2019072201004129,MEGA,3,51,10,215.00,"2,150.00"
2019-07-22,2019072201003983,MEGA,38,29,90,214.00,"19,260.00"
2019-07-22,2019072201003982,MEGA,8,29,154,214.00,"32,956.00"
2019-07-22,2019072201003907,MEGA,8,34,200,214.00,"42,800.00"
2019-07-22,2019072201004166,MEGA,26,55,200,214.00,"42,800.00"
2019-07-22,2019072201004165,MEGA,6,55,200,214.00,"42,800.00"
2019-07-22,2019072201004164,MEGA,52,55,100,214.00,"21,400.00"
2019-07-22,2019072201004163,MEGA,38,55,110,214.00,"23,540.00"
2019-07-22,2019072201004161,MEGA,8,57,59,215.00,"12,685.00"
2019-07-22,2019072201004160,MEGA,8,57,11,215.00,"2,365.00"
2019-07-22,2019072201004203,MERO,21,29,17,516.00,"8,772.00"
2019-07-22,2019072201004157,MERO,41,29,17,516.00,"8,772.00"
2019-07-22,2019072201004041,MERO,36,36,33,517.00,"17,061.00"
2019-07-22,2019072201004130,MFIL,1,4,600,126.00,"75,600.00"
2019-07-22,2019072201004121,MLBL,50,36,838,199.00,"166,762.00"
2019-07-22,2019072201004120,MLBL,33,36,500,199.00,"99,500.00"
2019-07-22,2019072201004119,MLBL,33,36,322,199.00,"64,078.00"
2019-07-22,2019072201004347,MNBBL,4,6,493,378.00,"186,354.00"
2019-07-22,2019072201004346,MNBBL,4,6,507,379.00,"192,153.00"
2019-07-22,2019072201004329,MNBBL,4,6,68,379.00,"25,772.00"
2019-07-22,2019072201004310,MNBBL,4,6,"1,000",379.00,"379,000.00"
2019-07-22,2019072201004305,MNBBL,4,6,"1,000",379.00,"379,000.00"
2019-07-22,2019072201004067,MNBBL,4,6,800,380.00,"304,000.00"
2019-07-22,2019072201003915,MNBBL,19,6,39,380.00,"14,820.00"
2019-07-22,2019072201003914,MNBBL,19,32,34,380.00,"12,920.00"
2019-07-22,2019072201004269,MNBBL,4,6,425,379.00,"161,075.00"
2019-07-22,2019072201004268,MNBBL,48,6,50,379.00,"18,950.00"
2019-07-22,2019072201004267,MNBBL,6,6,250,379.00,"94,750.00"
2019-07-22,2019072201004266,MNBBL,48,6,275,379.00,"104,225.00"
2019-07-22,2019072201004141,MSLB,14,19,16,971.00,"15,536.00"
2019-07-22,2019072201003942,MSLB,33,50,62,975.00,"60,450.00"
2019-07-22,2019072201003921,MSLB,33,44,26,975.00,"25,350.00"
2019-07-22,2019072201004358,NABIL,19,43,209,805.00,"168,245.00"
2019-07-22,2019072201004357,NABIL,59,43,240,805.00,"193,200.00"
2019-07-22,2019072201004356,NABIL,45,43,51,805.00,"41,055.00"
2019-07-22,2019072201004265,NABIL,48,39,29,807.00,"23,403.00"
2019-07-22,2019072201004218,NABIL,48,43,21,806.00,"16,926.00"
2019-07-22,2019072201004140,NABIL,17,43,279,806.00,"224,874.00"
2019-07-22,2019072201004139,NABIL,17,3,450,806.00,"362,700.00"
2019-07-22,2019072201004138,NABIL,17,44,271,806.00,"218,426.00"
2019-07-22,2019072201004108,NABIL,50,44,500,806.00,"403,000.00"
2019-07-22,2019072201004068,NABIL,45,44,25,806.00,"20,150.00"
2019-07-22,2019072201003991,NABIL,45,3,244,805.00,"196,420.00"
2019-07-22,2019072201003990,NABIL,19,3,356,805.00,"286,580.00"
2019-07-22,2019072201004286,NADEP,34,34,10,428.00,"4,280.00"
2019-07-22,2019072201004053,NADEP,36,36,20,420.00,"8,400.00"
2019-07-22,2019072201004284,NAGRO,41,54,60,503.00,"30,180.00"
2019-07-22,2019072201004153,NAGRO,21,54,10,504.00,"5,040.00"
2019-07-22,2019072201004352,NBB,51,5,10,227.00,"2,270.00"
2019-07-22,2019072201004326,NBB,53,42,150,226.00,"33,900.00"
2019-07-22,2019072201004381,NBL,33,38,20,343.00,"6,860.00"
2019-07-22,2019072201004341,NBL,6,58,400,342.00,"136,800.00"
2019-07-22,2019072201004337,NBL,6,52,100,342.00,"34,200.00"
2019-07-22,2019072201004307,NBL,51,38,"1,200",343.00,"411,600.00"
2019-07-22,2019072201004288,NBL,51,38,242,343.00,"83,006.00"
2019-07-22,2019072201004287,NBL,51,38,958,343.00,"328,594.00"
2019-07-22,2019072201004045,NBL,6,5,100,342.00,"34,200.00"
2019-07-22,2019072201004019,NBL,53,57,300,343.00,"102,900.00"
2019-07-22,2019072201004171,NBL,59,58,127,343.00,"43,561.00"
2019-07-22,2019072201004170,NBL,59,51,40,343.00,"13,720.00"
2019-07-22,2019072201004169,NBL,59,7,200,343.00,"68,600.00"
2019-07-22,2019072201004168,NBL,59,57,133,343.00,"45,619.00"
2019-07-22,2019072201004105,NBL,53,57,200,343.00,"68,600.00"
2019-07-22,2019072201004050,NBL,53,57,200,343.00,"68,600.00"
2019-07-22,2019072201004239,NBL,51,39,607,343.00,"208,201.00"
2019-07-22,2019072201004238,NBL,14,39,100,343.00,"34,300.00"
2019-07-22,2019072201004219,NBL,18,39,500,343.00,"171,500.00"
2019-07-22,2019072201004211,NBL,51,39,777,343.00,"266,511.00"
2019-07-22,2019072201004210,NBL,51,58,423,343.00,"145,089.00"
2019-07-22,2019072201004182,NBL,53,58,150,343.00,"51,450.00"
2019-07-22,2019072201004282,NBL,55,38,"1,000",343.00,"343,000.00"
2019-07-22,2019072201004271,NBL,51,38,"1,000",343.00,"343,000.00"
2019-07-22,2019072201004270,NBL,51,53,200,343.00,"68,600.00"
2019-07-22,2019072201004243,NBL,53,38,42,343.00,"14,406.00"
2019-07-22,2019072201004242,NBL,53,39,158,343.00,"54,194.00"
2019-07-22,2019072201004240,NBL,51,39,593,343.00,"203,399.00"
2019-07-22,2019072201003901,NCCB,53,22,300,250.00,"75,000.00"
2019-07-22,2019072201004128,NEF,1,35,483,8.35,"4,033.05"
2019-07-22,2019072201004191,NIB,44,16,10,515.00,"5,150.00"
2019-07-22,2019072201004190,NIB,47,16,100,515.00,"51,500.00"
2019-07-22,2019072201004189,NIB,37,16,100,515.00,"51,500.00"
2019-07-22,2019072201004188,NIB,21,16,150,515.00,"77,250.00"
2019-07-22,2019072201004187,NIB,26,16,210,515.00,"108,150.00"
2019-07-22,2019072201004186,NIB,22,16,100,515.00,"51,500.00"
2019-07-22,2019072201004185,NIB,49,16,12,515.00,"6,180.00"
2019-07-22,2019072201004154,NIB,10,16,31,517.00,"16,027.00"
2019-07-22,2019072201004134,NIB,49,13,38,515.00,"19,570.00"
2019-07-22,2019072201004133,NIB,32,13,65,515.00,"33,475.00"
2019-07-22,2019072201004102,NIB,32,20,35,515.00,"18,025.00"
2019-07-22,2019072201004319,NIBPO,39,35,10,480.00,"4,800.00"
2019-07-22,2019072201004373,NICA,19,45,91,463.00,"42,133.00"
2019-07-22,2019072201004372,NICA,19,6,409,463.00,"189,367.00"
2019-07-22,2019072201004345,NICA,19,6,591,463.00,"273,633.00"
2019-07-22,2019072201004304,NICA,52,52,921,463.00,"426,423.00"
2019-07-22,2019072201004194,NICA,57,52,50,463.00,"23,150.00"
2019-07-22,2019072201004069,NICA,50,22,500,462.00,"231,000.00"
2019-07-22,2019072201004063,NICA,50,22,490,462.00,"226,380.00"
2019-07-22,2019072201003920,NICA,50,49,"1,381",462.00,"638,022.00"
2019-07-22,2019072201003919,NICA,37,49,300,462.00,"138,600.00"
2019-07-22,2019072201003918,NICA,56,49,117,462.00,"54,054.00"
2019-07-22,2019072201003892,NICA,56,58,23,462.00,"10,626.00"
2019-07-22,2019072201004123,NICL,54,34,10,350.00,"3,500.00"
2019-07-22,2019072201004118,NICL,25,34,15,350.00,"5,250.00"
2019-07-22,2019072201004007,NICL,42,13,222,348.00,"77,256.00"
2019-07-22,2019072201003922,NICL,25,34,15,350.00,"5,250.00"
2019-07-22,2019072201004335,NIL,5,34,100,488.00,"48,800.00"
2019-07-22,2019072201004283,NIL,5,42,100,487.00,"48,700.00"
2019-07-22,2019072201004071,NIL,21,7,150,485.00,"72,750.00"
2019-07-22,2019072201004070,NIL,44,7,50,485.00,"24,250.00"
2019-07-22,2019072201004276,NLBBL,20,29,36,520.00,"18,720.00"
2019-07-22,2019072201004237,NLBBL,38,59,50,519.00,"25,950.00"
2019-07-22,2019072201004236,NLBBL,38,40,50,519.00,"25,950.00"
2019-07-22,2019072201004192,NLBBL,20,43,53,519.00,"27,507.00"
2019-07-22,2019072201004125,NLBBL,38,40,50,518.00,"25,900.00"
2019-07-22,2019072201004124,NLBBL,38,21,50,518.00,"25,900.00"
2019-07-22,2019072201004022,NLBBL,20,43,160,519.00,"83,040.00"
2019-07-22,2019072201004021,NLBBL,20,40,40,519.00,"20,760.00"
2019-07-22,2019072201003958,NLBBL,21,40,10,519.00,"5,190.00"
2019-07-22,2019072201003883,NLBBL,58,43,150,515.00,"77,250.00"
2019-07-22,2019072201003882,NLBBL,58,41,15,515.00,"7,725.00"
2019-07-22,2019072201004280,NLIC,6,4,20,890.00,"17,800.00"
2019-07-22,2019072201004174,NLIC,5,4,136,891.00,"121,176.00"
2019-07-22,2019072201004173,NLIC,5,4,54,891.00,"48,114.00"
2019-07-22,2019072201004172,NLIC,5,45,60,890.00,"53,400.00"
2019-07-22,2019072201004136,NLIC,10,45,10,890.00,"8,900.00"
2019-07-22,2019072201004015,NLIC,6,4,50,890.00,"44,500.00"
2019-07-22,2019072201004014,NLIC,6,4,60,890.00,"53,400.00"
2019-07-22,2019072201004013,NLIC,13,4,20,890.00,"17,800.00"
2019-07-22,2019072201004012,NLIC,1,4,50,890.00,"44,500.00"
2019-07-22,2019072201003891,NLIC,57,4,15,891.00,"13,365.00"
2019-07-22,2019072201004344,NLICL,43,29,10,605.00,"6,050.00"
2019-07-22,2019072201004343,NLICL,43,46,50,602.00,"30,100.00"
2019-07-22,2019072201004342,NLICL,43,46,100,600.00,"60,000.00"
2019-07-22,2019072201003886,NLICL,6,39,600,600.00,"360,000.00"
2019-07-22,2019072201003885,NLICL,6,49,"1,400",600.00,"840,000.00"
2019-07-22,2019072201004137,NMBHF1,28,35,416,9.71,"4,039.36"
2019-07-22,2019072201004052,NMBMF,6,6,6,"1,060.00","6,360.00"
2019-07-22,2019072201004245,NMFBS,52,33,10,"1,475.00","14,750.00"
2019-07-22,2019072201004031,NSEWA,43,44,10,392.00,"3,920.00"
2019-07-22,2019072201003889,NTC,53,34,"1,410",699.00,"985,590.00"
2019-07-22,2019072201003888,NTC,17,34,150,699.00,"104,850.00"
2019-07-22,2019072201004354,NUBL,14,22,36,870.00,"31,320.00"
2019-07-22,2019072201004318,NUBL,4,53,36,864.00,"31,104.00"
2019-07-22,2019072201004093,NUBL,4,59,500,864.00,"432,000.00"
2019-07-22,2019072201004325,PCBL,53,38,51,288.00,"14,688.00"
2019-07-22,2019072201004324,PCBL,53,22,300,288.00,"86,400.00"
2019-07-22,2019072201004323,PCBL,53,28,101,288.00,"29,088.00"
2019-07-22,2019072201004314,PCBL,53,28,49,288.00,"14,112.00"
2019-07-22,2019072201004313,PCBL,53,49,100,288.00,"28,800.00"
2019-07-22,2019072201004312,PCBL,53,43,251,287.00,"72,037.00"
2019-07-22,2019072201004311,PCBL,53,13,100,287.00,"28,700.00"
2019-07-22,2019072201004116,PCBL,53,20,12,286.00,"3,432.00"
2019-07-22,2019072201003959,PCBL,53,22,36,286.00,"10,296.00"
2019-07-22,2019072201004256,PIC,51,35,65,491.00,"31,915.00"
2019-07-22,2019072201004255,PIC,51,8,35,490.00,"17,150.00"
2019-07-22,2019072201004117,PLIC,33,17,64,434.00,"27,776.00"
2019-07-22,2019072201004281,PMHPL,29,59,10,108.00,"1,080.00"
2019-07-22,2019072201004254,PMHPL,29,59,10,108.00,"1,080.00"
2019-07-22,2019072201004380,PRVU,51,8,10,276.00,"2,760.00"
2019-07-22,2019072201004350,PRVU,34,8,249,276.00,"68,724.00"
2019-07-22,2019072201004349,PRVU,34,58,251,276.00,"69,276.00"
2019-07-22,2019072201004263,PRVU,46,22,"1,000",275.00,"275,000.00"
2019-07-22,2019072201004261,PRVU,14,58,449,276.00,"123,924.00"
2019-07-22,2019072201004260,PRVU,14,17,51,276.00,"14,076.00"
2019-07-22,2019072201004048,PRVU,50,42,650,275.00,"178,750.00"
2019-07-22,2019072201004040,PRVU,50,22,16,275.00,"4,400.00"
2019-07-22,2019072201003965,PRVU,34,17,500,276.00,"138,000.00"
2019-07-22,2019072201004253,PRVU,46,10,40,275.00,"11,000.00"
2019-07-22,2019072201004158,PRVU,53,17,150,276.00,"41,400.00"
2019-07-22,2019072201004135,PRVU,46,20,30,275.00,"8,250.00"
2019-07-22,2019072201004111,PRVU,46,8,702,275.00,"193,050.00"
2019-07-22,2019072201004110,PRVU,1,8,10,275.00,"2,750.00"
2019-07-22,2019072201004109,PRVU,50,8,288,275.00,"79,200.00"
2019-07-22,2019072201004320,RBCLPO,20,56,20,"8,520.00","170,400.00"
2019-07-22,2019072201004066,RHPC,25,13,99,90.00,"8,910.00"
2019-07-22,2019072201004296,RMDC,28,28,382,668.00,"255,176.00"
2019-07-22,2019072201004295,RMDC,56,28,100,669.00,"66,900.00"
2019-07-22,2019072201004294,RMDC,21,28,569,670.00,"381,230.00"
2019-07-22,2019072201004092,RMDC,29,6,100,674.00,"67,400.00"
2019-07-22,2019072201004122,RSDC,34,36,30,341.00,"10,230.00"
2019-07-22,2019072201004379,SADBL,59,49,100,158.00,"15,800.00"
2019-07-22,2019072201004107,SANIMA,6,21,100,355.00,"35,500.00"
2019-07-22,2019072201004106,SANIMA,6,57,200,355.00,"71,000.00"
2019-07-22,2019072201004308,SBI,50,3,188,475.00,"89,300.00"
2019-07-22,2019072201004177,SBI,48,44,148,474.00,"70,152.00"
2019-07-22,2019072201004176,SBI,48,34,275,473.00,"130,075.00"
2019-07-22,2019072201004086,SBI,45,34,519,473.00,"245,487.00"
2019-07-22,2019072201004074,SBI,50,40,220,472.00,"103,840.00"
2019-07-22,2019072201004073,SBI,50,44,22,471.00,"10,362.00"
2019-07-22,2019072201004072,SBI,50,35,70,471.00,"32,970.00"
2019-07-22,2019072201004338,SBL,51,28,10,324.00,"3,240.00"
2019-07-22,2019072201004151,SBL,57,28,50,323.00,"16,150.00"
2019-07-22,2019072201004150,SBL,34,28,450,323.00,"145,350.00"
2019-07-22,2019072201004149,SBL,59,28,500,323.00,"161,500.00"
2019-07-22,2019072201004148,SBL,32,28,"1,000",323.00,"323,000.00"
2019-07-22,2019072201004147,SBL,36,28,10,324.00,"3,240.00"
2019-07-22,2019072201004038,SBL,32,34,753,324.00,"243,972.00"
2019-07-22,2019072201003973,SBL,25,17,887,325.00,"288,275.00"
2019-07-22,2019072201003904,SBL,25,44,113,325.00,"36,725.00"
2019-07-22,2019072201004146,SBL,25,28,150,324.00,"48,600.00"
2019-07-22,2019072201004145,SBL,59,28,500,324.00,"162,000.00"
2019-07-22,2019072201004144,SBL,58,28,100,324.00,"32,400.00"
2019-07-22,2019072201004143,SBL,48,28,100,324.00,"32,400.00"
2019-07-22,2019072201004142,SBL,32,28,"1,063",324.00,"344,412.00"
2019-07-22,2019072201004056,SBL,32,50,150,324.00,"48,600.00"
2019-07-22,2019072201004321,SCB,45,52,29,679.00,"19,691.00"
2019-07-22,2019072201004316,SCB,50,52,360,679.00,"244,440.00"
2019-07-22,2019072201004303,SCB,21,52,10,679.00,"6,790.00"
2019-07-22,2019072201004089,SCB,50,22,100,678.00,"67,800.00"
2019-07-22,2019072201004088,SCB,50,45,20,678.00,"13,560.00"
2019-07-22,2019072201004087,SCB,50,45,20,678.00,"13,560.00"
2019-07-22,2019072201004009,SCB,43,11,50,676.00,"33,800.00"
2019-07-22,2019072201003984,SDESI,34,44,12,569.00,"6,828.00"
2019-07-22,2019072201003953,SDESI,34,44,23,569.00,"13,087.00"
2019-07-22,2019072201004061,SEF,17,53,"2,600",9.80,"25,480.00"
2019-07-22,2019072201004046,SEF,13,53,"2,400",9.82,"23,568.00"
2019-07-22,2019072201004285,SHINE,34,57,192,250.00,"48,000.00"
2019-07-22,2019072201004257,SHINE,45,57,114,251.00,"28,614.00"
2019-07-22,2019072201003979,SHINE,41,57,394,252.00,"99,288.00"
2019-07-22,2019072201004317,SHIVM,42,5,200,625.00,"125,000.00"
2019-07-22,2019072201004246,SHIVM,32,58,325,626.00,"203,450.00"
2019-07-22,2019072201004181,SHIVM,32,7,100,626.00,"62,600.00"
2019-07-22,2019072201004180,SHIVM,32,14,50,626.00,"31,300.00"
2019-07-22,2019072201004179,SHIVM,32,14,100,626.00,"62,600.00"
2019-07-22,2019072201004178,SHIVM,32,48,425,625.00,"265,625.00"
2019-07-22,2019072201003897,SHIVM,38,38,100,622.00,"62,200.00"
2019-07-22,2019072201003896,SHIVM,32,38,15,622.00,"9,330.00"
2019-07-22,2019072201003895,SHIVM,41,38,200,622.00,"124,400.00"
2019-07-22,2019072201003894,SHIVM,42,38,140,622.00,"87,080.00"
2019-07-22,2019072201003893,SHIVM,51,38,40,623.00,"24,920.00"
2019-07-22,2019072201003917,SHIVM,51,21,60,621.00,"37,260.00"
2019-07-22,2019072201003916,SHIVM,10,21,40,621.00,"24,840.00"
2019-07-22,2019072201003902,SHIVM,10,21,10,621.00,"6,210.00"
2019-07-22,2019072201003900,SHIVM,39,38,300,622.00,"186,600.00"
2019-07-22,2019072201003899,SHIVM,42,38,100,622.00,"62,200.00"
2019-07-22,2019072201003898,SHIVM,43,38,100,622.00,"62,200.00"
2019-07-22,2019072201003949,SHIVM,22,40,300,621.00,"186,300.00"
2019-07-22,2019072201003948,SHIVM,35,40,100,621.00,"62,100.00"
2019-07-22,2019072201003947,SHIVM,43,40,70,621.00,"43,470.00"
2019-07-22,2019072201003946,SHIVM,52,40,100,621.00,"62,100.00"
2019-07-22,2019072201003945,SHIVM,45,40,12,621.00,"7,452.00"
2019-07-22,2019072201003944,SHIVM,51,40,40,621.00,"24,840.00"
2019-07-22,2019072201004004,SHIVM,39,40,18,621.00,"11,178.00"
2019-07-22,2019072201003993,SHIVM,22,40,300,621.00,"186,300.00"
2019-07-22,2019072201003974,SHIVM,39,40,300,621.00,"186,300.00"
2019-07-22,2019072201003971,SHIVM,42,34,50,620.00,"31,000.00"
2019-07-22,2019072201003969,SHIVM,39,40,300,621.00,"186,300.00"
2019-07-22,2019072201003957,SHIVM,50,40,200,621.00,"124,200.00"
2019-07-22,2019072201004156,SHIVM,45,48,200,625.00,"125,000.00"
2019-07-22,2019072201004155,SHIVM,57,48,160,625.00,"100,000.00"
2019-07-22,2019072201004097,SHIVM,52,34,200,624.00,"124,800.00"
2019-07-22,2019072201004085,SHIVM,11,34,100,624.00,"62,400.00"
2019-07-22,2019072201004017,SHIVM,51,6,680,621.00,"422,280.00"
2019-07-22,2019072201004005,SHIVM,39,34,30,621.00,"18,630.00"
2019-07-22,2019072201004334,SHL,51,53,100,234.00,"23,400.00"
2019-07-22,2019072201004327,SHL,32,17,140,232.00,"32,480.00"
2019-07-22,2019072201004348,SHPC,47,49,450,250.00,"112,500.00"
2019-07-22,2019072201004332,SHPC,47,49,500,250.00,"125,000.00"
2019-07-22,2019072201004183,SHPC,35,49,50,250.00,"12,500.00"
2019-07-22,2019072201004114,SHPC,17,44,100,252.00,"25,200.00"
2019-07-22,2019072201004037,SHPC,37,49,"1,000",250.00,"250,000.00"
2019-07-22,2019072201004036,SHPC,51,49,"1,000",250.00,"250,000.00"
2019-07-22,2019072201004035,SHPC,19,49,300,250.00,"75,000.00"
2019-07-22,2019072201004018,SHPC,34,56,199,250.00,"49,750.00"
2019-07-22,2019072201003911,SHPC,34,36,40,250.00,"10,000.00"
2019-07-22,2019072201004259,SICL,5,49,100,789.00,"78,900.00"
2019-07-22,2019072201004258,SICL,5,44,144,788.00,"113,472.00"
2019-07-22,2019072201004302,SIFC,35,28,139,162.00,"22,518.00"
2019-07-22,2019072201004301,SIFC,35,17,134,162.00,"21,708.00"
2019-07-22,2019072201004300,SIFC,35,25,63,161.00,"10,143.00"
2019-07-22,2019072201004204,SIL,34,34,100,463.00,"46,300.00"
2019-07-22,2019072201004083,SIL,34,4,400,463.00,"185,200.00"
2019-07-22,2019072201004244,SLBBL,58,57,456,470.00,"214,320.00"
2019-07-22,2019072201004209,SLBBL,34,57,100,470.00,"47,000.00"
2019-07-22,2019072201004184,SLICL,50,44,173,460.00,"79,580.00"
2019-07-22,2019072201004028,SLICL,57,44,100,460.00,"46,000.00"
2019-07-22,2019072201004027,SLICL,20,44,27,460.00,"12,420.00"
2019-07-22,2019072201004011,SMATA,1,44,19,"1,113.00","21,147.00"
2019-07-22,2019072201004328,SMFBS,18,25,10,493.00,"4,930.00"
2019-07-22,2019072201004099,SMFBS,39,17,10,486.00,"4,860.00"
2019-07-22,2019072201004055,SMFBS,10,13,10,490.00,"4,900.00"
2019-07-22,2019072201004054,SMFBS,10,43,10,490.00,"4,900.00"
2019-07-22,2019072201004016,SMFBS,39,34,15,486.00,"7,290.00"
2019-07-22,2019072201004376,SPARS,25,49,10,435.00,"4,350.00"
2019-07-22,2019072201004375,SPARS,25,17,10,432.00,"4,320.00"
2019-07-22,2019072201004292,SRBL,59,28,600,255.00,"153,000.00"
2019-07-22,2019072201004202,SRBL,39,28,100,254.00,"25,400.00"
2019-07-22,2019072201004201,SRBL,43,28,500,254.00,"127,000.00"
2019-07-22,2019072201004200,SRBL,58,28,500,254.00,"127,000.00"
2019-07-22,2019072201004199,SRBL,32,28,"1,000",254.00,"254,000.00"
2019-07-22,2019072201004198,SRBL,34,28,99,254.00,"25,146.00"
2019-07-22,2019072201004197,SRBL,49,28,453,254.00,"115,062.00"
2019-07-22,2019072201004196,SRBL,22,28,300,255.00,"76,500.00"
2019-07-22,2019072201004081,SRBL,22,3,32,255.00,"8,160.00"
2019-07-22,2019072201004049,SRBL,25,3,25,255.00,"6,375.00"
2019-07-22,2019072201003970,SRBL,49,50,"1,000",254.00,"254,000.00"
2019-07-22,2019072201004336,SWBBL,45,5,37,905.00,"33,485.00"
2019-07-22,2019072201004034,SWBBL,38,11,100,900.00,"90,000.00"
2019-07-22,2019072201003950,SWBBL,38,26,100,900.00,"90,000.00"
2019-07-22,2019072201004298,TRH,19,38,500,319.00,"159,500.00"
2019-07-22,2019072201004297,TRH,19,34,140,318.00,"44,520.00"
2019-07-22,2019072201003964,TRH,33,34,10,318.00,"3,180.00"
2019-07-22,2019072201003963,TRH,33,6,10,317.00,"3,170.00"
2019-07-22,2019072201003962,TRH,33,6,10,317.00,"3,170.00"
2019-07-22,2019072201003961,TRH,33,13,10,316.00,"3,160.00"
2019-07-22,2019072201003960,TRH,33,29,60,314.00,"18,840.00"
2019-07-22,2019072201004131,UFL,38,28,500,188.00,"94,000.00"
2019-07-22,2019072201004291,UIC,26,5,100,859.00,"85,900.00"
2019-07-22,2019072201004235,UPPER,11,52,50,283.00,"14,150.00"
2019-07-22,2019072201004234,UPPER,11,50,200,283.00,"56,600.00"
2019-07-22,2019072201004233,UPPER,11,45,40,283.00,"11,320.00"
2019-07-22,2019072201004232,UPPER,11,33,100,283.00,"28,300.00"
2019-07-22,2019072201004231,UPPER,11,45,240,283.00,"67,920.00"
2019-07-22,2019072201004115,UPPER,29,46,15,283.00,"4,245.00"
2019-07-22,2019072201004103,UPPER,18,44,40,282.00,"11,280.00"
2019-07-22,2019072201003906,UPPER,18,58,40,282.00,"11,280.00"
2019-07-22,2019072201003905,UPPER,18,58,50,282.00,"14,100.00"
2019-07-22,2019072201003884,UPPER,43,34,188,281.00,"52,828.00"
2019-07-22,2019072201004230,UPPER,11,45,40,283.00,"11,320.00"
2019-07-22,2019072201004229,UPPER,11,1,50,283.00,"14,150.00"
2019-07-22,2019072201004228,UPPER,11,45,40,283.00,"11,320.00"
2019-07-22,2019072201004227,UPPER,11,35,40,283.00,"11,320.00"
2019-07-22,2019072201004226,UPPER,11,46,298,283.00,"84,334.00"
2019-07-22,2019072201003867,ADBL,6,44,50,415.00,"20,750.00"
2019-07-22,2019072201003866,ADBL,57,44,412,415.00,"170,980.00"
2019-07-22,2019072201003812,ADBL,53,58,56,416.00,"23,296.00"
2019-07-22,2019072201003811,ADBL,53,43,244,416.00,"101,504.00"
2019-07-22,2019072201003779,ADBL,57,22,82,415.00,"34,030.00"
2019-07-22,2019072201003775,ADBL,57,6,306,415.00,"126,990.00"
2019-07-22,2019072201003471,ADBL,46,43,100,416.00,"41,600.00"
2019-07-22,2019072201003470,ADBL,29,43,431,416.00,"179,296.00"
2019-07-22,2019072201003432,ADBL,29,29,"1,000",416.00,"416,000.00"
2019-07-22,2019072201003747,ADBL,6,58,50,415.00,"20,750.00"
2019-07-22,2019072201003746,ADBL,53,58,100,415.00,"41,500.00"
2019-07-22,2019072201003745,ADBL,42,58,500,415.00,"207,500.00"
2019-07-22,2019072201003744,ADBL,42,58,400,415.00,"166,000.00"
2019-07-22,2019072201003736,ADBL,42,5,100,415.00,"41,500.00"
2019-07-22,2019072201003479,ADBL,34,43,225,416.00,"93,600.00"
2019-07-22,2019072201003774,ADBL,25,6,200,415.00,"83,000.00"
2019-07-22,2019072201003757,ADBL,25,25,100,415.00,"41,500.00"
2019-07-22,2019072201003751,ADBL,25,58,500,415.00,"207,500.00"
2019-07-22,2019072201003750,ADBL,46,58,100,415.00,"41,500.00"
2019-07-22,2019072201003749,ADBL,42,58,50,415.00,"20,750.00"
2019-07-22,2019072201003748,ADBL,6,58,300,415.00,"124,500.00"
2019-07-22,2019072201003806,AKPL,56,58,938,175.00,"164,150.00"
2019-07-22,2019072201003805,AKPL,56,58,75,175.00,"13,125.00"
2019-07-22,2019072201003804,AKPL,40,58,487,176.00,"85,712.00"
2019-07-22,2019072201003629,AKPL,40,4,13,176.00,"2,288.00"
2019-07-22,2019072201003611,ALICL,11,11,150,381.00,"57,150.00"
2019-07-22,2019072201003847,BOKL,57,49,100,264.00,"26,400.00"
2019-07-22,2019072201003579,BOKL,25,49,500,264.00,"132,000.00"
2019-07-22,2019072201003577,BOKL,38,49,200,264.00,"52,800.00"
2019-07-22,2019072201003526,BOKL,25,42,115,263.00,"30,245.00"
2019-07-22,2019072201003525,BOKL,42,42,100,263.00,"26,300.00"
2019-07-22,2019072201003831,BPCL,46,46,500,408.00,"204,000.00"
2019-07-22,2019072201003676,BPCL,46,44,110,408.00,"44,880.00"
2019-07-22,2019072201003673,BPCL,46,44,110,408.00,"44,880.00"
2019-07-22,2019072201003666,BPCL,46,44,82,408.00,"33,456.00"
2019-07-22,2019072201003665,BPCL,50,44,28,408.00,"11,424.00"
2019-07-22,2019072201003634,BPCL,50,44,22,408.00,"8,976.00"
2019-07-22,2019072201003389,BPCL,34,6,11,409.00,"4,499.00"
2019-07-22,2019072201003633,BPCL,56,44,88,408.00,"35,904.00"
2019-07-22,2019072201003607,BPCL,56,46,12,408.00,"4,896.00"
2019-07-22,2019072201003606,BPCL,55,46,456,408.00,"186,048.00"
2019-07-22,2019072201003605,BPCL,34,46,32,409.00,"13,088.00"
2019-07-22,2019072201003580,BPCL,34,54,80,409.00,"32,720.00"
2019-07-22,2019072201003556,BPCL,34,14,100,409.00,"40,900.00"
2019-07-22,2019072201003828,CBBL,43,42,300,973.00,"291,900.00"
2019-07-22,2019072201003827,CBBL,35,42,100,974.00,"97,400.00"
2019-07-22,2019072201003826,CBBL,35,42,100,974.00,"97,400.00"
2019-07-22,2019072201003861,CBL,32,10,56,163.00,"9,128.00"
2019-07-22,2019072201003859,CBL,38,10,100,163.00,"16,300.00"
2019-07-22,2019072201003822,CBL,38,25,100,163.00,"16,300.00"
2019-07-22,2019072201003743,CBL,51,25,100,163.00,"16,300.00"
2019-07-22,2019072201003716,CBL,51,25,"1,000",163.00,"163,000.00"
2019-07-22,2019072201003600,CBL,17,21,500,163.00,"81,500.00"
2019-07-22,2019072201003415,CBL,59,42,100,163.00,"16,300.00"
2019-07-22,2019072201003414,CBL,59,3,45,163.00,"7,335.00"
2019-07-22,2019072201003599,CBL,52,21,100,163.00,"16,300.00"
2019-07-22,2019072201003598,CBL,1,21,441,163.00,"71,883.00"
2019-07-22,2019072201003488,CBL,1,25,59,163.00,"9,617.00"
2019-07-22,2019072201003487,CBL,59,25,122,163.00,"19,886.00"
2019-07-22,2019072201003445,CBL,59,22,27,163.00,"4,401.00"
2019-07-22,2019072201003440,CBL,59,46,10,163.00,"1,630.00"
2019-07-22,2019072201003759,CCBL,56,3,500,179.00,"89,500.00"
2019-07-22,2019072201003421,CEFL,4,44,100,105.00,"10,500.00"
2019-07-22,2019072201003444,CFCL,44,46,10,119.00,"1,190.00"
2019-07-22,2019072201003438,CFCL,7,6,54,120.00,"6,480.00"
2019-07-22,2019072201003830,CHCL,28,44,"1,000",516.00,"516,000.00"
2019-07-22,2019072201003669,CHCL,28,44,824,516.00,"425,184.00"
2019-07-22,2019072201003508,CHCL,56,44,60,515.00,"30,900.00"
2019-07-22,2019072201003507,CHCL,16,44,900,515.00,"463,500.00"
2019-07-22,2019072201003506,CHCL,35,44,500,515.00,"257,500.00"
2019-07-22,2019072201003880,CHL,43,29,446,89.00,"39,694.00"
2019-07-22,2019072201003463,CIT,57,25,61,"2,440.00","148,840.00"
2019-07-22,2019072201003462,CIT,33,25,20,"2,440.00","48,800.00"
2019-07-22,2019072201003461,CIT,29,25,100,"2,441.00","244,100.00"
2019-07-22,2019072201003460,CIT,16,25,20,"2,441.00","48,820.00"
2019-07-22,2019072201003459,CIT,45,25,50,"2,441.00","122,050.00"
2019-07-22,2019072201003458,CIT,5,25,10,"2,444.00","24,440.00"
2019-07-22,2019072201003457,CIT,22,25,20,"2,444.00","48,880.00"
2019-07-22,2019072201003417,CIT,57,1,25,"2,450.00","61,250.00"
2019-07-22,2019072201003416,CIT,57,25,200,"2,450.00","490,000.00"
2019-07-22,2019072201003392,CIT,22,38,50,"2,445.00","122,250.00"
2019-07-22,2019072201003402,CMF1,33,6,300,9.90,"2,970.00"
2019-07-22,2019072201003674,CZBIL,22,58,460,227.00,"104,420.00"
2019-07-22,2019072201003658,CZBIL,22,58,20,227.00,"4,540.00"
2019-07-22,2019072201003451,CZBIL,52,58,43,226.00,"9,718.00"
2019-07-22,2019072201003450,CZBIL,45,58,24,226.00,"5,424.00"
2019-07-22,2019072201003449,CZBIL,8,58,20,227.00,"4,540.00"
2019-07-22,2019072201003448,CZBIL,34,58,19,227.00,"4,313.00"
2019-07-22,2019072201003784,DBBL,38,38,100,149.00,"14,900.00"
2019-07-22,2019072201003675,DBBL,51,22,100,148.00,"14,800.00"
2019-07-22,2019072201003514,DBBL,45,37,100,150.00,"15,000.00"
2019-07-22,2019072201003420,DBBL,51,4,549,148.00,"81,252.00"
2019-07-22,2019072201003419,DBBL,14,4,48,148.00,"7,104.00"
2019-07-22,2019072201003798,DDBL,29,38,200,738.00,"147,600.00"
2019-07-22,2019072201003719,DDBL,52,13,150,737.00,"110,550.00"
2019-07-22,2019072201003586,DDBL,58,38,234,736.00,"172,224.00"
2019-07-22,2019072201003801,EBL,16,26,150,669.00,"100,350.00"
2019-07-22,2019072201003800,EBL,13,26,10,669.00,"6,690.00"
2019-07-22,2019072201003799,EBL,19,26,80,669.00,"53,520.00"
2019-07-22,2019072201003585,EBL,6,46,300,670.00,"201,000.00"
2019-07-22,2019072201003584,EBL,11,46,100,670.00,"67,000.00"
2019-07-22,2019072201003443,EBL,49,59,90,671.00,"60,390.00"
2019-07-22,2019072201003430,EBL,49,51,110,671.00,"73,810.00"
2019-07-22,2019072201003429,EBL,49,51,20,671.00,"13,420.00"
2019-07-22,2019072201003428,EBL,36,51,170,671.00,"114,070.00"
2019-07-22,2019072201003846,FOWAD,14,47,33,"1,345.00","44,385.00"
2019-07-22,2019072201003785,FOWAD,14,56,63,"1,345.00","84,735.00"
2019-07-22,2019072201003758,FOWAD,14,4,14,"1,345.00","18,830.00"
2019-07-22,2019072201003695,FOWAD,14,51,40,"1,345.00","53,800.00"
2019-07-22,2019072201003500,GHL,25,33,20,86.00,"1,720.00"
2019-07-22,2019072201003589,GIMES1,26,11,"2,000",8.23,"16,460.00"
2019-07-22,2019072201003680,GLBSL,38,4,10,393.00,"3,930.00"
2019-07-22,2019072201003617,GMFBS,34,43,10,468.00,"4,680.00"
2019-07-22,2019072201003550,HBL,34,58,400,555.00,"222,000.00"
2019-07-22,2019072201003549,HBL,25,58,15,555.00,"8,325.00"
2019-07-22,2019072201003548,HBL,49,58,100,555.00,"55,500.00"
2019-07-22,2019072201003547,HBL,52,58,100,555.00,"55,500.00"
2019-07-22,2019072201003546,HBL,19,58,10,556.00,"5,560.00"
2019-07-22,2019072201003545,HBL,38,58,500,556.00,"278,000.00"
2019-07-22,2019072201003538,HBL,38,58,390,560.00,"218,400.00"
2019-07-22,2019072201003537,HBL,13,58,200,561.00,"112,200.00"
2019-07-22,2019072201003536,HBL,38,58,600,562.00,"337,200.00"
2019-07-22,2019072201003535,HBL,38,58,20,562.00,"11,240.00"
2019-07-22,2019072201003534,HBL,51,58,10,563.00,"5,630.00"
2019-07-22,2019072201003544,HBL,34,58,30,557.00,"16,710.00"
2019-07-22,2019072201003543,HBL,51,58,100,557.00,"55,700.00"
2019-07-22,2019072201003542,HBL,19,58,50,558.00,"27,900.00"
2019-07-22,2019072201003541,HBL,41,58,10,558.00,"5,580.00"
2019-07-22,2019072201003540,HBL,5,58,50,558.00,"27,900.00"
2019-07-22,2019072201003539,HBL,51,58,110,559.00,"61,490.00"
2019-07-22,2019072201003869,HDL,14,17,10,"1,626.00","16,260.00"
2019-07-22,2019072201003868,HDL,13,17,30,"1,626.00","48,780.00"
2019-07-22,2019072201003837,HDL,13,45,120,"1,626.00","195,120.00"
2019-07-22,2019072201003821,HDL,25,45,100,"1,630.00","163,000.00"
2019-07-22,2019072201003807,HDL,5,45,200,"1,630.00","326,000.00"
2019-07-22,2019072201003729,HDL,20,58,10,"1,631.00","16,310.00"
2019-07-22,2019072201003682,HDL,5,58,80,"1,640.00","131,200.00"
2019-07-22,2019072201003681,HDL,45,58,10,"1,640.00","16,400.00"
2019-07-22,2019072201003662,HDL,22,58,100,"1,641.00","164,100.00"
2019-07-22,2019072201003661,HDL,56,58,15,"1,642.00","24,630.00"
2019-07-22,2019072201003523,HDL,5,25,100,"1,650.00","165,000.00"
2019-07-22,2019072201003728,HDL,32,58,250,"1,631.00","407,750.00"
2019-07-22,2019072201003727,HDL,35,58,20,"1,631.00","32,620.00"
2019-07-22,2019072201003726,HDL,53,58,50,"1,631.00","81,550.00"
2019-07-22,2019072201003689,HDL,53,58,32,"1,638.00","52,416.00"
2019-07-22,2019072201003688,HDL,35,58,100,"1,638.00","163,800.00"
2019-07-22,2019072201003687,HDL,44,58,50,"1,638.00","81,900.00"
2019-07-22,2019072201003737,HGI,47,6,200,350.00,"70,000.00"
2019-07-22,2019072201003624,HIDCL,1,4,31,160.00,"4,960.00"
2019-07-22,2019072201003418,HIDCL,1,5,47,160.00,"7,520.00"
2019-07-22,2019072201003390,HIDCL,1,46,10,160.00,"1,600.00"
2019-07-22,2019072201003765,HURJA,6,35,20,141.00,"2,820.00"
2019-07-22,2019072201003764,HURJA,6,55,20,141.00,"2,820.00"
2019-07-22,2019072201003763,HURJA,6,45,20,141.00,"2,820.00"
2019-07-22,2019072201003762,HURJA,6,45,20,141.00,"2,820.00"
2019-07-22,2019072201003761,HURJA,6,49,20,141.00,"2,820.00"
2019-07-22,2019072201003870,ICFC,4,57,"2,000",166.00,"332,000.00"
2019-07-22,2019072201003410,ICFC,1,46,15,165.00,"2,475.00"
2019-07-22,2019072201003657,ILBS,41,49,10,394.00,"3,940.00"
2019-07-22,2019072201003627,ILBS,51,56,10,392.00,"3,920.00"
2019-07-22,2019072201003616,ILBS,10,13,480,393.00,"188,640.00"
2019-07-22,2019072201003608,ILBS,58,13,10,393.00,"3,930.00"
2019-07-22,2019072201003551,ILBS,58,47,10,393.00,"3,930.00"
2019-07-22,2019072201003879,JBBL,58,45,50,166.00,"8,300.00"
2019-07-22,2019072201003878,JBBL,58,49,68,166.00,"11,288.00"
2019-07-22,2019072201003877,JBBL,58,59,200,166.00,"33,200.00"
2019-07-22,2019072201003876,JBBL,58,59,28,166.00,"4,648.00"
2019-07-22,2019072201003659,JBBL,58,59,50,166.00,"8,300.00"
2019-07-22,2019072201003621,JBBL,58,57,"1,514",165.00,"249,810.00"
2019-07-22,2019072201003614,JBBL,58,57,"1,000",165.00,"165,000.00"
2019-07-22,2019072201003613,JBBL,58,57,"2,000",165.00,"330,000.00"
2019-07-22,2019072201003612,JBBL,58,57,527,165.00,"86,955.00"
2019-07-22,2019072201003505,JBBL,45,59,50,166.00,"8,300.00"
2019-07-22,2019072201003411,JBBL,58,6,100,165.00,"16,500.00"
2019-07-22,2019072201003786,JFL,17,25,200,183.00,"36,600.00"
2019-07-22,2019072201003512,JOSHI,38,17,20,79.00,"1,580.00"
2019-07-22,2019072201003862,JSLBB,47,21,27,945.00,"25,515.00"
2019-07-22,2019072201003848,KBL,29,42,500,222.00,"111,000.00"
2019-07-22,2019072201003791,KBL,45,21,100,222.00,"22,200.00"
2019-07-22,2019072201003790,KBL,57,21,97,222.00,"21,534.00"
2019-07-22,2019072201003520,KBL,57,38,300,222.00,"66,600.00"
2019-07-22,2019072201003469,KBL,57,25,40,222.00,"8,880.00"
2019-07-22,2019072201003631,KKHC,34,56,16,66.00,"1,056.00"
2019-07-22,2019072201003628,KKHC,34,56,16,66.00,"1,056.00"
2019-07-22,2019072201003518,KPCL,21,17,10,92.00,920.00
2019-07-22,2019072201003769,KSBBL,19,42,"1,500",160.00,"240,000.00"
2019-07-22,2019072201003691,KSBBL,48,42,100,160.00,"16,000.00"
2019-07-22,2019072201003690,KSBBL,32,42,370,160.00,"59,200.00"
2019-07-22,2019072201003401,KSBBL,32,4,630,160.00,"100,800.00"
2019-07-22,2019072201003400,KSBBL,1,4,220,160.00,"35,200.00"
2019-07-22,2019072201003845,LBBL,33,33,"1,000",208.00,"208,000.00"
2019-07-22,2019072201003844,LBBL,33,54,"1,000",208.00,"208,000.00"
2019-07-22,2019072201003843,LBBL,33,50,500,208.00,"104,000.00"
2019-07-22,2019072201003842,LBBL,33,28,582,208.00,"121,056.00"
2019-07-22,2019072201003841,LBBL,33,57,50,208.00,"10,400.00"
2019-07-22,2019072201003840,LBBL,33,42,500,207.00,"103,500.00"
2019-07-22,2019072201003559,LBBL,19,39,100,206.00,"20,600.00"
2019-07-22,2019072201003558,LBBL,41,39,300,206.00,"61,800.00"
2019-07-22,2019072201003557,LBBL,54,39,100,206.00,"20,600.00"
2019-07-22,2019072201003456,LBBL,42,58,"1,000",207.00,"207,000.00"
2019-07-22,2019072201003565,LBBL,25,39,500,206.00,"103,000.00"
2019-07-22,2019072201003564,LBBL,34,39,100,206.00,"20,600.00"
2019-07-22,2019072201003563,LBBL,48,39,500,206.00,"103,000.00"
2019-07-22,2019072201003562,LBBL,7,39,200,206.00,"41,200.00"
2019-07-22,2019072201003561,LBBL,1,39,25,206.00,"5,150.00"
2019-07-22,2019072201003560,LBBL,29,39,300,206.00,"61,800.00"
2019-07-22,2019072201003595,LBBL,45,39,300,206.00,"61,800.00"
2019-07-22,2019072201003594,LBBL,39,39,300,206.00,"61,800.00"
2019-07-22,2019072201003593,LBBL,16,39,200,206.00,"41,200.00"
2019-07-22,2019072201003592,LBBL,25,39,100,206.00,"20,600.00"
2019-07-22,2019072201003591,LBBL,25,39,710,206.00,"146,260.00"
2019-07-22,2019072201003566,LBBL,25,39,290,206.00,"59,740.00"
2019-07-22,2019072201003839,LBBL,33,25,500,207.00,"103,500.00"
2019-07-22,2019072201003735,LBBL,42,39,40,206.00,"8,240.00"
2019-07-22,2019072201003718,LBBL,28,39,500,206.00,"103,000.00"
2019-07-22,2019072201003683,LBBL,35,39,200,206.00,"41,200.00"
2019-07-22,2019072201003597,LBBL,57,39,100,206.00,"20,600.00"
2019-07-22,2019072201003596,LBBL,33,39,50,206.00,"10,300.00"
2019-07-22,2019072201003874,LICN,58,14,50,"1,580.00","79,000.00"
2019-07-22,2019072201003872,LICN,58,44,10,"1,580.00","15,800.00"
2019-07-22,2019072201003871,LICN,54,44,100,"1,580.00","158,000.00"
2019-07-22,2019072201003855,LICN,22,44,70,"1,581.00","110,670.00"
2019-07-22,2019072201003814,LICN,22,44,88,"1,581.00","139,128.00"
2019-07-22,2019072201003813,LICN,16,44,12,"1,581.00","18,972.00"
2019-07-22,2019072201003777,LICN,45,14,10,"1,582.00","15,820.00"
2019-07-22,2019072201003776,LICN,38,14,10,"1,583.00","15,830.00"
2019-07-22,2019072201003439,LICN,14,14,197,"1,582.00","311,654.00"
2019-07-22,2019072201003427,LICN,22,44,25,"1,581.00","39,525.00"
2019-07-22,2019072201003803,MBL,38,38,200,272.00,"54,400.00"
2019-07-22,2019072201003773,MEGA,8,34,646,214.00,"138,244.00"
2019-07-22,2019072201003772,MEGA,19,34,354,214.00,"75,756.00"
2019-07-22,2019072201003693,MEGA,19,57,202,214.00,"43,228.00"
2019-07-22,2019072201003692,MEGA,19,57,333,214.00,"71,262.00"
2019-07-22,2019072201003667,MEGA,8,57,167,214.00,"35,738.00"
2019-07-22,2019072201003622,MEGA,8,29,833,214.00,"178,262.00"
2019-07-22,2019072201003513,MEGA,47,29,167,214.00,"35,738.00"
2019-07-22,2019072201003679,MERO,56,56,7,506.00,"3,542.00"
2019-07-22,2019072201003854,MFIL,1,4,700,125.00,"87,500.00"
2019-07-22,2019072201003853,MFIL,1,4,500,125.00,"62,500.00"
2019-07-22,2019072201003852,MFIL,5,4,"1,000",125.00,"125,000.00"
2019-07-22,2019072201003851,MFIL,37,4,100,126.00,"12,600.00"
2019-07-22,2019072201003789,MSLB,33,39,102,975.00,"99,450.00"
2019-07-22,2019072201003788,MSLB,40,39,10,976.00,"9,760.00"
2019-07-22,2019072201003787,MSLB,5,39,84,977.00,"82,068.00"
2019-07-22,2019072201003825,MSMBS,34,29,11,443.00,"4,873.00"
2019-07-22,2019072201003873,NABIL,19,43,144,805.00,"115,920.00"
2019-07-22,2019072201003686,NABIL,35,43,100,805.00,"80,500.00"
2019-07-22,2019072201003511,NABIL,39,43,156,805.00,"125,580.00"
2019-07-22,2019072201003510,NABIL,39,38,94,805.00,"75,670.00"
2019-07-22,2019072201003503,NABIL,14,38,20,805.00,"16,100.00"
2019-07-22,2019072201003403,NABIL,44,38,50,805.00,"40,250.00"
2019-07-22,2019072201003393,NABIL,49,38,100,805.00,"80,500.00"
2019-07-22,2019072201003694,NADEP,39,43,20,420.00,"8,400.00"
2019-07-22,2019072201003660,NADEP,36,36,20,421.00,"8,420.00"
2019-07-22,2019072201003499,NADEP,7,14,30,424.00,"12,720.00"
2019-07-22,2019072201003498,NADEP,45,14,50,425.00,"21,250.00"
2019-07-22,2019072201003497,NADEP,5,14,80,425.00,"34,000.00"
2019-07-22,2019072201003668,NAGRO,18,34,23,507.00,"11,661.00"
2019-07-22,2019072201003533,NAGRO,18,59,10,507.00,"5,070.00"
2019-07-22,2019072201003532,NAGRO,18,50,87,507.00,"44,109.00"
2019-07-22,2019072201003521,NAGRO,45,1,30,505.00,"15,150.00"
2019-07-22,2019072201003504,NAGRO,45,32,10,505.00,"5,050.00"
2019-07-22,2019072201003502,NAGRO,45,39,10,505.00,"5,050.00"
2019-07-22,2019072201003818,NBL,6,5,"1,240",342.00,"424,080.00"
2019-07-22,2019072201003817,NBL,40,5,200,342.00,"68,400.00"
2019-07-22,2019072201003816,NBL,7,5,210,342.00,"71,820.00"
2019-07-22,2019072201003722,NBL,7,38,790,342.00,"270,180.00"
2019-07-22,2019072201003721,NBL,47,38,300,342.00,"102,600.00"
2019-07-22,2019072201003720,NBL,56,38,220,342.00,"75,240.00"
2019-07-22,2019072201003717,NBL,56,14,200,342.00,"68,400.00"
2019-07-22,2019072201003626,NBL,53,57,300,343.00,"102,900.00"
2019-07-22,2019072201003588,NBL,53,57,167,343.00,"57,281.00"
2019-07-22,2019072201003587,NBL,53,57,133,343.00,"45,619.00"
2019-07-22,2019072201003875,NCCB,55,1,100,251.00,"25,100.00"
2019-07-22,2019072201003756,NCCB,33,59,500,250.00,"125,000.00"
2019-07-22,2019072201003755,NCCB,33,3,250,250.00,"62,500.00"
2019-07-22,2019072201003754,NCCB,33,1,250,250.00,"62,500.00"
2019-07-22,2019072201003753,NCCB,33,16,829,250.00,"207,250.00"
2019-07-22,2019072201003733,NCCB,49,50,435,249.00,"108,315.00"
2019-07-22,2019072201003732,NCCB,34,50,208,249.00,"51,792.00"
2019-07-22,2019072201003698,NCCB,56,16,671,250.00,"167,750.00"
2019-07-22,2019072201003697,NCCB,56,10,829,250.00,"207,250.00"
2019-07-22,2019072201003635,NCCB,22,10,20,250.00,"5,000.00"
2019-07-22,2019072201003555,NCCB,6,10,151,250.00,"37,750.00"
2019-07-22,2019072201003604,NEF,1,55,253,8.35,"2,112.55"
2019-07-22,2019072201003603,NEF,1,55,"2,000",8.36,"16,720.00"
2019-07-22,2019072201003413,NEF,1,6,100,8.35,835.00
2019-07-22,2019072201003656,NIB,1,16,"2,000",515.00,"1,030,000.00"
2019-07-22,2019072201003655,NIB,35,16,10,515.00,"5,150.00"
2019-07-22,2019072201003654,NIB,32,16,100,515.00,"51,500.00"
2019-07-22,2019072201003653,NIB,42,16,100,515.00,"51,500.00"
2019-07-22,2019072201003652,NIB,6,16,200,515.00,"103,000.00"
2019-07-22,2019072201003651,NIB,7,16,150,515.00,"77,250.00"
2019-07-22,2019072201003638,NIB,7,16,117,516.00,"60,372.00"
2019-07-22,2019072201003637,NIB,49,16,20,517.00,"10,340.00"
2019-07-22,2019072201003636,NIB,39,16,200,518.00,"103,600.00"
2019-07-22,2019072201003426,NIB,49,16,480,517.00,"248,160.00"
2019-07-22,2019072201003644,NIB,51,16,50,515.00,"25,750.00"
2019-07-22,2019072201003643,NIB,51,16,50,515.00,"25,750.00"
2019-07-22,2019072201003642,NIB,14,16,100,515.00,"51,500.00"
2019-07-22,2019072201003641,NIB,56,16,200,515.00,"103,000.00"
2019-07-22,2019072201003640,NIB,21,16,250,516.00,"129,000.00"
2019-07-22,2019072201003639,NIB,21,16,400,516.00,"206,400.00"
2019-07-22,2019072201003650,NIB,7,16,150,515.00,"77,250.00"
2019-07-22,2019072201003649,NIB,48,16,50,515.00,"25,750.00"
2019-07-22,2019072201003648,NIB,25,16,"1,000",515.00,"515,000.00"
2019-07-22,2019072201003647,NIB,22,16,60,515.00,"30,900.00"
2019-07-22,2019072201003646,NIB,41,16,100,515.00,"51,500.00"
2019-07-22,2019072201003645,NIB,6,16,"1,300",515.00,"669,500.00"
2019-07-22,2019072201003836,NIBPO,42,4,490,472.00,"231,280.00"
2019-07-22,2019072201003835,NIBPO,42,4,500,471.00,"235,500.00"
2019-07-22,2019072201003834,NIBPO,42,4,100,471.00,"47,100.00"
2019-07-22,2019072201003615,NIBPO,44,4,50,471.00,"23,550.00"
2019-07-22,2019072201003431,NIBPO,35,4,50,471.00,"23,550.00"
2019-07-22,2019072201003412,NIBPO,35,4,50,471.00,"23,550.00"
2019-07-22,2019072201003810,NICA,56,25,140,462.00,"64,680.00"
2019-07-22,2019072201003809,NICA,56,57,20,462.00,"9,240.00"
2019-07-22,2019072201003730,NICA,53,57,300,462.00,"138,600.00"
2019-07-22,2019072201003464,NICA,19,58,62,461.00,"28,582.00"
2019-07-22,2019072201003425,NICGF,34,6,500,9.88,"4,940.00"
2019-07-22,2019072201003493,NIL,43,39,51,484.00,"24,684.00"
2019-07-22,2019072201003455,NIL,43,52,149,484.00,"72,116.00"
2019-07-22,2019072201003454,NIL,41,52,100,485.00,"48,500.00"
2019-07-22,2019072201003453,NIL,34,52,741,485.00,"359,385.00"
2019-07-22,2019072201003452,NIL,6,52,10,486.00,"4,860.00"
2019-07-22,2019072201003881,NLBBL,58,40,50,514.00,"25,700.00"
2019-07-22,2019072201003815,NLBBL,58,59,19,514.00,"9,766.00"
2019-07-22,2019072201003794,NLBBL,58,59,250,514.00,"128,500.00"
2019-07-22,2019072201003793,NLBBL,58,40,200,513.00,"102,600.00"
2019-07-22,2019072201003792,NLBBL,58,22,50,513.00,"25,650.00"
2019-07-22,2019072201003780,NLBBL,58,40,16,510.00,"8,160.00"
2019-07-22,2019072201003739,NLBBL,21,1,18,507.00,"9,126.00"
2019-07-22,2019072201003738,NLBBL,21,39,33,506.00,"16,698.00"
2019-07-22,2019072201003519,NLBBL,38,57,508,504.00,"256,032.00"
2019-07-22,2019072201003768,NLBBL,58,48,249,510.00,"126,990.00"
2019-07-22,2019072201003767,NLBBL,58,39,357,510.00,"182,070.00"
2019-07-22,2019072201003766,NLBBL,58,34,28,509.00,"14,252.00"
2019-07-22,2019072201003742,NLBBL,21,34,972,509.00,"494,748.00"
2019-07-22,2019072201003741,NLBBL,21,26,47,509.00,"23,923.00"
2019-07-22,2019072201003740,NLBBL,21,40,30,508.00,"15,240.00"
2019-07-22,2019072201003838,NLIC,5,4,40,891.00,"35,640.00"
2019-07-22,2019072201003715,NLIC,38,4,19,890.00,"16,910.00"
2019-07-22,2019072201003714,NLIC,45,4,150,890.00,"133,500.00"
2019-07-22,2019072201003713,NLIC,55,4,11,890.00,"9,790.00"
2019-07-22,2019072201003685,NLIC,6,4,50,891.00,"44,550.00"
2019-07-22,2019072201003478,NLIC,55,4,289,890.00,"257,210.00"
2019-07-22,2019072201003477,NLIC,42,4,100,890.00,"89,000.00"
2019-07-22,2019072201003476,NLIC,42,4,11,890.00,"9,790.00"
2019-07-22,2019072201003771,NLICL,6,49,27,596.00,"16,092.00"
2019-07-22,2019072201003610,NLICL,6,36,44,596.00,"26,224.00"
2019-07-22,2019072201003382,NMBHF1,28,19,"2,080",9.71,"20,196.80"
2019-07-22,2019072201003446,NMBMF,19,49,150,"1,080.00","162,000.00"
2019-07-22,2019072201003778,NMFBS,49,44,15,"1,452.00","21,780.00"
2019-07-22,2019072201003734,NMFBS,49,44,15,"1,452.00","21,780.00"
2019-07-22,2019072201003724,NMFBS,49,44,15,"1,452.00","21,780.00"
2019-07-22,2019072201003699,NMFBS,49,44,15,"1,452.00","21,780.00"
2019-07-22,2019072201003630,NSEWA,36,36,10,393.00,"3,930.00"
2019-07-22,2019072201003864,NTC,17,50,350,699.00,"244,650.00"
2019-07-22,2019072201003819,NTC,38,43,50,698.00,"34,900.00"
2019-07-22,2019072201003802,NTC,38,43,175,698.00,"122,150.00"
2019-07-22,2019072201003783,NTC,38,19,25,698.00,"17,450.00"
2019-07-22,2019072201003782,NTC,52,19,15,698.00,"10,470.00"
2019-07-22,2019072201003781,NTC,38,19,160,698.00,"111,680.00"
2019-07-22,2019072201003703,NTC,38,52,40,698.00,"27,920.00"
2019-07-22,2019072201003702,NTC,22,52,20,698.00,"13,960.00"
2019-07-22,2019072201003671,NTC,25,50,350,699.00,"244,650.00"
2019-07-22,2019072201003524,NUBL,42,53,300,865.00,"259,500.00"
2019-07-22,2019072201003495,NUBL,42,48,100,865.00,"86,500.00"
2019-07-22,2019072201003472,PCBL,57,58,122,285.00,"34,770.00"
2019-07-22,2019072201003625,PIC,57,36,91,488.00,"44,408.00"
2019-07-22,2019072201003407,PIC,42,8,100,490.00,"49,000.00"
2019-07-22,2019072201003406,PIC,1,8,50,490.00,"24,500.00"
2019-07-22,2019072201003405,PIC,52,8,30,490.00,"14,700.00"
2019-07-22,2019072201003576,PLIC,8,36,240,431.00,"103,440.00"
2019-07-22,2019072201003575,PLIC,35,36,100,431.00,"43,100.00"
2019-07-22,2019072201003574,PLIC,35,36,50,431.00,"21,550.00"
2019-07-22,2019072201003573,PLIC,35,36,50,431.00,"21,550.00"
2019-07-22,2019072201003572,PLIC,35,36,80,431.00,"34,480.00"
2019-07-22,2019072201003571,PLIC,35,36,80,431.00,"34,480.00"
2019-07-22,2019072201003492,PLIC,56,4,100,432.00,"43,200.00"
2019-07-22,2019072201003491,PLIC,5,4,30,432.00,"12,960.00"
2019-07-22,2019072201003490,PLIC,35,4,100,432.00,"43,200.00"
2019-07-22,2019072201003489,PLIC,58,4,74,432.00,"31,968.00"
2019-07-22,2019072201003570,PLIC,35,36,200,431.00,"86,200.00"
2019-07-22,2019072201003569,PLIC,35,36,100,431.00,"43,100.00"
2019-07-22,2019072201003568,PLIC,35,36,200,431.00,"86,200.00"
2019-07-22,2019072201003567,PLIC,35,36,300,431.00,"129,300.00"
2019-07-22,2019072201003517,PLIC,43,4,26,432.00,"11,232.00"
2019-07-22,2019072201003424,PMHPL,56,52,10,110.00,"1,100.00"
2019-07-22,2019072201003423,PMHPL,56,6,10,109.00,"1,090.00"
2019-07-22,2019072201003422,PMHPL,56,6,10,109.00,"1,090.00"
2019-07-22,2019072201003388,PMHPL,56,45,10,108.00,"1,080.00"
2019-07-22,2019072201003387,PMHPL,56,6,10,106.00,"1,060.00"
2019-07-22,2019072201003386,PMHPL,56,26,10,106.00,"1,060.00"
2019-07-22,2019072201003385,PMHPL,56,26,10,106.00,"1,060.00"
2019-07-22,2019072201003384,PMHPL,56,44,10,106.00,"1,060.00"
2019-07-22,2019072201003383,PMHPL,56,26,10,106.00,"1,060.00"
2019-07-22,2019072201003770,PPCL,38,13,30,136.00,"4,080.00"
2019-07-22,2019072201003752,PPCL,38,13,30,136.00,"4,080.00"
2019-07-22,2019072201003725,PPCL,38,13,20,136.00,"2,720.00"
2019-07-22,2019072201003447,PPCL,38,22,10,136.00,"1,360.00"
2019-07-22,2019072201003399,PPCL,14,59,20,138.00,"2,760.00"
2019-07-22,2019072201003398,PPCL,14,51,10,138.00,"1,380.00"
2019-07-22,2019072201003397,PPCL,14,39,30,138.00,"4,140.00"
2019-07-22,2019072201003396,PPCL,14,41,100,138.00,"13,800.00"
2019-07-22,2019072201003395,PPCL,14,56,20,138.00,"2,760.00"
2019-07-22,2019072201003394,PPCL,14,34,10,137.00,"1,370.00"
2019-07-22,2019072201003474,PRVU,39,51,"1,000",276.00,"276,000.00"
2019-07-22,2019072201003466,PRVU,39,51,"1,000",276.00,"276,000.00"
2019-07-22,2019072201003442,PRVU,50,22,23,275.00,"6,325.00"
2019-07-22,2019072201003437,PRVU,50,1,500,275.00,"137,500.00"
2019-07-22,2019072201003434,PRVU,50,22,22,275.00,"6,050.00"
2019-07-22,2019072201003515,RADHI,50,55,11,143.00,"1,573.00"
2019-07-22,2019072201003486,RADHI,50,55,11,143.00,"1,573.00"
2019-07-22,2019072201003473,RADHI,50,55,11,143.00,"1,573.00"
2019-07-22,2019072201003664,RHPC,22,34,30,91.00,"2,730.00"
2019-07-22,2019072201003623,RLFL,54,44,20,121.00,"2,420.00"
2019-07-22,2019072201003509,RLFL,54,44,10,121.00,"1,210.00"
2019-07-22,2019072201003408,RMDC,41,10,15,675.00,"10,125.00"
2019-07-22,2019072201003436,RRHP,34,26,10,106.00,"1,060.00"
2019-07-22,2019072201003516,RRHP,34,17,10,106.00,"1,060.00"
2019-07-22,2019072201003850,SADBL,46,34,100,159.00,"15,900.00"
2019-07-22,2019072201003849,SADBL,46,35,300,159.00,"47,700.00"
2019-07-22,2019072201003435,SADBL,59,46,10,158.00,"1,580.00"
2019-07-22,2019072201003723,SANIMA,6,6,515,355.00,"182,825.00"
2019-07-22,2019072201003583,SANIMA,36,57,340,354.00,"120,360.00"
2019-07-22,2019072201003433,SANIMA,36,6,15,354.00,"5,310.00"
2019-07-22,2019072201003833,SBI,13,35,50,471.00,"23,550.00"
2019-07-22,2019072201003832,SBI,13,52,150,471.00,"70,650.00"
2019-07-22,2019072201003858,SBL,40,44,93,325.00,"30,225.00"
2019-07-22,2019072201003808,SBL,40,36,49,325.00,"15,925.00"
2019-07-22,2019072201003677,SBL,40,43,58,325.00,"18,850.00"
2019-07-22,2019072201003465,SBL,32,6,34,324.00,"11,016.00"
2019-07-22,2019072201003601,SCB,43,46,150,676.00,"101,400.00"
2019-07-22,2019072201003620,SDESI,34,56,13,569.00,"7,397.00"
2019-07-22,2019072201003619,SDESI,57,56,10,569.00,"5,690.00"
2019-07-22,2019072201003865,SHIVM,51,47,100,623.00,"62,300.00"
2019-07-22,2019072201003863,SHIVM,51,40,30,624.00,"18,720.00"
2019-07-22,2019072201003857,SHIVM,51,45,20,624.00,"12,480.00"
2019-07-22,2019072201003856,SHIVM,57,48,10,625.00,"6,250.00"
2019-07-22,2019072201003501,SHIVM,57,52,100,625.00,"62,500.00"
2019-07-22,2019072201003441,SHIVM,57,5,50,625.00,"31,250.00"
2019-07-22,2019072201003468,SHPC,34,6,19,250.00,"4,750.00"
2019-07-22,2019072201003618,SIC,51,36,40,602.00,"24,080.00"
2019-07-22,2019072201003531,SIC,51,49,25,602.00,"15,050.00"
2019-07-22,2019072201003530,SIC,34,49,50,603.00,"30,150.00"
2019-07-22,2019072201003529,SIC,34,49,40,603.00,"24,120.00"
2019-07-22,2019072201003528,SIC,48,49,50,604.00,"30,200.00"
2019-07-22,2019072201003475,SIC,32,6,10,605.00,"6,050.00"
2019-07-22,2019072201003860,SICL,5,29,50,787.00,"39,350.00"
2019-07-22,2019072201003824,SICL,47,35,144,786.00,"113,184.00"
2019-07-22,2019072201003823,SICL,46,35,56,786.00,"44,016.00"
2019-07-22,2019072201003672,SICL,46,51,50,786.00,"39,300.00"
2019-07-22,2019072201003482,SICL,46,6,33,786.00,"25,938.00"
2019-07-22,2019072201003797,SINDU,18,4,28,136.00,"3,808.00"
2019-07-22,2019072201003796,SINDU,54,4,150,136.00,"20,400.00"
2019-07-22,2019072201003795,SINDU,57,4,22,136.00,"2,992.00"
2019-07-22,2019072201003494,SKBBL,4,6,18,990.00,"17,820.00"
2019-07-22,2019072201003829,SMFDB,34,56,41,522.00,"21,402.00"
2019-07-22,2019072201003481,SRBL,49,58,104,254.00,"26,416.00"
2019-07-22,2019072201003480,SRBL,51,58,15,255.00,"3,825.00"
2019-07-22,2019072201003663,SWBBL,38,45,50,900.00,"45,000.00"
2019-07-22,2019072201003731,TRH,44,29,540,314.00,"169,560.00"
2019-07-22,2019072201003678,TRH,44,29,500,314.00,"157,000.00"
2019-07-22,2019072201003554,TRH,44,46,960,314.00,"301,440.00"
2019-07-22,2019072201003553,TRH,45,46,100,315.00,"31,500.00"
2019-07-22,2019072201003552,TRH,38,46,240,315.00,"75,600.00"
2019-07-22,2019072201003696,UIC,56,49,41,852.00,"34,932.00"
2019-07-22,2019072201003632,UPCL,42,38,50,89.00,"4,450.00"
2019-07-22,2019072201003527,UPCL,42,17,50,89.00,"4,450.00"
2019-07-22,2019072201003522,UPCL,34,54,130,88.00,"11,440.00"
2019-07-22,2019072201003485,UPCL,25,54,10,89.00,890.00
2019-07-22,2019072201003484,UPCL,34,54,100,89.00,"8,900.00"
2019-07-22,2019072201003483,UPCL,25,54,250,89.00,"22,250.00"
2019-07-22,2019072201003820,UPPER,43,33,50,281.00,"14,050.00"
2019-07-22,2019072201003760,UPPER,18,42,272,282.00,"76,704.00"
2019-07-22,2019072201003712,UPPER,43,42,43,281.00,"12,083.00"
2019-07-22,2019072201003711,UPPER,45,42,30,281.00,"8,430.00"
2019-07-22,2019072201003710,UPPER,11,42,400,281.00,"112,400.00"
2019-07-22,2019072201003709,UPPER,29,42,350,281.00,"98,350.00"
2019-07-22,2019072201003581,UPPER,36,35,43,283.00,"12,169.00"
2019-07-22,2019072201003578,UPPER,58,43,50,282.00,"14,100.00"
2019-07-22,2019072201003496,UPPER,58,19,40,282.00,"11,280.00"
2019-07-22,2019072201003467,UPPER,58,55,540,282.00,"152,280.00"
2019-07-22,2019072201003391,UPPER,58,22,50,282.00,"14,100.00"
2019-07-22,2019072201003684,UPPER,58,22,50,282.00,"14,100.00"
2019-07-22,2019072201003670,UPPER,58,13,40,282.00,"11,280.00"
2019-07-22,2019072201003609,UPPER,58,36,40,282.00,"11,280.00"
2019-07-22,2019072201003602,UPPER,58,36,40,282.00,"11,280.00"
2019-07-22,2019072201003590,UPPER,58,36,50,282.00,"14,100.00"
2019-07-22,2019072201003582,UPPER,36,46,87,283.00,"24,621.00"
2019-07-22,2019072201003708,UPPER,50,42,377,281.00,"105,937.00"
2019-07-22,2019072201003707,UPPER,48,42,500,282.00,"141,000.00"
2019-07-22,2019072201003706,UPPER,38,42,"1,000",282.00,"282,000.00"
2019-07-22,2019072201003705,UPPER,42,42,200,282.00,"56,400.00"
2019-07-22,2019072201003704,UPPER,58,42,100,282.00,"28,200.00"
2019-07-22,2019072201003701,UPPER,58,13,50,282.00,"14,100.00"
2019-07-22,2019072201003409,VLBS,32,41,41,496.00,"20,336.00"
2019-07-22,2019072201003404,VLBS,53,22,13,495.00,"6,435.00"
2019-07-22,2019072201003373,ADBL,29,4,407,416.00,"169,312.00"
2019-07-22,2019072201003344,ADBL,29,52,150,416.00,"62,400.00"
2019-07-22,2019072201003216,ADBL,6,5,25,417.00,"10,425.00"
2019-07-22,2019072201003135,ADBL,29,45,12,416.00,"4,992.00"
2019-07-22,2019072201002906,ADBL,40,5,300,417.00,"125,100.00"
2019-07-22,2019072201002886,ADBL,38,40,71,416.00,"29,536.00"
2019-07-22,2019072201003263,AKJCL,58,26,20,72.00,"1,440.00"
2019-07-22,2019072201003243,AKJCL,58,26,20,72.00,"1,440.00"
2019-07-22,2019072201002996,AKJCL,58,45,20,72.00,"1,440.00"
2019-07-22,2019072201003235,AKPL,56,58,839,177.00,"148,503.00"
2019-07-22,2019072201003160,AKPL,38,6,10,175.00,"1,750.00"
2019-07-22,2019072201003116,AKPL,38,58,"1,984",175.00,"347,200.00"
2019-07-22,2019072201003115,AKPL,16,58,516,175.00,"90,300.00"
2019-07-22,2019072201002949,AKPL,22,57,330,176.00,"58,080.00"
2019-07-22,2019072201003005,AKPL,16,45,13,175.00,"2,275.00"
2019-07-22,2019072201002960,AKPL,16,57,471,175.00,"82,425.00"
2019-07-22,2019072201002959,AKPL,29,57,74,175.00,"12,950.00"
2019-07-22,2019072201002951,AKPL,29,57,126,175.00,"22,050.00"
2019-07-22,2019072201002950,AKPL,56,57,102,175.00,"17,850.00"
2019-07-22,2019072201003055,ALBSL,10,44,10,399.00,"3,990.00"
2019-07-22,2019072201003054,ALBSL,10,36,100,399.00,"39,900.00"
2019-07-22,2019072201003014,ALBSL,25,45,10,395.00,"3,950.00"
2019-07-22,2019072201003280,ALICL,35,36,806,378.00,"304,668.00"
2019-07-22,2019072201003279,ALICL,42,36,50,378.00,"18,900.00"
2019-07-22,2019072201003278,ALICL,32,36,225,378.00,"85,050.00"
2019-07-22,2019072201003277,ALICL,41,36,20,379.00,"7,580.00"
2019-07-22,2019072201003276,ALICL,29,36,150,379.00,"56,850.00"
2019-07-22,2019072201003275,ALICL,59,36,500,379.00,"189,500.00"
2019-07-22,2019072201003011,ALICL,26,32,193,380.00,"73,340.00"
2019-07-22,2019072201002971,ALICL,18,11,18,381.00,"6,858.00"
2019-07-22,2019072201002889,ALICL,10,49,105,379.00,"39,795.00"
2019-07-22,2019072201003274,ALICL,34,36,299,379.00,"113,321.00"
2019-07-22,2019072201003158,ALICL,50,10,137,380.00,"52,060.00"
2019-07-22,2019072201003106,ALICL,34,57,101,379.00,"38,279.00"
2019-07-22,2019072201003105,ALICL,34,57,200,379.00,"75,800.00"
2019-07-22,2019072201003104,ALICL,10,57,300,379.00,"113,700.00"
2019-07-22,2019072201003081,ALICL,26,10,107,380.00,"40,660.00"
2019-07-22,2019072201003218,API,43,4,118,141.00,"16,638.00"
2019-07-22,2019072201003147,API,7,4,382,141.00,"53,862.00"
2019-07-22,2019072201003026,API,7,45,18,141.00,"2,538.00"
2019-07-22,2019072201002983,API,14,40,50,142.00,"7,100.00"
2019-07-22,2019072201003333,BOKL,38,49,500,264.00,"132,000.00"
2019-07-22,2019072201003332,BOKL,53,49,50,264.00,"13,200.00"
2019-07-22,2019072201003331,BOKL,35,49,200,264.00,"52,800.00"
2019-07-22,2019072201003330,BOKL,55,49,100,264.00,"26,400.00"
2019-07-22,2019072201003329,BOKL,34,49,50,264.00,"13,200.00"
2019-07-22,2019072201003328,BOKL,52,49,100,264.00,"26,400.00"
2019-07-22,2019072201002943,BOKL,18,5,70,265.00,"18,550.00"
2019-07-22,2019072201003327,BOKL,13,49,"1,000",264.00,"264,000.00"
2019-07-22,2019072201003326,BOKL,25,49,300,264.00,"79,200.00"
2019-07-22,2019072201003325,BOKL,52,49,89,264.00,"23,496.00"
2019-07-22,2019072201003324,BOKL,49,49,90,265.00,"23,850.00"
2019-07-22,2019072201003159,BOKL,49,5,60,265.00,"15,900.00"
2019-07-22,2019072201002885,BPCL,34,44,33,409.00,"13,497.00"
2019-07-22,2019072201003349,CBBL,42,48,500,974.00,"487,000.00"
2019-07-22,2019072201003165,CBBL,54,14,100,974.00,"97,400.00"
2019-07-22,2019072201003267,CBL,34,3,10,163.00,"1,630.00"
2019-07-22,2019072201003229,CBL,8,3,"2,500",163.00,"407,500.00"
2019-07-22,2019072201003228,CBL,8,3,"1,100",163.00,"179,300.00"
2019-07-22,2019072201003188,CBL,45,3,100,163.00,"16,300.00"
2019-07-22,2019072201003142,CBL,45,6,900,163.00,"146,700.00"
2019-07-22,2019072201003138,CBL,38,6,100,163.00,"16,300.00"
2019-07-22,2019072201002966,CBL,44,3,"1,215",163.00,"198,045.00"
2019-07-22,2019072201002928,CBL,44,38,"1,000",163.00,"163,000.00"
2019-07-22,2019072201002891,CBL,44,34,200,163.00,"32,600.00"
2019-07-22,2019072201003078,CBL,26,38,10,163.00,"1,630.00"
2019-07-22,2019072201003053,CBL,51,38,"1,000",163.00,"163,000.00"
2019-07-22,2019072201003020,CBL,40,7,300,162.00,"48,600.00"
2019-07-22,2019072201002985,CBL,4,3,"1,000",163.00,"163,000.00"
2019-07-22,2019072201002968,CBL,10,3,480,163.00,"78,240.00"
2019-07-22,2019072201002967,CBL,35,3,250,163.00,"40,750.00"
2019-07-22,2019072201003137,CBL,38,45,500,163.00,"81,500.00"
2019-07-22,2019072201003136,CBL,38,56,400,163.00,"65,200.00"
2019-07-22,2019072201003125,CBL,57,56,100,163.00,"16,300.00"
2019-07-22,2019072201003119,CBL,58,56,500,163.00,"81,500.00"
2019-07-22,2019072201003080,CBL,34,38,"1,000",163.00,"163,000.00"
2019-07-22,2019072201003079,CBL,34,38,"1,000",163.00,"163,000.00"
2019-07-22,2019072201003378,CCBL,32,26,110,178.00,"19,580.00"
2019-07-22,2019072201003270,CCBL,33,3,464,179.00,"83,056.00"
2019-07-22,2019072201003269,CCBL,33,3,36,179.00,"6,444.00"
2019-07-22,2019072201003025,CCBL,32,37,913,178.00,"162,514.00"
2019-07-22,2019072201003143,CEFL,4,4,"4,770",105.00,"500,850.00"
2019-07-22,2019072201003345,CFCL,44,46,10,119.00,"1,190.00"
2019-07-22,2019072201003145,CFCL,53,6,200,120.00,"24,000.00"
2019-07-22,2019072201003062,CFCL,33,1,300,121.00,"36,300.00"
2019-07-22,2019072201003061,CFCL,26,1,42,121.00,"5,082.00"
2019-07-22,2019072201003304,CHCL,19,44,15,517.00,"7,755.00"
2019-07-22,2019072201003128,CHCL,40,38,48,515.00,"24,720.00"
2019-07-22,2019072201003127,CHCL,42,38,152,516.00,"78,432.00"
2019-07-22,2019072201002993,CHCL,34,44,80,517.00,"41,360.00"
2019-07-22,2019072201002932,CHCL,41,44,51,517.00,"26,367.00"
2019-07-22,2019072201002931,CHCL,41,44,30,517.00,"15,510.00"
2019-07-22,2019072201002961,CIT,25,58,10,"2,446.00","24,460.00"
2019-07-22,2019072201003117,CLBSL,57,53,104,500.00,"52,000.00"
2019-07-22,2019072201003308,CMF1,33,54,350,9.90,"3,465.00"
2019-07-22,2019072201003213,CZBIL,18,21,90,227.00,"20,430.00"
2019-07-22,2019072201002901,CZBIL,45,34,176,226.00,"39,776.00"
2019-07-22,2019072201002900,CZBIL,45,34,24,226.00,"5,424.00"
2019-07-22,2019072201002892,CZBIL,45,44,10,226.00,"2,260.00"
2019-07-22,2019072201003258,DBBL,21,48,"1,000",149.00,"149,000.00"
2019-07-22,2019072201002904,DBBL,14,44,14,148.00,"2,072.00"
2019-07-22,2019072201003367,DDBL,58,51,255,737.00,"187,935.00"
2019-07-22,2019072201003360,DDBL,4,38,950,735.00,"698,250.00"
2019-07-22,2019072201003359,DDBL,42,38,37,736.00,"27,232.00"
2019-07-22,2019072201003354,DDBL,42,50,63,736.00,"46,368.00"
2019-07-22,2019072201002975,DDBL,4,22,50,735.00,"36,750.00"
2019-07-22,2019072201003197,DHPL,38,22,80,69.00,"5,520.00"
2019-07-22,2019072201003196,DHPL,7,22,10,69.00,690.00
2019-07-22,2019072201003314,EBL,36,22,100,671.00,"67,100.00"
2019-07-22,2019072201003030,EIC,17,19,216,366.00,"79,056.00"
2019-07-22,2019072201003029,EIC,58,19,100,367.00,"36,700.00"
2019-07-22,2019072201003028,EIC,7,19,10,367.00,"3,670.00"
2019-07-22,2019072201003027,EIC,22,19,70,367.00,"25,690.00"
2019-07-22,2019072201003211,FOWAD,28,38,100,"1,355.00","135,500.00"
2019-07-22,2019072201003171,GBBL,39,21,200,227.00,"45,400.00"
2019-07-22,2019072201003170,GBBL,42,21,200,227.00,"45,400.00"
2019-07-22,2019072201003169,GBBL,45,21,500,227.00,"113,500.00"
2019-07-22,2019072201003168,GBBL,29,21,407,227.00,"92,389.00"
2019-07-22,2019072201003088,GBBL,29,7,83,227.00,"18,841.00"
2019-07-22,2019072201003340,GILB,42,50,20,700.00,"14,000.00"
2019-07-22,2019072201003339,GILB,44,50,20,701.00,"14,020.00"
2019-07-22,2019072201003204,GLBSL,35,48,10,399.00,"3,990.00"
2019-07-22,2019072201003203,GLBSL,35,35,10,399.00,"3,990.00"
2019-07-22,2019072201003202,GLBSL,35,39,10,399.00,"3,990.00"
2019-07-22,2019072201003201,GLBSL,35,39,10,399.00,"3,990.00"
2019-07-22,2019072201003082,GLBSL,34,16,10,392.00,"3,920.00"
2019-07-22,2019072201003050,GLBSL,34,45,10,392.00,"3,920.00"
2019-07-22,2019072201003215,GMFBS,34,26,10,468.00,"4,680.00"
2019-07-22,2019072201002978,GMFBS,34,57,10,468.00,"4,680.00"
2019-07-22,2019072201003226,GRDBL,28,46,100,118.00,"11,800.00"
2019-07-22,2019072201003225,GRDBL,28,51,50,118.00,"5,900.00"
2019-07-22,2019072201003224,GRDBL,28,34,200,118.00,"23,600.00"
2019-07-22,2019072201003223,GRDBL,28,59,500,118.00,"59,000.00"
2019-07-22,2019072201003222,GRDBL,28,6,100,118.00,"11,800.00"
2019-07-22,2019072201003221,GRDBL,28,44,50,117.00,"5,850.00"
2019-07-22,2019072201003144,GUFL,44,39,320,122.00,"39,040.00"
2019-07-22,2019072201003294,HBL,38,40,80,562.00,"44,960.00"
2019-07-22,2019072201003293,HBL,13,40,10,562.00,"5,620.00"
2019-07-22,2019072201003346,HDL,35,58,100,"1,640.00","164,000.00"
2019-07-22,2019072201003320,HDL,32,25,100,"1,642.00","164,200.00"
2019-07-22,2019072201003319,HDL,32,25,75,"1,642.00","123,150.00"
2019-07-22,2019072201003114,HDL,32,21,225,"1,642.00","369,450.00"
2019-07-22,2019072201003113,HDL,58,21,110,"1,643.00","180,730.00"
2019-07-22,2019072201003112,HDL,3,21,10,"1,643.00","16,430.00"
2019-07-22,2019072201003111,HDL,58,21,125,"1,645.00","205,625.00"
2019-07-22,2019072201003110,HDL,43,21,10,"1,646.00","16,460.00"
2019-07-22,2019072201003109,HDL,34,21,20,"1,647.00","32,940.00"
2019-07-22,2019072201003365,HIDCL,1,46,10,160.00,"1,600.00"
2019-07-22,2019072201003353,HIDCL,1,46,15,160.00,"2,400.00"
2019-07-22,2019072201003348,HIDCL,1,5,47,160.00,"7,520.00"
2019-07-22,2019072201003321,HIDCL,1,6,11,160.00,"1,760.00"
2019-07-22,2019072201003058,HIDCL,49,45,31,159.00,"4,929.00"
2019-07-22,2019072201002921,HIDCL,51,37,196,160.00,"31,360.00"
2019-07-22,2019072201002914,HIDCL,29,37,910,160.00,"145,600.00"
2019-07-22,2019072201002913,HIDCL,50,37,444,161.00,"71,484.00"
2019-07-22,2019072201002920,HIDCL,51,37,500,160.00,"80,000.00"
2019-07-22,2019072201002919,HIDCL,51,37,500,160.00,"80,000.00"
2019-07-22,2019072201002918,HIDCL,44,37,"1,000",160.00,"160,000.00"
2019-07-22,2019072201002917,HIDCL,8,37,450,160.00,"72,000.00"
2019-07-22,2019072201002916,HIDCL,13,37,"1,000",160.00,"160,000.00"
2019-07-22,2019072201002915,HIDCL,34,37,"1,000",160.00,"160,000.00"
2019-07-22,2019072201002888,HPPL,22,32,10,178.00,"1,780.00"
2019-07-22,2019072201003366,HURJA,38,40,20,139.00,"2,780.00"
2019-07-22,2019072201003257,HURJA,38,26,20,139.00,"2,780.00"
2019-07-22,2019072201003236,HURJA,38,26,20,139.00,"2,780.00"
2019-07-22,2019072201003162,HURJA,38,4,20,139.00,"2,780.00"
2019-07-22,2019072201003157,HURJA,38,4,20,139.00,"2,780.00"
2019-07-22,2019072201003108,HURJA,38,4,20,139.00,"2,780.00"
2019-07-22,2019072201003089,HURJA,38,34,20,139.00,"2,780.00"
2019-07-22,2019072201003049,HURJA,43,22,20,140.00,"2,800.00"
2019-07-22,2019072201002984,HURJA,43,22,200,140.00,"28,000.00"
2019-07-22,2019072201002947,IGI,42,6,18,352.00,"6,336.00"
2019-07-22,2019072201003363,ILBS,51,35,60,392.00,"23,520.00"
2019-07-22,2019072201003316,ILBS,51,42,10,392.00,"3,920.00"
2019-07-22,2019072201003309,ILBS,51,42,10,392.00,"3,920.00"
2019-07-22,2019072201003303,ILBS,51,42,10,392.00,"3,920.00"
2019-07-22,2019072201003300,ILBS,51,42,10,392.00,"3,920.00"
2019-07-22,2019072201003283,ILBS,51,40,10,392.00,"3,920.00"
2019-07-22,2019072201003051,ILBS,39,36,20,392.00,"7,840.00"
2019-07-22,2019072201002912,ILBS,39,59,10,392.00,"3,920.00"
2019-07-22,2019072201003164,ILBS,51,40,10,392.00,"3,920.00"
2019-07-22,2019072201003134,ILBS,51,16,10,392.00,"3,920.00"
2019-07-22,2019072201003107,ILBS,51,16,10,392.00,"3,920.00"
2019-07-22,2019072201003085,ILBS,51,29,10,392.00,"3,920.00"
2019-07-22,2019072201003066,ILBS,52,35,20,393.00,"7,860.00"
2019-07-22,2019072201003052,ILBS,51,36,80,392.00,"31,360.00"
2019-07-22,2019072201003271,ILBS,51,40,10,392.00,"3,920.00"
2019-07-22,2019072201003244,ILBS,51,40,10,392.00,"3,920.00"
2019-07-22,2019072201003227,ILBS,51,40,10,392.00,"3,920.00"
2019-07-22,2019072201003214,ILBS,51,40,10,392.00,"3,920.00"
2019-07-22,2019072201003205,ILBS,51,40,10,392.00,"3,920.00"
2019-07-22,2019072201003185,ILBS,51,40,10,392.00,"3,920.00"
2019-07-22,2019072201003343,JBBL,58,59,54,166.00,"8,964.00"
2019-07-22,2019072201003296,JBBL,58,17,373,165.00,"61,545.00"
2019-07-22,2019072201003295,JBBL,58,17,216,165.00,"35,640.00"
2019-07-22,2019072201003264,JBBL,58,14,100,165.00,"16,500.00"
2019-07-22,2019072201002970,JBBL,58,59,68,166.00,"11,288.00"
2019-07-22,2019072201002954,JBBL,58,14,100,165.00,"16,500.00"
2019-07-22,2019072201002952,JFL,3,40,17,182.00,"3,094.00"
2019-07-22,2019072201003217,JOSHI,7,57,20,78.00,"1,560.00"
2019-07-22,2019072201003186,JOSHI,7,57,20,78.00,"1,560.00"
2019-07-22,2019072201003174,JOSHI,7,57,20,78.00,"1,560.00"
2019-07-22,2019072201003172,JOSHI,7,57,20,78.00,"1,560.00"
2019-07-22,2019072201003063,JOSHI,7,45,20,78.00,"1,560.00"
2019-07-22,2019072201003315,KBL,57,13,13,222.00,"2,886.00"
2019-07-22,2019072201003069,KBL,32,52,135,222.00,"29,970.00"
2019-07-22,2019072201003048,KBL,32,57,365,222.00,"81,030.00"
2019-07-22,2019072201003047,KBL,57,57,450,222.00,"99,900.00"
2019-07-22,2019072201003046,KBL,22,57,700,222.00,"155,400.00"
2019-07-22,2019072201003045,KBL,57,57,"1,485",222.00,"329,670.00"
2019-07-22,2019072201002890,KBL,57,6,200,222.00,"44,400.00"
2019-07-22,2019072201003070,KKHC,34,45,16,66.00,"1,056.00"
2019-07-22,2019072201003077,KPCL,21,45,10,92.00,920.00
2019-07-22,2019072201003247,KSBBL,42,42,824,161.00,"132,664.00"
2019-07-22,2019072201003246,KSBBL,42,42,176,161.00,"28,336.00"
2019-07-22,2019072201003122,KSBBL,44,42,200,161.00,"32,200.00"
2019-07-22,2019072201003121,KSBBL,38,42,100,161.00,"16,100.00"
2019-07-22,2019072201003120,KSBBL,34,42,"1,024",161.00,"164,864.00"
2019-07-22,2019072201002930,KSBBL,34,6,737,161.00,"118,657.00"
2019-07-22,2019072201003220,LBBL,33,33,300,207.00,"62,100.00"
2019-07-22,2019072201003219,LBBL,49,33,735,207.00,"152,145.00"
2019-07-22,2019072201003210,LBBL,49,35,100,207.00,"20,700.00"
2019-07-22,2019072201003195,LBBL,49,38,415,207.00,"85,905.00"
2019-07-22,2019072201002997,LBBL,10,58,"1,240",208.00,"257,920.00"
2019-07-22,2019072201002898,LBBL,42,34,419,207.00,"86,733.00"
2019-07-22,2019072201002897,LBBL,45,34,800,207.00,"165,600.00"
2019-07-22,2019072201002896,LBBL,33,34,300,207.00,"62,100.00"
2019-07-22,2019072201002895,LBBL,36,34,10,207.00,"2,070.00"
2019-07-22,2019072201003194,LBBL,38,38,181,207.00,"37,467.00"
2019-07-22,2019072201003074,LBBL,38,39,819,207.00,"169,533.00"
2019-07-22,2019072201003073,LBBL,42,39,181,207.00,"37,467.00"
2019-07-22,2019072201003060,LBBL,42,39,500,207.00,"103,500.00"
2019-07-22,2019072201002999,LBBL,10,57,260,208.00,"54,080.00"
2019-07-22,2019072201002998,LBBL,10,25,500,208.00,"104,000.00"
2019-07-22,2019072201003379,LBL,47,44,17,227.00,"3,859.00"
2019-07-22,2019072201003259,LBL,50,19,17,226.00,"3,842.00"
2019-07-22,2019072201002977,LBL,50,16,11,226.00,"2,486.00"
2019-07-22,2019072201002976,LBL,51,16,39,226.00,"8,814.00"
2019-07-22,2019072201003126,LGIL,34,42,"1,109",432.00,"479,088.00"
2019-07-22,2019072201003338,LICN,22,57,11,"1,581.00","17,391.00"
2019-07-22,2019072201003037,LICN,17,14,300,"1,585.00","475,500.00"
2019-07-22,2019072201003036,LICN,25,14,100,"1,585.00","158,500.00"
2019-07-22,2019072201003035,LICN,14,14,100,"1,585.00","158,500.00"
2019-07-22,2019072201003034,LICN,34,14,500,"1,586.00","793,000.00"
2019-07-22,2019072201003033,LICN,35,14,100,"1,586.00","158,600.00"
2019-07-22,2019072201003032,LICN,22,14,100,"1,587.00","158,700.00"
2019-07-22,2019072201003012,LICN,14,44,166,"1,594.00","264,604.00"
2019-07-22,2019072201003007,LICN,22,44,100,"1,587.00","158,700.00"
2019-07-22,2019072201002927,MBL,38,34,200,271.00,"54,200.00"
2019-07-22,2019072201003372,MEGA,47,26,316,214.00,"67,624.00"
2019-07-22,2019072201003368,MEGA,47,10,17,214.00,"3,638.00"
2019-07-22,2019072201003356,MEGA,8,28,151,214.00,"32,314.00"
2019-07-22,2019072201003341,MEGA,41,21,100,213.00,"21,300.00"
2019-07-22,2019072201003290,MEGA,52,58,700,214.00,"149,800.00"
2019-07-22,2019072201003289,MEGA,52,46,500,214.00,"107,000.00"
2019-07-22,2019072201002942,MEGA,41,34,200,213.00,"42,600.00"
2019-07-22,2019072201003375,MERO,41,22,33,516.00,"17,028.00"
2019-07-22,2019072201003056,MERO,40,40,7,519.00,"3,633.00"
2019-07-22,2019072201003019,MERO,21,57,17,519.00,"8,823.00"
2019-07-22,2019072201003018,MERO,21,13,23,518.00,"11,914.00"
2019-07-22,2019072201003017,MERO,21,51,30,518.00,"15,540.00"
2019-07-22,2019072201003132,MHNL,59,29,150,103.00,"15,450.00"
2019-07-22,2019072201003102,MHNL,59,29,50,103.00,"5,150.00"
2019-07-22,2019072201003101,MHNL,59,26,30,103.00,"3,090.00"
2019-07-22,2019072201003100,MHNL,59,26,40,103.00,"4,120.00"
2019-07-22,2019072201003099,MHNL,59,34,30,103.00,"3,090.00"
2019-07-22,2019072201003098,MHNL,59,34,40,103.00,"4,120.00"
2019-07-22,2019072201003097,MHNL,59,34,30,103.00,"3,090.00"
2019-07-22,2019072201003096,MHNL,59,34,40,103.00,"4,120.00"
2019-07-22,2019072201003095,MHNL,59,45,30,103.00,"3,090.00"
2019-07-22,2019072201003094,MHNL,59,57,10,103.00,"1,030.00"
2019-07-22,2019072201003187,MLBL,33,21,54,199.00,"10,746.00"
2019-07-22,2019072201002907,MLBL,48,36,245,200.00,"49,000.00"
2019-07-22,2019072201002911,MLBL,33,36,"1,624",199.00,"323,176.00"
2019-07-22,2019072201002910,MLBL,13,36,31,199.00,"6,169.00"
2019-07-22,2019072201002909,MLBL,57,36,50,200.00,"10,000.00"
2019-07-22,2019072201002908,MLBL,57,36,50,200.00,"10,000.00"
2019-07-22,2019072201003266,MNBBL,4,32,66,380.00,"25,080.00"
2019-07-22,2019072201003265,MNBBL,4,6,434,380.00,"164,920.00"
2019-07-22,2019072201002926,MNBBL,48,21,471,379.00,"178,509.00"
2019-07-22,2019072201003000,MSLB,33,5,10,975.00,"9,750.00"
2019-07-22,2019072201003016,MSMBS,33,44,55,448.00,"24,640.00"
2019-07-22,2019072201003015,MSMBS,33,39,16,448.00,"7,168.00"
2019-07-22,2019072201003336,NABIL,49,38,294,805.00,"236,670.00"
2019-07-22,2019072201003335,NABIL,49,6,26,805.00,"20,930.00"
2019-07-22,2019072201003334,NABIL,49,3,180,805.00,"144,900.00"
2019-07-22,2019072201003310,NABIL,36,3,100,805.00,"80,500.00"
2019-07-22,2019072201003250,NABIL,45,52,50,804.00,"40,200.00"
2019-07-22,2019072201003249,NABIL,45,43,105,804.00,"84,420.00"
2019-07-22,2019072201003149,NABIL,49,43,180,804.00,"144,720.00"
2019-07-22,2019072201003010,NABIL,52,43,15,804.00,"12,060.00"
2019-07-22,2019072201003342,NADEP,6,45,20,425.00,"8,500.00"
2019-07-22,2019072201003298,NADEP,6,6,10,425.00,"4,250.00"
2019-07-22,2019072201003190,NAGRO,41,29,10,503.00,"5,030.00"
2019-07-22,2019072201003083,NAGRO,41,34,10,503.00,"5,030.00"
2019-07-22,2019072201002957,NAGRO,41,34,10,503.00,"5,030.00"
2019-07-22,2019072201002894,NAGRO,41,59,10,503.00,"5,030.00"
2019-07-22,2019072201003318,NBB,40,25,500,226.00,"113,000.00"
2019-07-22,2019072201003199,NBB,21,53,"1,325",226.00,"299,450.00"
2019-07-22,2019072201003076,NBB,57,19,86,225.00,"19,350.00"
2019-07-22,2019072201003075,NBB,40,19,17,226.00,"3,842.00"
2019-07-22,2019072201003021,NBB,40,25,290,226.00,"65,540.00"
2019-07-22,2019072201003009,NBB,40,25,193,226.00,"43,618.00"
2019-07-22,2019072201003008,NBB,55,25,307,226.00,"69,382.00"
2019-07-22,2019072201003004,NBB,55,3,393,226.00,"88,818.00"
2019-07-22,2019072201003003,NBB,55,58,"1,500",226.00,"339,000.00"
2019-07-22,2019072201002955,NBB,57,34,200,225.00,"45,000.00"
2019-07-22,2019072201003281,NBL,1,57,262,343.00,"89,866.00"
2019-07-22,2019072201003093,NBL,56,29,80,342.00,"27,360.00"
2019-07-22,2019072201003092,NBL,32,29,50,342.00,"17,100.00"
2019-07-22,2019072201003091,NBL,51,29,70,342.00,"23,940.00"
2019-07-22,2019072201003352,NCCB,34,21,100,249.00,"24,900.00"
2019-07-22,2019072201003057,NCCB,32,39,"1,000",250.00,"250,000.00"
2019-07-22,2019072201003371,NGPL,40,40,1,116.00,116.00
2019-07-22,2019072201003230,NGPL,21,5,115,116.00,"13,340.00"
2019-07-22,2019072201003268,NHDL,44,6,10,123.00,"1,230.00"
2019-07-22,2019072201003173,NHDL,44,6,10,123.00,"1,230.00"
2019-07-22,2019072201003118,NHDL,44,6,10,123.00,"1,230.00"
2019-07-22,2019072201003198,NIB,7,21,83,516.00,"42,828.00"
2019-07-22,2019072201002938,NIB,32,16,"2,000",516.00,"1,032,000.00"
2019-07-22,2019072201002937,NIB,49,16,400,516.00,"206,400.00"
2019-07-22,2019072201002936,NIB,49,16,20,517.00,"10,340.00"
2019-07-22,2019072201002935,NIB,41,16,50,517.00,"25,850.00"
2019-07-22,2019072201002934,NIB,53,16,"1,000",517.00,"517,000.00"
2019-07-22,2019072201002933,NIB,39,16,50,517.00,"25,850.00"
2019-07-22,2019072201003351,NIBPO,6,4,500,470.00,"235,000.00"
2019-07-22,2019072201003307,NIBPO,59,4,200,471.00,"94,200.00"
2019-07-22,2019072201003376,NIBSF1,38,46,500,9.23,"4,615.00"
2019-07-22,2019072201003311,NIBSF1,38,46,500,9.23,"4,615.00"
2019-07-22,2019072201003317,NICA,8,57,180,462.00,"83,160.00"
2019-07-22,2019072201003156,NICA,19,21,747,461.00,"344,367.00"
2019-07-22,2019072201003155,NICA,10,21,176,461.00,"81,136.00"
2019-07-22,2019072201003154,NICA,39,21,100,462.00,"46,200.00"
2019-07-22,2019072201003153,NICA,58,21,200,462.00,"92,400.00"
2019-07-22,2019072201003152,NICA,59,21,437,462.00,"201,894.00"
2019-07-22,2019072201002986,NICA,43,45,575,463.00,"266,225.00"
2019-07-22,2019072201002956,NICA,42,45,25,463.00,"11,575.00"
2019-07-22,2019072201003129,NICA,59,57,100,462.00,"46,200.00"
2019-07-22,2019072201003087,NICA,59,1,200,462.00,"92,400.00"
2019-07-22,2019072201003044,NICA,59,33,200,462.00,"92,400.00"
2019-07-22,2019072201002989,NICA,43,52,14,463.00,"6,482.00"
2019-07-22,2019072201002988,NICA,43,57,396,463.00,"183,348.00"
2019-07-22,2019072201002987,NICA,43,6,15,463.00,"6,945.00"
2019-07-22,2019072201002925,NICGF,43,26,"7,500",9.90,"74,250.00"
2019-07-22,2019072201002882,NICGF,43,26,200,9.90,"1,980.00"
2019-07-22,2019072201003256,NICL,13,10,55,347.00,"19,085.00"
2019-07-22,2019072201003255,NICL,39,10,295,347.00,"102,365.00"
2019-07-22,2019072201003254,NICL,51,10,200,348.00,"69,600.00"
2019-07-22,2019072201003253,NICL,59,10,200,348.00,"69,600.00"
2019-07-22,2019072201003042,NIL,34,41,675,485.00,"327,375.00"
2019-07-22,2019072201003041,NIL,6,41,25,486.00,"12,150.00"
2019-07-22,2019072201003040,NIL,7,41,200,486.00,"97,200.00"
2019-07-22,2019072201003039,NIL,40,41,50,486.00,"24,300.00"
2019-07-22,2019072201003038,NIL,35,41,50,486.00,"24,300.00"
2019-07-22,2019072201003002,NIL,34,14,75,487.00,"36,525.00"
2019-07-22,2019072201002948,NIL,18,34,49,488.00,"23,912.00"
2019-07-22,2019072201003350,NLBBL,19,59,600,506.00,"303,600.00"
2019-07-22,2019072201002982,NLBBL,58,33,150,506.00,"75,900.00"
2019-07-22,2019072201002972,NLBBL,38,59,50,505.00,"25,250.00"
2019-07-22,2019072201003322,NLIC,8,4,41,891.00,"36,531.00"
2019-07-22,2019072201003297,NLIC,54,4,200,892.00,"178,400.00"
2019-07-22,2019072201003273,NLIC,54,13,70,891.00,"62,370.00"
2019-07-22,2019072201003272,NLIC,54,6,31,891.00,"27,621.00"
2019-07-22,2019072201003241,NLIC,20,4,160,891.00,"142,560.00"
2019-07-22,2019072201003240,NLIC,20,21,40,890.00,"35,600.00"
2019-07-22,2019072201003179,NLIC,11,4,83,890.00,"73,870.00"
2019-07-22,2019072201003167,NLIC,50,4,19,891.00,"16,929.00"
2019-07-22,2019072201003166,NLIC,50,4,81,891.00,"72,171.00"
2019-07-22,2019072201003086,NLIC,19,4,30,891.00,"26,730.00"
2019-07-22,2019072201003193,NLIC,22,4,20,891.00,"17,820.00"
2019-07-22,2019072201003192,NLIC,52,4,17,890.00,"15,130.00"
2019-07-22,2019072201003191,NLIC,42,4,33,890.00,"29,370.00"
2019-07-22,2019072201003182,NLIC,42,4,17,890.00,"15,130.00"
2019-07-22,2019072201003181,NLIC,53,4,200,890.00,"178,000.00"
2019-07-22,2019072201003180,NLIC,6,4,100,890.00,"89,000.00"
2019-07-22,2019072201003234,NLICL,6,4,150,596.00,"89,400.00"
2019-07-22,2019072201003233,NLICL,43,4,50,596.00,"29,800.00"
2019-07-22,2019072201003362,NMBMF,49,21,12,"1,079.00","12,948.00"
2019-07-22,2019072201003361,NMBMF,49,57,20,"1,078.00","21,560.00"
2019-07-22,2019072201003043,NMBMF,35,14,100,"1,075.00","107,500.00"
2019-07-22,2019072201002981,NMBMF,6,19,75,"1,060.00","79,500.00"
2019-07-22,2019072201002980,NMBMF,6,47,41,"1,060.00","43,460.00"
2019-07-22,2019072201003381,NMBSF1,35,43,"2,000",11.05,"22,100.00"
2019-07-22,2019072201003364,NMBSF1,35,43,"8,000",11.05,"88,400.00"
2019-07-22,2019072201003031,NMFBS,58,44,29,"1,451.00","42,079.00"
2019-07-22,2019072201003237,NUBL,42,38,100,865.00,"86,500.00"
2019-07-22,2019072201003242,OHL,36,14,200,611.00,"122,200.00"
2019-07-22,2019072201003024,OHL,36,45,80,611.00,"48,880.00"
2019-07-22,2019072201003023,OHL,50,45,50,611.00,"30,550.00"
2019-07-22,2019072201003022,OHL,19,45,50,615.00,"30,750.00"
2019-07-22,2019072201003178,PCBL,57,21,32,285.00,"9,120.00"
2019-07-22,2019072201003177,PCBL,50,21,100,286.00,"28,600.00"
2019-07-22,2019072201003176,PCBL,59,21,200,286.00,"57,200.00"
2019-07-22,2019072201003175,PCBL,13,21,12,286.00,"3,432.00"
2019-07-22,2019072201002941,PCBL,13,6,38,286.00,"10,868.00"
2019-07-22,2019072201002940,PCBL,1,6,30,286.00,"8,580.00"
2019-07-22,2019072201003355,PFL,1,41,261,142.00,"37,062.00"
2019-07-22,2019072201003323,PFL,1,18,26,142.00,"3,692.00"
2019-07-22,2019072201003301,PFL,1,34,161,142.00,"22,862.00"
2019-07-22,2019072201003209,PIC,52,6,25,490.00,"12,250.00"
2019-07-22,2019072201003208,PIC,52,6,30,490.00,"14,700.00"
2019-07-22,2019072201002992,PIC,52,6,20,490.00,"9,800.00"
2019-07-22,2019072201003282,PICL,34,58,10,560.00,"5,600.00"
2019-07-22,2019072201002905,PICL,45,40,30,555.00,"16,650.00"
2019-07-22,2019072201003302,PMHPL,39,26,10,106.00,"1,060.00"
2019-07-22,2019072201003380,PPCL,38,22,10,136.00,"1,360.00"
2019-07-22,2019072201002969,PPCL,38,51,10,136.00,"1,360.00"
2019-07-22,2019072201002887,PPCL,38,26,30,136.00,"4,080.00"
2019-07-22,2019072201002974,PPCL,38,51,10,136.00,"1,360.00"
2019-07-22,2019072201003377,PRIN,44,53,400,372.00,"148,800.00"
2019-07-22,2019072201003184,PRIN,44,6,500,372.00,"186,000.00"
2019-07-22,2019072201003183,PRIN,44,32,50,371.00,"18,550.00"
2019-07-22,2019072201003374,PRVU,50,50,19,275.00,"5,225.00"
2019-07-22,2019072201003239,PRVU,50,46,482,275.00,"132,550.00"
2019-07-22,2019072201003238,PRVU,1,46,118,275.00,"32,450.00"
2019-07-22,2019072201002964,PRVU,1,34,82,275.00,"22,550.00"
2019-07-22,2019072201002963,PRVU,49,34,118,275.00,"32,450.00"
2019-07-22,2019072201003084,RADHI,50,45,33,143.00,"4,719.00"
2019-07-22,2019072201002893,RADHI,50,26,11,143.00,"1,573.00"
2019-07-22,2019072201003337,RLFL,17,44,10,122.00,"1,220.00"
2019-07-22,2019072201003313,RLFL,17,44,20,122.00,"2,440.00"
2019-07-22,2019072201003305,RLFL,17,44,20,122.00,"2,440.00"
2019-07-22,2019072201003347,RMDC,21,14,431,670.00,"288,770.00"
2019-07-22,2019072201003163,RRHP,34,6,10,106.00,"1,060.00"
2019-07-22,2019072201003133,RRHP,34,6,10,106.00,"1,060.00"
2019-07-22,2019072201003090,RRHP,34,45,10,106.00,"1,060.00"
2019-07-22,2019072201002899,RRHP,34,26,10,106.00,"1,060.00"
2019-07-22,2019072201003212,RSDC,34,53,10,341.00,"3,410.00"
2019-07-22,2019072201003200,RSDC,7,53,100,342.00,"34,200.00"
2019-07-22,2019072201003131,RSDC,7,4,41,342.00,"14,022.00"
2019-07-22,2019072201003130,RSDC,41,4,28,342.00,"9,576.00"
2019-07-22,2019072201003370,SADBL,47,35,200,159.00,"31,800.00"
2019-07-22,2019072201002883,SADBL,57,49,200,158.00,"31,600.00"
2019-07-22,2019072201003299,SANIMA,36,14,364,354.00,"128,856.00"
2019-07-22,2019072201003262,SANIMA,11,14,300,354.00,"106,200.00"
2019-07-22,2019072201003261,SANIMA,49,14,20,354.00,"7,080.00"
2019-07-22,2019072201003260,SANIMA,42,14,316,354.00,"111,864.00"
2019-07-22,2019072201002946,SANIMA,42,14,34,354.00,"12,036.00"
2019-07-22,2019072201002945,SANIMA,6,14,300,354.00,"106,200.00"
2019-07-22,2019072201002944,SANIMA,32,14,266,354.00,"94,164.00"
2019-07-22,2019072201003245,SBI,50,5,22,470.00,"10,340.00"
2019-07-22,2019072201003292,SBL,36,28,937,325.00,"304,525.00"
2019-07-22,2019072201003288,SBL,36,28,63,325.00,"20,475.00"
2019-07-22,2019072201003287,SBL,26,28,150,325.00,"48,750.00"
2019-07-22,2019072201003286,SBL,7,28,250,325.00,"81,250.00"
2019-07-22,2019072201003285,SBL,14,28,500,325.00,"162,500.00"
2019-07-22,2019072201003284,SBL,36,28,37,325.00,"12,025.00"
2019-07-22,2019072201003369,SCB,43,22,40,676.00,"27,040.00"
2019-07-22,2019072201003312,SCB,59,3,200,677.00,"135,400.00"
2019-07-22,2019072201003291,SCB,43,36,324,676.00,"219,024.00"
2019-07-22,2019072201003072,SCB,43,14,100,676.00,"67,600.00"
2019-07-22,2019072201002924,SEF,13,26,100,9.82,982.00
2019-07-22,2019072201003248,SHINE,41,38,80,252.00,"20,160.00"
2019-07-22,2019072201003207,SHIVM,39,33,100,625.00,"62,500.00"
2019-07-22,2019072201003206,SHIVM,39,22,100,625.00,"62,500.00"
2019-07-22,2019072201003189,SHIVM,39,35,200,624.00,"124,800.00"
2019-07-22,2019072201002979,SHIVM,42,34,60,622.00,"37,320.00"
2019-07-22,2019072201003123,SICL,46,36,861,786.00,"676,746.00"
2019-07-22,2019072201002953,SICL,1,38,317,785.00,"248,845.00"
2019-07-22,2019072201003358,SKBBL,4,14,355,990.00,"351,450.00"
2019-07-22,2019072201003357,SKBBL,26,14,20,990.00,"19,800.00"
2019-07-22,2019072201003065,SLBSL,5,44,10,545.00,"5,450.00"
2019-07-22,2019072201002965,SLICL,18,6,15,461.00,"6,915.00"
2019-07-22,2019072201002958,SMB,6,51,10,414.00,"4,140.00"
2019-07-22,2019072201003252,SMFBS,34,6,100,484.00,"48,400.00"
2019-07-22,2019072201003251,SMFBS,35,6,40,485.00,"19,400.00"
2019-07-22,2019072201003232,SPARS,17,57,50,430.00,"21,500.00"
2019-07-22,2019072201003231,SPARS,38,57,20,430.00,"8,600.00"
2019-07-22,2019072201003067,SPARS,34,6,10,429.00,"4,290.00"
2019-07-22,2019072201002991,SPARS,17,38,20,430.00,"8,600.00"
2019-07-22,2019072201003161,SPDL,7,29,44,90.00,"3,960.00"
2019-07-22,2019072201003148,SPDL,17,6,59,91.00,"5,369.00"
2019-07-22,2019072201003124,SPDL,7,45,15,90.00,"1,350.00"
2019-07-22,2019072201002929,SPDL,7,52,59,90.00,"5,310.00"
2019-07-22,2019072201002903,SPDL,40,52,200,89.00,"17,800.00"
2019-07-22,2019072201002902,SPDL,55,52,103,89.00,"9,167.00"
2019-07-22,2019072201002973,SRBL,49,34,200,254.00,"50,800.00"
2019-07-22,2019072201002923,TRH,38,39,260,315.00,"81,900.00"
2019-07-22,2019072201002922,TRH,38,39,240,315.00,"75,600.00"
2019-07-22,2019072201002884,TRH,38,42,10,315.00,"3,150.00"
2019-07-22,2019072201003141,UMHL,57,45,14,110.00,"1,540.00"
2019-07-22,2019072201003140,UMHL,57,45,18,110.00,"1,980.00"
2019-07-22,2019072201003139,UMHL,39,45,10,110.00,"1,100.00"
2019-07-22,2019072201003306,UPCL,25,26,50,89.00,"4,450.00"
2019-07-22,2019072201003103,UPCL,25,29,50,89.00,"4,450.00"
2019-07-22,2019072201003068,UPCL,25,45,100,89.00,"8,900.00"
2019-07-22,2019072201002939,UPCL,7,19,500,90.00,"45,000.00"
2019-07-22,2019072201003151,UPPER,45,35,200,283.00,"56,600.00"
2019-07-22,2019072201003150,UPPER,29,35,257,283.00,"72,731.00"
2019-07-22,2019072201003146,UPPER,29,50,100,283.00,"28,300.00"
2019-07-22,2019072201003071,UPPER,29,56,40,283.00,"11,320.00"
2019-07-22,2019072201003064,UPPER,29,56,50,283.00,"14,150.00"
2019-07-22,2019072201002990,UPPER,29,6,113,283.00,"31,979.00"
2019-07-22,2019072201002962,UPPER,29,14,100,283.00,"28,300.00"
2019-07-22,2019072201003059,UPPER,29,56,40,283.00,"11,320.00"
2019-07-22,2019072201003013,UPPER,29,39,50,283.00,"14,150.00"
2019-07-22,2019072201003006,UPPER,29,58,50,283.00,"14,150.00"
2019-07-22,2019072201003001,UPPER,29,19,500,283.00,"141,500.00"
2019-07-22,2019072201002995,UPPER,29,39,50,283.00,"14,150.00"
2019-07-22,2019072201002994,UPPER,29,37,50,283.00,"14,150.00"
2019-07-22,2019072201002850,ADBL,21,5,200,417.00,"83,400.00"
2019-07-22,2019072201002702,ADBL,36,29,"1,000",417.00,"417,000.00"
2019-07-22,2019072201002642,ADBL,38,6,42,416.00,"17,472.00"
2019-07-22,2019072201002591,ADBL,50,29,934,417.00,"389,478.00"
2019-07-22,2019072201002474,ADBL,47,29,66,417.00,"27,522.00"
2019-07-22,2019072201002473,ADBL,47,45,434,417.00,"180,978.00"
2019-07-22,2019072201002393,ADBL,16,45,66,417.00,"27,522.00"
2019-07-22,2019072201002385,ADBL,47,41,98,417.00,"40,866.00"
2019-07-22,2019072201002384,ADBL,47,19,110,417.00,"45,870.00"
2019-07-22,2019072201002562,AKJCL,58,45,140,72.00,"10,080.00"
2019-07-22,2019072201002423,AKJCL,29,55,390,73.00,"28,470.00"
2019-07-22,2019072201002617,AKPL,22,41,285,176.00,"50,160.00"
2019-07-22,2019072201002616,AKPL,41,41,"1,428",176.00,"251,328.00"
2019-07-22,2019072201002615,AKPL,25,41,287,177.00,"50,799.00"
2019-07-22,2019072201002564,AKPL,25,45,13,177.00,"2,301.00"
2019-07-22,2019072201002660,ALBSL,10,41,10,397.00,"3,970.00"
2019-07-22,2019072201002659,ALBSL,10,33,10,397.00,"3,970.00"
2019-07-22,2019072201002658,ALBSL,10,33,10,397.00,"3,970.00"
2019-07-22,2019072201002657,ALBSL,10,6,10,396.00,"3,960.00"
2019-07-22,2019072201002656,ALBSL,10,40,10,396.00,"3,960.00"
2019-07-22,2019072201002655,ALBSL,10,40,10,396.00,"3,960.00"
2019-07-22,2019072201002654,ALBSL,10,44,10,395.00,"3,950.00"
2019-07-22,2019072201002573,ALBSL,34,45,50,392.00,"19,600.00"
2019-07-22,2019072201002873,ALICL,32,45,275,378.00,"103,950.00"
2019-07-22,2019072201002872,ALICL,26,45,10,378.00,"3,780.00"
2019-07-22,2019072201002871,ALICL,34,45,155,378.00,"58,590.00"
2019-07-22,2019072201002864,ALICL,34,52,345,378.00,"130,410.00"
2019-07-22,2019072201002863,ALICL,43,52,70,378.00,"26,460.00"
2019-07-22,2019072201002779,ALICL,39,49,100,379.00,"37,900.00"
2019-07-22,2019072201002588,ALICL,22,57,10,380.00,"3,800.00"
2019-07-22,2019072201002391,ALICL,51,45,50,380.00,"19,000.00"
2019-07-22,2019072201002778,ALICL,13,49,100,379.00,"37,900.00"
2019-07-22,2019072201002777,ALICL,45,49,20,379.00,"7,580.00"
2019-07-22,2019072201002776,ALICL,50,49,129,379.00,"48,891.00"
2019-07-22,2019072201002774,ALICL,58,45,100,380.00,"38,000.00"
2019-07-22,2019072201002688,ALICL,58,57,71,380.00,"26,980.00"
2019-07-22,2019072201002685,ALICL,22,57,100,380.00,"38,000.00"
2019-07-22,2019072201002847,API,6,40,400,142.00,"56,800.00"
2019-07-22,2019072201002755,API,43,28,18,140.00,"2,520.00"
2019-07-22,2019072201002408,API,43,39,29,140.00,"4,060.00"
2019-07-22,2019072201002812,BFC,38,32,50,102.00,"5,100.00"
2019-07-22,2019072201002683,BFC,56,32,150,102.00,"15,300.00"
2019-07-22,2019072201002529,BNT,32,5,10,"6,936.00","69,360.00"
2019-07-22,2019072201002876,BOKL,52,34,111,264.00,"29,304.00"
2019-07-22,2019072201002875,BOKL,52,34,89,264.00,"23,496.00"
2019-07-22,2019072201002829,BOKL,52,42,11,264.00,"2,904.00"
2019-07-22,2019072201002803,BOKL,6,5,50,265.00,"13,250.00"
2019-07-22,2019072201002802,BOKL,7,5,20,265.00,"5,300.00"
2019-07-22,2019072201002801,BOKL,57,5,50,265.00,"13,250.00"
2019-07-22,2019072201002447,BOKL,38,34,127,266.00,"33,782.00"
2019-07-22,2019072201002446,BOKL,38,6,100,266.00,"26,600.00"
2019-07-22,2019072201002800,BOKL,39,5,100,265.00,"26,500.00"
2019-07-22,2019072201002799,BOKL,40,5,750,265.00,"198,750.00"
2019-07-22,2019072201002790,BOKL,41,6,126,266.00,"33,516.00"
2019-07-22,2019072201002703,BOKL,41,4,274,266.00,"72,884.00"
2019-07-22,2019072201002492,BOKL,28,51,47,266.00,"12,502.00"
2019-07-22,2019072201002448,BOKL,38,51,73,266.00,"19,418.00"
2019-07-22,2019072201002762,BPCL,34,28,44,409.00,"17,996.00"
2019-07-22,2019072201002601,CBBL,4,48,200,978.00,"195,600.00"
2019-07-22,2019072201002600,CBBL,4,52,200,977.00,"195,400.00"
2019-07-22,2019072201002599,CBBL,4,48,200,977.00,"195,400.00"
2019-07-22,2019072201002598,CBBL,4,28,74,976.00,"72,224.00"
2019-07-22,2019072201002597,CBBL,4,44,25,976.00,"24,400.00"
2019-07-22,2019072201002818,CBL,44,35,90,163.00,"14,670.00"
2019-07-22,2019072201002817,CBL,44,57,357,163.00,"58,191.00"
2019-07-22,2019072201002816,CBL,44,14,138,163.00,"22,494.00"
2019-07-22,2019072201002808,CBL,51,14,362,163.00,"59,006.00"
2019-07-22,2019072201002807,CBL,51,44,38,163.00,"6,194.00"
2019-07-22,2019072201002806,CBL,51,39,600,163.00,"97,800.00"
2019-07-22,2019072201002457,CBL,44,20,200,164.00,"32,800.00"
2019-07-22,2019072201002456,CBL,44,6,335,164.00,"54,940.00"
2019-07-22,2019072201002497,CBL,1,1,30,163.00,"4,890.00"
2019-07-22,2019072201002462,CBL,44,28,765,164.00,"125,460.00"
2019-07-22,2019072201002461,CBL,44,37,"2,000",164.00,"328,000.00"
2019-07-22,2019072201002460,CBL,44,59,150,164.00,"24,600.00"
2019-07-22,2019072201002459,CBL,44,38,"1,500",164.00,"246,000.00"
2019-07-22,2019072201002458,CBL,44,28,50,164.00,"8,200.00"
2019-07-22,2019072201002583,CBL,6,56,100,163.00,"16,300.00"
2019-07-22,2019072201002577,CBL,56,56,500,163.00,"81,500.00"
2019-07-22,2019072201002570,CBL,53,56,50,163.00,"8,150.00"
2019-07-22,2019072201002569,CBL,57,56,165,163.00,"26,895.00"
2019-07-22,2019072201002522,CBL,57,1,335,163.00,"54,605.00"
2019-07-22,2019072201002514,CBL,3,1,35,163.00,"5,705.00"
2019-07-22,2019072201002796,CBL,40,26,44,162.00,"7,128.00"
2019-07-22,2019072201002745,CBL,6,39,100,163.00,"16,300.00"
2019-07-22,2019072201002664,CBL,22,56,135,163.00,"22,005.00"
2019-07-22,2019072201002644,CBL,34,56,865,163.00,"140,995.00"
2019-07-22,2019072201002643,CBL,34,56,135,163.00,"22,005.00"
2019-07-22,2019072201002613,CBL,57,56,50,163.00,"8,150.00"
2019-07-22,2019072201002804,CCBL,32,26,31,178.00,"5,518.00"
2019-07-22,2019072201002743,CCBL,32,53,304,178.00,"54,112.00"
2019-07-22,2019072201002742,CCBL,13,53,268,178.00,"47,704.00"
2019-07-22,2019072201002717,CCBL,10,10,5,178.00,890.00
2019-07-22,2019072201002714,CCBL,10,10,5,178.00,890.00
2019-07-22,2019072201002711,CCBL,13,6,175,178.00,"31,150.00"
2019-07-22,2019072201002681,CCBL,43,3,164,179.00,"29,356.00"
2019-07-22,2019072201002680,CCBL,43,59,23,179.00,"4,117.00"
2019-07-22,2019072201002679,CCBL,43,59,120,179.00,"21,480.00"
2019-07-22,2019072201002678,CCBL,43,49,200,179.00,"35,800.00"
2019-07-22,2019072201002677,CCBL,43,28,93,179.00,"16,647.00"
2019-07-22,2019072201002734,CEFL,4,52,400,103.00,"41,200.00"
2019-07-22,2019072201002689,CIT,45,56,10,"2,455.00","24,550.00"
2019-07-22,2019072201002746,CLBSL,22,53,10,500.00,"5,000.00"
2019-07-22,2019072201002647,CLBSL,34,34,11,502.00,"5,522.00"
2019-07-22,2019072201002869,CMF1,33,26,200,9.90,"1,980.00"
2019-07-22,2019072201002653,CMF1,33,6,"1,500",9.90,"14,850.00"
2019-07-22,2019072201002786,CORBL,42,39,60,119.00,"7,140.00"
2019-07-22,2019072201002792,CZBIL,45,26,29,226.00,"6,554.00"
2019-07-22,2019072201002791,CZBIL,26,26,12,227.00,"2,724.00"
2019-07-22,2019072201002561,CZBIL,26,6,288,227.00,"65,376.00"
2019-07-22,2019072201002629,DBBL,14,29,38,148.00,"5,624.00"
2019-07-22,2019072201002628,DBBL,32,29,"1,000",148.00,"148,000.00"
2019-07-22,2019072201002627,DBBL,1,29,500,148.00,"74,000.00"
2019-07-22,2019072201002626,DBBL,58,29,312,148.00,"46,176.00"
2019-07-22,2019072201002625,DBBL,46,29,100,149.00,"14,900.00"
2019-07-22,2019072201002624,DBBL,46,29,150,149.00,"22,350.00"
2019-07-22,2019072201002426,DBBL,51,48,246,149.00,"36,654.00"
2019-07-22,2019072201002412,DBBL,51,34,90,149.00,"13,410.00"
2019-07-22,2019072201002389,DBBL,51,44,14,149.00,"2,086.00"
2019-07-22,2019072201002623,DBBL,45,29,300,149.00,"44,700.00"
2019-07-22,2019072201002622,DBBL,26,29,300,149.00,"44,700.00"
2019-07-22,2019072201002541,DBBL,26,4,700,149.00,"104,300.00"
