Date,Transact. No.,Symbol,Buyer,Seller,Quantity,Rate,Amount
2020-12-21,2020122104001607,BBC,3,17,10,"2,653.00","26,530.00"
2020-12-21,2020122104001438,BBC,17,34,20,"2,601.00","52,020.00"
2020-12-21,2020122104001386,BBC,21,14,100,"2,550.00","255,000.00"
2020-12-21,2020122104001365,BBC,34,34,75,"2,511.00","188,325.00"
2020-12-21,2020122104001348,BBC,58,34,10,"2,511.00","25,110.00"
2020-12-21,2020122104001341,BBC,19,34,100,"2,511.00","251,100.00"
2020-12-21,2020122104001279,BBC,14,7,25,"2,457.00","61,425.00"
2020-12-21,2020122104001278,BBC,35,7,10,"2,465.00","24,650.00"
2020-12-21,2020122104001270,BBC,58,41,10,"2,490.00","24,900.00"
2020-12-21,2020122104001297,BBC,58,58,10,"2,495.00","24,950.00"
2020-12-21,2020122104001287,BBC,58,41,10,"2,490.00","24,900.00"
2020-12-21,2020122104001283,BBC,33,7,25,"2,450.00","61,250.00"
2020-12-21,2020122104001282,BBC,46,7,10,"2,455.00","24,550.00"
2020-12-21,2020122104001281,BBC,10,7,30,"2,455.00","73,650.00"
2020-12-21,2020122104001280,BBC,25,7,100,"2,456.00","245,600.00"
2020-12-21,2020122104001336,BBC,40,34,15,"2,511.00","37,665.00"
2020-12-21,2020122104001321,BBC,40,17,10,"2,500.00","25,000.00"
2020-12-21,2020122104001320,BBC,40,17,10,"2,500.00","25,000.00"
2020-12-21,2020122104001319,BBC,40,41,25,"2,500.00","62,500.00"
2020-12-21,2020122104001318,BBC,40,35,50,"2,499.00","124,950.00"
2020-12-21,2020122104001315,BBC,58,56,30,"2,498.00","74,940.00"
2020-12-21,2020122104001651,CMF1,41,34,200,9.77,"1,954.00"
2020-12-21,2020122104001638,CMF1,41,34,800,9.77,"7,816.00"
2020-12-21,2020122104001617,CMF1,42,42,"52,000",9.76,"507,520.00"
2020-12-21,2020122104001639,GIC,42,8,10,553.00,"5,530.00"
2020-12-21,2020122104001632,GIC,42,34,10,553.00,"5,530.00"
2020-12-21,2020122104001631,GIC,42,11,10,553.00,"5,530.00"
2020-12-21,2020122104001623,GIC,42,11,10,553.00,"5,530.00"
2020-12-21,2020122104001620,GIC,42,8,10,553.00,"5,530.00"
2020-12-21,2020122104001616,GIC,42,19,10,553.00,"5,530.00"
2020-12-21,2020122104001180,GIC,19,41,10,550.00,"5,500.00"
2020-12-21,2020122104001179,GIC,19,34,10,550.00,"5,500.00"
2020-12-21,2020122104001164,GIC,13,48,30,549.00,"16,470.00"
2020-12-21,2020122104001162,GIC,36,29,10,545.00,"5,450.00"
2020-12-21,2020122104001158,GIC,36,38,10,545.00,"5,450.00"
2020-12-21,2020122104001157,GIC,36,38,10,545.00,"5,450.00"
2020-12-21,2020122104001186,GIC,19,21,10,550.00,"5,500.00"
2020-12-21,2020122104001185,GIC,19,45,10,550.00,"5,500.00"
2020-12-21,2020122104001184,GIC,19,46,10,550.00,"5,500.00"
2020-12-21,2020122104001183,GIC,19,26,10,550.00,"5,500.00"
2020-12-21,2020122104001182,GIC,19,49,10,550.00,"5,500.00"
2020-12-21,2020122104001181,GIC,19,21,100,550.00,"55,000.00"
2020-12-21,2020122104001192,GIC,58,52,10,550.00,"5,500.00"
2020-12-21,2020122104001191,GIC,58,42,10,550.00,"5,500.00"
2020-12-21,2020122104001190,GIC,58,10,10,550.00,"5,500.00"
2020-12-21,2020122104001189,GIC,58,1,10,550.00,"5,500.00"
2020-12-21,2020122104001188,GIC,19,48,10,550.00,"5,500.00"
2020-12-21,2020122104001187,GIC,19,13,10,550.00,"5,500.00"
2020-12-21,2020122104001209,GIC,11,58,10,553.00,"5,530.00"
2020-12-21,2020122104001208,GIC,11,48,10,551.00,"5,510.00"
2020-12-21,2020122104001207,GIC,11,49,10,550.00,"5,500.00"
2020-12-21,2020122104001200,GIC,58,58,10,550.00,"5,500.00"
2020-12-21,2020122104001198,GIC,58,25,10,550.00,"5,500.00"
2020-12-21,2020122104001197,GIC,58,38,10,550.00,"5,500.00"
2020-12-21,2020122104001217,GIC,42,44,10,549.00,"5,490.00"
2020-12-21,2020122104001216,GIC,42,44,10,549.00,"5,490.00"
2020-12-21,2020122104001215,GIC,42,59,10,549.00,"5,490.00"
2020-12-21,2020122104001212,GIC,11,55,10,555.00,"5,550.00"
2020-12-21,2020122104001211,GIC,11,53,10,555.00,"5,550.00"
2020-12-21,2020122104001210,GIC,11,53,10,554.00,"5,540.00"
2020-12-21,2020122104001232,GIC,7,10,10,558.00,"5,580.00"
2020-12-21,2020122104001230,GIC,7,17,10,558.00,"5,580.00"
2020-12-21,2020122104001229,GIC,7,19,10,558.00,"5,580.00"
2020-12-21,2020122104001227,GIC,45,45,10,550.00,"5,500.00"
2020-12-21,2020122104001222,GIC,44,56,50,559.00,"27,950.00"
2020-12-21,2020122104001221,GIC,45,56,10,550.00,"5,500.00"
2020-12-21,2020122104001264,GIC,7,26,10,551.00,"5,510.00"
2020-12-21,2020122104001258,GIC,7,52,10,551.00,"5,510.00"
2020-12-21,2020122104001257,GIC,7,38,10,551.00,"5,510.00"
2020-12-21,2020122104001241,GIC,7,38,10,551.00,"5,510.00"
2020-12-21,2020122104001237,GIC,7,49,10,558.00,"5,580.00"
2020-12-21,2020122104001236,GIC,7,10,10,558.00,"5,580.00"
2020-12-21,2020122104001275,GIC,34,20,10,552.00,"5,520.00"
2020-12-21,2020122104001274,GIC,34,6,10,552.00,"5,520.00"
2020-12-21,2020122104001273,GIC,34,21,10,552.00,"5,520.00"
2020-12-21,2020122104001272,GIC,34,10,10,552.00,"5,520.00"
2020-12-21,2020122104001271,GIC,34,10,10,552.00,"5,520.00"
2020-12-21,2020122104001265,GIC,7,42,10,551.00,"5,510.00"
2020-12-21,2020122104001339,GIC,58,25,10,552.00,"5,520.00"
2020-12-21,2020122104001337,GIC,59,28,10,552.00,"5,520.00"
2020-12-21,2020122104001322,GIC,59,58,10,552.00,"5,520.00"
2020-12-21,2020122104001313,GIC,59,40,10,552.00,"5,520.00"
2020-12-21,2020122104001289,GIC,59,26,10,552.00,"5,520.00"
2020-12-21,2020122104001285,GIC,59,56,10,552.00,"5,520.00"
2020-12-21,2020122104001381,GIC,7,38,10,554.00,"5,540.00"
2020-12-21,2020122104001370,GIC,34,45,10,553.00,"5,530.00"
2020-12-21,2020122104001366,GIC,58,59,10,552.00,"5,520.00"
2020-12-21,2020122104001362,GIC,58,10,10,552.00,"5,520.00"
2020-12-21,2020122104001342,GIC,58,38,10,552.00,"5,520.00"
2020-12-21,2020122104001340,GIC,58,38,10,552.00,"5,520.00"
2020-12-21,2020122104001394,GIC,51,55,10,555.00,"5,550.00"
2020-12-21,2020122104001393,GIC,51,56,10,555.00,"5,550.00"
2020-12-21,2020122104001392,GIC,51,32,10,555.00,"5,550.00"
2020-12-21,2020122104001391,GIC,51,49,10,555.00,"5,550.00"
2020-12-21,2020122104001389,GIC,7,16,10,554.00,"5,540.00"
2020-12-21,2020122104001388,GIC,7,26,10,554.00,"5,540.00"
2020-12-21,2020122104001403,GIC,51,19,10,555.00,"5,550.00"
2020-12-21,2020122104001401,GIC,51,26,10,555.00,"5,550.00"
2020-12-21,2020122104001398,GIC,51,21,60,555.00,"33,300.00"
2020-12-21,2020122104001397,GIC,51,55,10,555.00,"5,550.00"
2020-12-21,2020122104001396,GIC,51,56,10,555.00,"5,550.00"
2020-12-21,2020122104001395,GIC,51,57,10,555.00,"5,550.00"
2020-12-21,2020122104001411,GIC,51,45,10,555.00,"5,550.00"
2020-12-21,2020122104001410,GIC,51,38,10,555.00,"5,550.00"
2020-12-21,2020122104001409,GIC,51,51,10,555.00,"5,550.00"
2020-12-21,2020122104001408,GIC,51,38,10,555.00,"5,550.00"
2020-12-21,2020122104001407,GIC,51,43,10,555.00,"5,550.00"
2020-12-21,2020122104001404,GIC,51,38,10,555.00,"5,550.00"
2020-12-21,2020122104001422,GIC,34,29,10,558.00,"5,580.00"
2020-12-21,2020122104001421,GIC,34,47,10,558.00,"5,580.00"
2020-12-21,2020122104001420,GIC,34,57,10,558.00,"5,580.00"
2020-12-21,2020122104001415,GIC,34,45,10,558.00,"5,580.00"
2020-12-21,2020122104001414,GIC,34,32,10,558.00,"5,580.00"
2020-12-21,2020122104001413,GIC,34,21,10,556.00,"5,560.00"
2020-12-21,2020122104001446,GIC,51,59,10,555.00,"5,550.00"
2020-12-21,2020122104001445,GIC,51,21,10,555.00,"5,550.00"
2020-12-21,2020122104001431,GIC,51,45,10,555.00,"5,550.00"
2020-12-21,2020122104001430,GIC,51,56,220,555.00,"122,100.00"
2020-12-21,2020122104001429,GIC,34,56,30,558.00,"16,740.00"
2020-12-21,2020122104001426,GIC,34,38,10,558.00,"5,580.00"
2020-12-21,2020122104001456,GIC,48,58,80,555.00,"44,400.00"
2020-12-21,2020122104001455,GIC,51,58,20,555.00,"11,100.00"
2020-12-21,2020122104001453,GIC,13,42,10,558.00,"5,580.00"
2020-12-21,2020122104001452,GIC,13,26,10,558.00,"5,580.00"
2020-12-21,2020122104001451,GIC,51,42,10,555.00,"5,550.00"
2020-12-21,2020122104001450,GIC,51,45,10,555.00,"5,550.00"
2020-12-21,2020122104001470,GIC,28,45,10,555.00,"5,550.00"
2020-12-21,2020122104001469,GIC,28,44,10,555.00,"5,550.00"
2020-12-21,2020122104001468,GIC,28,45,10,555.00,"5,550.00"
2020-12-21,2020122104001461,GIC,28,42,10,555.00,"5,550.00"
2020-12-21,2020122104001460,GIC,48,21,10,555.00,"5,550.00"
2020-12-21,2020122104001457,GIC,48,45,10,555.00,"5,550.00"
2020-12-21,2020122104001496,GIC,28,16,10,555.00,"5,550.00"
2020-12-21,2020122104001495,GIC,28,25,10,555.00,"5,550.00"
2020-12-21,2020122104001493,GIC,28,21,10,555.00,"5,550.00"
2020-12-21,2020122104001478,GIC,28,45,10,555.00,"5,550.00"
2020-12-21,2020122104001477,GIC,28,21,10,555.00,"5,550.00"
2020-12-21,2020122104001472,GIC,28,58,10,555.00,"5,550.00"
2020-12-21,2020122104001515,GIC,28,21,10,555.00,"5,550.00"
2020-12-21,2020122104001514,GIC,28,8,10,555.00,"5,550.00"
2020-12-21,2020122104001513,GIC,28,1,10,555.00,"5,550.00"
2020-12-21,2020122104001512,GIC,28,8,10,555.00,"5,550.00"
2020-12-21,2020122104001510,GIC,28,8,10,555.00,"5,550.00"
2020-12-21,2020122104001502,GIC,28,57,10,555.00,"5,550.00"
2020-12-21,2020122104001526,GIC,32,13,10,557.00,"5,570.00"
2020-12-21,2020122104001525,GIC,32,25,10,557.00,"5,570.00"
2020-12-21,2020122104001523,GIC,32,1,10,557.00,"5,570.00"
2020-12-21,2020122104001520,GIC,32,8,10,557.00,"5,570.00"
2020-12-21,2020122104001518,GIC,32,32,10,557.00,"5,570.00"
2020-12-21,2020122104001517,GIC,32,57,10,557.00,"5,570.00"
2020-12-21,2020122104001543,GIC,42,56,40,556.00,"22,240.00"
2020-12-21,2020122104001538,GIC,42,44,10,556.00,"5,560.00"
2020-12-21,2020122104001536,GIC,32,52,10,557.00,"5,570.00"
2020-12-21,2020122104001535,GIC,32,47,10,557.00,"5,570.00"
2020-12-21,2020122104001528,GIC,32,59,10,557.00,"5,570.00"
2020-12-21,2020122104001527,GIC,32,8,10,557.00,"5,570.00"
2020-12-21,2020122104001556,GIC,42,8,10,556.00,"5,560.00"
2020-12-21,2020122104001555,GIC,42,13,10,556.00,"5,560.00"
2020-12-21,2020122104001554,GIC,42,14,10,556.00,"5,560.00"
2020-12-21,2020122104001546,GIC,42,8,10,556.00,"5,560.00"
2020-12-21,2020122104001545,GIC,42,28,10,556.00,"5,560.00"
2020-12-21,2020122104001544,GIC,42,59,10,556.00,"5,560.00"
2020-12-21,2020122104001569,GIC,42,14,10,555.00,"5,550.00"
2020-12-21,2020122104001565,GIC,42,47,10,555.00,"5,550.00"
2020-12-21,2020122104001564,GIC,42,35,10,555.00,"5,550.00"
2020-12-21,2020122104001563,GIC,42,19,95,555.00,"52,725.00"
2020-12-21,2020122104001562,GIC,28,19,340,555.00,"188,700.00"
2020-12-21,2020122104001561,GIC,42,19,65,556.00,"36,140.00"
2020-12-21,2020122104001592,GIC,55,39,10,556.00,"5,560.00"
2020-12-21,2020122104001587,GIC,42,32,10,555.00,"5,550.00"
2020-12-21,2020122104001586,GIC,42,25,10,555.00,"5,550.00"
2020-12-21,2020122104001581,GIC,42,25,10,555.00,"5,550.00"
2020-12-21,2020122104001574,GIC,42,55,10,555.00,"5,550.00"
2020-12-21,2020122104001572,GIC,42,41,10,555.00,"5,550.00"
2020-12-21,2020122104001613,GIC,50,29,10,556.00,"5,560.00"
2020-12-21,2020122104001606,GIC,34,29,10,555.00,"5,550.00"
2020-12-21,2020122104001605,GIC,34,51,10,555.00,"5,550.00"
2020-12-21,2020122104001604,GIC,34,11,10,555.00,"5,550.00"
2020-12-21,2020122104001602,GIC,34,21,10,555.00,"5,550.00"
2020-12-21,2020122104001593,GIC,55,7,10,556.00,"5,560.00"
2020-12-21,2020122104001156,GIMES1,21,6,"4,500",10.80,"48,600.00"
2020-12-21,2020122104001637,LEMF,42,42,"19,000",9.80,"186,200.00"
2020-12-21,2020122104001636,LEMF,42,16,"2,000",9.80,"19,600.00"
2020-12-21,2020122104001635,LEMF,42,37,"2,000",9.80,"19,600.00"
2020-12-21,2020122104001249,LEMF,42,29,"5,000",9.80,"49,000.00"
2020-12-21,2020122104001248,LEMF,42,22,"4,000",9.79,"39,160.00"
2020-12-21,2020122104001247,LEMF,42,34,"2,500",9.75,"24,375.00"
2020-12-21,2020122104001246,LEMF,42,58,"1,200",9.70,"11,640.00"
2020-12-21,2020122104001244,LEMF,17,4,"1,000",9.63,"9,630.00"
2020-12-21,2020122104001167,LEMF,45,58,"1,300",9.70,"12,610.00"
2020-12-21,2020122104001250,LEMF,42,19,"7,100",9.80,"69,580.00"
2020-12-21,2020122104001627,LUK,42,25,100,9.10,910.00
2020-12-21,2020122104001634,NBF2,38,35,200,9.45,"1,890.00"
2020-12-21,2020122104001633,NBF2,38,16,100,9.45,945.00
2020-12-21,2020122104001625,NBF2,38,25,200,9.45,"1,890.00"
2020-12-21,2020122104001508,NBF2,38,39,100,9.45,945.00
2020-12-21,2020122104001507,NBF2,20,39,500,9.50,"4,750.00"
2020-12-21,2020122104001506,NBF2,45,39,400,9.50,"3,800.00"
2020-12-21,2020122104001372,NBF2,34,35,"1,150",9.60,"11,040.00"
2020-12-21,2020122104001363,NBF2,45,35,"1,500",9.60,"14,400.00"
2020-12-21,2020122104001577,NEF,17,16,"2,414",9.65,"23,295.10"
2020-12-21,2020122104001433,NEF,58,42,483,9.68,"4,675.44"
2020-12-21,2020122104001432,NEF,58,49,"1,207",9.68,"11,683.76"
2020-12-21,2020122104001360,NEF,17,57,241,9.65,"2,325.65"
2020-12-21,2020122104001333,NEF,17,39,"2,414",9.65,"23,295.10"
2020-12-21,2020122104001323,NEF,17,39,"2,414",9.65,"23,295.10"
2020-12-21,2020122104001311,NEF,17,39,"2,414",9.65,"23,295.10"
2020-12-21,2020122104001307,NEF,17,39,"2,414",9.65,"23,295.10"
2020-12-21,2020122104001299,NEF,17,39,"2,414",9.65,"23,295.10"
2020-12-21,2020122104001296,NEF,17,39,"1,414",9.65,"13,645.10"
2020-12-21,2020122104001295,NEF,28,39,"1,000",9.68,"9,680.00"
2020-12-21,2020122104001618,NIBLPF,10,28,"2,475",9.93,"24,576.75"
2020-12-21,2020122104001256,NIBLPF,40,42,253,9.99,"2,527.47"
2020-12-21,2020122104001255,NIBLPF,40,42,253,9.99,"2,527.47"
2020-12-21,2020122104001254,NIBLPF,40,49,"2,525",9.99,"25,224.75"
2020-12-21,2020122104001646,NIBPO,29,1,111,450.00,"49,950.00"
2020-12-21,2020122104001645,NIBPO,29,49,500,450.00,"225,000.00"
2020-12-21,2020122104001379,NIBPO,42,58,"2,000",459.00,"918,000.00"
2020-12-21,2020122104001378,NIBPO,42,58,500,455.00,"227,500.00"
2020-12-21,2020122104001377,NIBPO,42,43,100,450.00,"45,000.00"
2020-12-21,2020122104001376,NIBPO,42,14,90,450.00,"40,500.00"
2020-12-21,2020122104001174,NIBPO,42,6,627,440.00,"275,880.00"
2020-12-21,2020122104001173,NIBPO,42,51,100,435.00,"43,500.00"
2020-12-21,2020122104001172,NIBPO,42,44,72,435.00,"31,320.00"
2020-12-21,2020122104001375,NIBPO,42,38,60,445.00,"26,700.00"
2020-12-21,2020122104001317,NIBPO,58,14,10,450.00,"4,500.00"
2020-12-21,2020122104001286,NIBPO,42,38,285,442.00,"125,970.00"
2020-12-21,2020122104001177,NIBPO,42,20,500,442.00,"221,000.00"
2020-12-21,2020122104001176,NIBPO,42,43,245,442.00,"108,290.00"
2020-12-21,2020122104001175,NIBPO,42,58,500,440.00,"220,000.00"
2020-12-21,2020122104001338,NIBSF1,26,8,"3,000",11.11,"33,330.00"
2020-12-21,2020122104001334,NIBSF1,7,17,"2,000",11.09,"22,180.00"
2020-12-21,2020122104001331,NIBSF1,7,34,"5,000",11.07,"55,350.00"
2020-12-21,2020122104001330,NIBSF1,7,34,"5,000",11.06,"55,300.00"
2020-12-21,2020122104001329,NIBSF1,7,45,"1,000",11.05,"11,050.00"
2020-12-21,2020122104001328,NIBSF1,7,19,"3,478",11.05,"38,431.90"
2020-12-21,2020122104001327,NIBSF1,7,6,"5,000",11.05,"55,250.00"
2020-12-21,2020122104001326,NIBSF1,7,56,"5,000",11.05,"55,250.00"
2020-12-21,2020122104001325,NIBSF1,7,34,"1,000",11.05,"11,050.00"
2020-12-21,2020122104001267,NIBSF1,58,34,"2,000",11.05,"22,100.00"
2020-12-21,2020122104001509,NICBF,14,38,300,10.00,"3,000.00"
2020-12-21,2020122104001444,NICBF,14,28,"30,000",10.00,"300,000.00"
2020-12-21,2020122104001443,NICBF,14,10,"50,000",10.00,"500,000.00"
2020-12-21,2020122104001442,NICBF,14,49,100,10.00,"1,000.00"
2020-12-21,2020122104001441,NICBF,14,11,"5,000",10.00,"50,000.00"
2020-12-21,2020122104001440,NICBF,14,58,100,10.00,"1,000.00"
2020-12-21,2020122104001439,NICBF,14,52,"1,000",10.00,"10,000.00"
2020-12-21,2020122104001427,NICBF,26,50,500,9.85,"4,925.00"
2020-12-21,2020122104001642,NICGF,17,22,100,10.30,"1,030.00"
2020-12-21,2020122104001641,NICGF,17,29,"5,000",10.20,"51,000.00"
2020-12-21,2020122104001622,NICGF,10,28,500,10.16,"5,080.00"
2020-12-21,2020122104001609,NICGF,45,28,"1,500",10.16,"15,240.00"
2020-12-21,2020122104001316,NICGF,17,54,500,10.15,"5,075.00"
2020-12-21,2020122104001304,NICGF,17,21,"1,000",10.30,"10,300.00"
2020-12-21,2020122104001303,NICGF,17,28,"1,000",10.21,"10,210.00"
2020-12-21,2020122104001302,NICGF,17,26,"3,000",10.21,"30,630.00"
2020-12-21,2020122104001301,NICGF,17,6,"2,000",10.20,"20,400.00"
2020-12-21,2020122104001300,NICGF,17,45,500,10.18,"5,090.00"
2020-12-21,2020122104001155,NICGF,17,43,100,10.15,"1,015.00"
2020-12-21,2020122104001630,NMB50,42,42,"76,000",9.96,"756,960.00"
2020-12-21,2020122104001628,NMB50,42,42,"100,000",9.96,"996,000.00"
2020-12-21,2020122104001624,NMB50,45,32,500,10.00,"5,000.00"
2020-12-21,2020122104001558,NMB50,45,40,200,10.00,"2,000.00"
2020-12-21,2020122104001501,NMBHF1,59,42,"4,161",9.89,"41,152.29"
2020-12-21,2020122104001402,NMBHF1,59,14,"1,248",9.89,"12,342.72"
2020-12-21,2020122104001640,PRVUPO,16,58,930,168.00,"156,240.00"
2020-12-21,2020122104001361,RBCLPO,50,6,10,"13,265.00","132,650.00"
2020-12-21,2020122104001218,RBCLPO,4,6,10,"13,005.00","130,050.00"
2020-12-21,2020122104001598,SAEF,42,42,"310,200",10.77,"3,340,854.00"
2020-12-21,2020122104001597,SAEF,42,42,"50,000",10.77,"538,500.00"
2020-12-21,2020122104001583,SAEF,42,6,920,10.80,"9,936.00"
2020-12-21,2020122104001571,SAEF,7,16,"1,250",10.76,"13,450.00"
2020-12-21,2020122104001570,SAEF,7,16,750,10.76,"8,070.00"
2020-12-21,2020122104001503,SAEF,7,39,500,10.76,"5,380.00"
2020-12-21,2020122104001219,SAEF,7,38,200,10.76,"2,152.00"
2020-12-21,2020122104001195,SAEF,7,13,"1,000",10.76,"10,760.00"
2020-12-21,2020122104001475,SAEF,7,10,"3,750",10.76,"40,350.00"
2020-12-21,2020122104001474,SAEF,7,10,"4,500",10.76,"48,420.00"
2020-12-21,2020122104001400,SAEF,7,48,"1,000",10.76,"10,760.00"
2020-12-21,2020122104001335,SAEF,7,54,"1,000",10.76,"10,760.00"
2020-12-21,2020122104001253,SAEF,42,33,"50,000",10.91,"545,500.00"
2020-12-21,2020122104001252,SAEF,42,47,"10,000",10.85,"108,500.00"
2020-12-21,2020122104001529,SAND2085,47,58,25,"1,040.00","26,000.00"
2020-12-21,2020122104001626,SEF,14,20,"5,000",10.19,"50,950.00"
2020-12-21,2020122104001612,SEF,42,42,"163,629",10.20,"1,669,015.80"
2020-12-21,2020122104001611,SEF,42,29,"5,000",10.20,"51,000.00"
2020-12-21,2020122104001610,SEF,42,19,550,10.20,"5,610.00"
2020-12-21,2020122104001580,SEF,14,28,700,10.19,"7,133.00"
2020-12-21,2020122104001578,SEF,14,38,"1,300",10.19,"13,247.00"
2020-12-21,2020122104001199,SEF,58,45,"5,000",10.19,"50,950.00"
2020-12-21,2020122104001306,SEF,35,53,"10,000",10.24,"102,400.00"
2020-12-21,2020122104001305,SEF,35,47,500,10.23,"5,115.00"
2020-12-21,2020122104001293,SEF,35,5,200,10.20,"2,040.00"
2020-12-21,2020122104001292,SEF,35,45,500,10.20,"5,100.00"
2020-12-21,2020122104001291,SEF,35,51,100,10.20,"1,020.00"
2020-12-21,2020122104001290,SEF,35,42,400,10.19,"4,076.00"
2020-12-21,2020122104001367,SEF,42,29,"5,000",10.30,"51,500.00"
2020-12-21,2020122104001347,SEF,42,19,"3,610",10.29,"37,146.90"
2020-12-21,2020122104001346,SEF,42,19,"14,500",10.29,"149,205.00"
2020-12-21,2020122104001345,SEF,42,52,"10,000",10.29,"102,900.00"
2020-12-21,2020122104001344,SEF,42,51,"3,000",10.28,"30,840.00"
2020-12-21,2020122104001343,SEF,42,28,"1,000",10.25,"10,250.00"
2020-12-21,2020122104001542,SEF,42,19,"17,600",10.20,"179,520.00"
2020-12-21,2020122104001521,SEF,42,47,"1,000",10.20,"10,200.00"
2020-12-21,2020122104001499,SEF,42,39,500,10.20,"5,100.00"
2020-12-21,2020122104001481,SEF,42,38,900,10.20,"9,180.00"
2020-12-21,2020122104001423,SEF,14,42,"1,000",10.25,"10,250.00"
2020-12-21,2020122104001368,SEF,42,49,"1,000",10.30,"10,300.00"
2020-12-21,2020122104001650,SGI,10,54,10,581.00,"5,810.00"
2020-12-21,2020122104001649,SGI,10,48,10,581.00,"5,810.00"
2020-12-21,2020122104001648,SGI,10,8,10,581.00,"5,810.00"
2020-12-21,2020122104001647,SGI,10,54,10,581.00,"5,810.00"
2020-12-21,2020122104001644,SGI,10,32,10,581.00,"5,810.00"
2020-12-21,2020122104001629,SGI,22,52,10,581.00,"5,810.00"
2020-12-21,2020122104001160,SGI,57,44,10,570.00,"5,700.00"
2020-12-21,2020122104001159,SGI,57,58,10,570.00,"5,700.00"
2020-12-21,2020122104001169,SGI,33,50,10,576.00,"5,760.00"
2020-12-21,2020122104001168,SGI,49,37,10,575.00,"5,750.00"
2020-12-21,2020122104001166,SGI,47,19,10,575.00,"5,750.00"
2020-12-21,2020122104001165,SGI,33,14,10,572.00,"5,720.00"
2020-12-21,2020122104001163,SGI,57,35,10,570.00,"5,700.00"
2020-12-21,2020122104001161,SGI,57,57,10,570.00,"5,700.00"
2020-12-21,2020122104001202,SGI,44,49,10,575.00,"5,750.00"
2020-12-21,2020122104001196,SGI,44,47,10,575.00,"5,750.00"
2020-12-21,2020122104001194,SGI,44,55,10,575.00,"5,750.00"
2020-12-21,2020122104001193,SGI,45,48,10,575.00,"5,750.00"
2020-12-21,2020122104001178,SGI,33,52,10,575.00,"5,750.00"
2020-12-21,2020122104001170,SGI,49,56,10,575.00,"5,750.00"
2020-12-21,2020122104001214,SGI,42,47,10,576.00,"5,760.00"
2020-12-21,2020122104001213,SGI,42,52,10,575.00,"5,750.00"
2020-12-21,2020122104001206,SGI,25,4,10,575.00,"5,750.00"
2020-12-21,2020122104001205,SGI,44,17,10,575.00,"5,750.00"
2020-12-21,2020122104001204,SGI,44,42,10,575.00,"5,750.00"
2020-12-21,2020122104001203,SGI,44,49,10,575.00,"5,750.00"
2020-12-21,2020122104001234,SGI,14,47,90,576.00,"51,840.00"
2020-12-21,2020122104001231,SGI,19,45,10,571.00,"5,710.00"
2020-12-21,2020122104001226,SGI,19,49,10,571.00,"5,710.00"
2020-12-21,2020122104001225,SGI,42,10,10,575.00,"5,750.00"
2020-12-21,2020122104001224,SGI,49,39,10,575.00,"5,750.00"
2020-12-21,2020122104001223,SGI,49,58,10,575.00,"5,750.00"
2020-12-21,2020122104001243,SGI,49,42,10,576.00,"5,760.00"
2020-12-21,2020122104001242,SGI,49,49,10,577.00,"5,770.00"
2020-12-21,2020122104001240,SGI,34,56,10,577.00,"5,770.00"
2020-12-21,2020122104001239,SGI,34,13,10,577.00,"5,770.00"
2020-12-21,2020122104001238,SGI,34,53,200,577.00,"115,400.00"
2020-12-21,2020122104001235,SGI,14,6,10,576.00,"5,760.00"
2020-12-21,2020122104001262,SGI,53,10,10,575.00,"5,750.00"
2020-12-21,2020122104001261,SGI,53,56,10,575.00,"5,750.00"
2020-12-21,2020122104001260,SGI,53,21,10,575.00,"5,750.00"
2020-12-21,2020122104001259,SGI,41,57,10,575.00,"5,750.00"
2020-12-21,2020122104001251,SGI,49,17,10,575.00,"5,750.00"
2020-12-21,2020122104001245,SGI,49,19,10,577.00,"5,770.00"
2020-12-21,2020122104001277,SGI,49,42,10,576.00,"5,760.00"
2020-12-21,2020122104001276,SGI,49,10,10,576.00,"5,760.00"
2020-12-21,2020122104001269,SGI,35,1,10,576.00,"5,760.00"
2020-12-21,2020122104001268,SGI,35,29,10,576.00,"5,760.00"
2020-12-21,2020122104001266,SGI,35,20,10,576.00,"5,760.00"
2020-12-21,2020122104001263,SGI,53,16,30,575.00,"17,250.00"
2020-12-21,2020122104001309,SGI,49,51,10,579.00,"5,790.00"
2020-12-21,2020122104001308,SGI,49,26,10,578.00,"5,780.00"
2020-12-21,2020122104001298,SGI,34,39,10,577.00,"5,770.00"
2020-12-21,2020122104001294,SGI,34,4,10,577.00,"5,770.00"
2020-12-21,2020122104001288,SGI,49,58,10,576.00,"5,760.00"
2020-12-21,2020122104001284,SGI,49,14,10,576.00,"5,760.00"
2020-12-21,2020122104001349,SGI,58,50,10,579.00,"5,790.00"
2020-12-21,2020122104001332,SGI,58,49,10,579.00,"5,790.00"
2020-12-21,2020122104001324,SGI,41,3,10,580.00,"5,800.00"
2020-12-21,2020122104001314,SGI,49,53,10,580.00,"5,800.00"
2020-12-21,2020122104001312,SGI,58,26,10,579.00,"5,790.00"
2020-12-21,2020122104001310,SGI,49,48,10,579.00,"5,790.00"
2020-12-21,2020122104001355,SGI,11,43,10,580.00,"5,800.00"
2020-12-21,2020122104001354,SGI,11,40,10,580.00,"5,800.00"
2020-12-21,2020122104001353,SGI,11,43,10,580.00,"5,800.00"
2020-12-21,2020122104001352,SGI,11,58,10,580.00,"5,800.00"
2020-12-21,2020122104001351,SGI,11,17,10,580.00,"5,800.00"
2020-12-21,2020122104001350,SGI,11,36,10,580.00,"5,800.00"
2020-12-21,2020122104001371,SGI,58,18,10,579.00,"5,790.00"
2020-12-21,2020122104001369,SGI,26,25,50,581.00,"29,050.00"
2020-12-21,2020122104001364,SGI,11,59,10,580.00,"5,800.00"
2020-12-21,2020122104001358,SGI,11,38,10,580.00,"5,800.00"
2020-12-21,2020122104001357,SGI,11,1,10,580.00,"5,800.00"
2020-12-21,2020122104001356,SGI,11,1,10,580.00,"5,800.00"
2020-12-21,2020122104001384,SGI,53,14,10,580.00,"5,800.00"
2020-12-21,2020122104001383,SGI,53,58,10,580.00,"5,800.00"
2020-12-21,2020122104001382,SGI,53,14,10,580.00,"5,800.00"
2020-12-21,2020122104001380,SGI,58,19,10,579.00,"5,790.00"
2020-12-21,2020122104001374,SGI,58,38,10,579.00,"5,790.00"
2020-12-21,2020122104001373,SGI,5,14,10,580.00,"5,800.00"
2020-12-21,2020122104001406,SGI,53,26,10,580.00,"5,800.00"
2020-12-21,2020122104001405,SGI,53,35,200,580.00,"116,000.00"
2020-12-21,2020122104001399,SGI,53,43,10,580.00,"5,800.00"
2020-12-21,2020122104001390,SGI,53,3,10,580.00,"5,800.00"
2020-12-21,2020122104001387,SGI,53,42,10,580.00,"5,800.00"
2020-12-21,2020122104001385,SGI,53,38,10,580.00,"5,800.00"
2020-12-21,2020122104001424,SGI,53,49,10,580.00,"5,800.00"
2020-12-21,2020122104001419,SGI,53,45,10,580.00,"5,800.00"
2020-12-21,2020122104001418,SGI,53,51,10,580.00,"5,800.00"
2020-12-21,2020122104001417,SGI,53,45,10,580.00,"5,800.00"
2020-12-21,2020122104001416,SGI,53,29,10,580.00,"5,800.00"
2020-12-21,2020122104001412,SGI,53,45,10,580.00,"5,800.00"
2020-12-21,2020122104001448,SGI,53,10,10,580.00,"5,800.00"
2020-12-21,2020122104001447,SGI,53,16,10,580.00,"5,800.00"
2020-12-21,2020122104001437,SGI,53,21,10,580.00,"5,800.00"
2020-12-21,2020122104001435,SGI,53,45,10,580.00,"5,800.00"
2020-12-21,2020122104001434,SGI,53,41,10,580.00,"5,800.00"
2020-12-21,2020122104001425,SGI,53,38,10,580.00,"5,800.00"
2020-12-21,2020122104001463,SGI,45,21,10,580.00,"5,800.00"
2020-12-21,2020122104001462,SGI,45,7,10,580.00,"5,800.00"
2020-12-21,2020122104001459,SGI,45,59,10,580.00,"5,800.00"
2020-12-21,2020122104001458,SGI,53,10,10,580.00,"5,800.00"
2020-12-21,2020122104001454,SGI,53,25,10,580.00,"5,800.00"
2020-12-21,2020122104001449,SGI,53,21,10,580.00,"5,800.00"
2020-12-21,2020122104001473,SGI,8,8,10,581.00,"5,810.00"
2020-12-21,2020122104001471,SGI,8,36,10,581.00,"5,810.00"
2020-12-21,2020122104001467,SGI,8,28,50,581.00,"29,050.00"
2020-12-21,2020122104001466,SGI,8,32,10,581.00,"5,810.00"
2020-12-21,2020122104001465,SGI,8,32,10,581.00,"5,810.00"
2020-12-21,2020122104001464,SGI,8,25,60,581.00,"34,860.00"
2020-12-21,2020122104001484,SGI,46,26,160,581.00,"92,960.00"
2020-12-21,2020122104001483,SGI,8,26,140,581.00,"81,340.00"
2020-12-21,2020122104001482,SGI,8,8,10,581.00,"5,810.00"
2020-12-21,2020122104001480,SGI,8,8,10,581.00,"5,810.00"
2020-12-21,2020122104001479,SGI,8,45,10,581.00,"5,810.00"
2020-12-21,2020122104001476,SGI,8,44,10,581.00,"5,810.00"
2020-12-21,2020122104001490,SGI,49,42,10,585.00,"5,850.00"
2020-12-21,2020122104001489,SGI,49,42,10,585.00,"5,850.00"
2020-12-21,2020122104001488,SGI,49,14,10,585.00,"5,850.00"
2020-12-21,2020122104001487,SGI,49,57,10,585.00,"5,850.00"
2020-12-21,2020122104001486,SGI,49,51,10,585.00,"5,850.00"
2020-12-21,2020122104001485,SGI,46,36,10,581.00,"5,810.00"
2020-12-21,2020122104001500,SGI,46,1,10,581.00,"5,810.00"
2020-12-21,2020122104001498,SGI,46,16,10,581.00,"5,810.00"
2020-12-21,2020122104001497,SGI,46,42,10,581.00,"5,810.00"
2020-12-21,2020122104001494,SGI,46,8,10,581.00,"5,810.00"
2020-12-21,2020122104001492,SGI,49,8,10,585.00,"5,850.00"
2020-12-21,2020122104001491,SGI,49,45,10,585.00,"5,850.00"
2020-12-21,2020122104001522,SGI,45,32,10,580.00,"5,800.00"
2020-12-21,2020122104001519,SGI,45,1,10,580.00,"5,800.00"
2020-12-21,2020122104001516,SGI,45,26,300,580.00,"174,000.00"
2020-12-21,2020122104001511,SGI,45,25,10,580.00,"5,800.00"
2020-12-21,2020122104001505,SGI,45,1,10,580.00,"5,800.00"
2020-12-21,2020122104001504,SGI,46,1,90,581.00,"52,290.00"
2020-12-21,2020122104001534,SGI,11,25,10,581.00,"5,810.00"
2020-12-21,2020122104001533,SGI,11,33,10,580.00,"5,800.00"
2020-12-21,2020122104001532,SGI,45,1,10,580.00,"5,800.00"
2020-12-21,2020122104001531,SGI,45,47,10,580.00,"5,800.00"
2020-12-21,2020122104001530,SGI,45,8,10,580.00,"5,800.00"
2020-12-21,2020122104001524,SGI,45,26,80,580.00,"46,400.00"
2020-12-21,2020122104001551,SGI,52,32,10,580.00,"5,800.00"
2020-12-21,2020122104001550,SGI,52,25,10,580.00,"5,800.00"
2020-12-21,2020122104001549,SGI,52,28,10,580.00,"5,800.00"
2020-12-21,2020122104001548,SGI,45,55,200,581.00,"116,200.00"
2020-12-21,2020122104001540,SGI,45,52,10,580.00,"5,800.00"
2020-12-21,2020122104001539,SGI,45,8,10,580.00,"5,800.00"
2020-12-21,2020122104001568,SGI,7,42,80,581.00,"46,480.00"
2020-12-21,2020122104001567,SGI,52,25,10,580.00,"5,800.00"
2020-12-21,2020122104001566,SGI,52,25,10,580.00,"5,800.00"
2020-12-21,2020122104001559,SGI,52,13,10,580.00,"5,800.00"
2020-12-21,2020122104001557,SGI,52,19,10,580.00,"5,800.00"
2020-12-21,2020122104001553,SGI,52,52,10,580.00,"5,800.00"
2020-12-21,2020122104001585,SGI,49,8,10,580.00,"5,800.00"
2020-12-21,2020122104001584,SGI,49,35,10,580.00,"5,800.00"
2020-12-21,2020122104001582,SGI,58,55,10,579.00,"5,790.00"
2020-12-21,2020122104001579,SGI,52,28,10,580.00,"5,800.00"
2020-12-21,2020122104001575,SGI,52,47,10,580.00,"5,800.00"
2020-12-21,2020122104001573,SGI,49,42,160,581.00,"92,960.00"
2020-12-21,2020122104001601,SGI,49,56,73,581.00,"42,413.00"
2020-12-21,2020122104001600,SGI,49,8,10,580.00,"5,800.00"
2020-12-21,2020122104001599,SGI,42,56,165,581.00,"95,865.00"
2020-12-21,2020122104001596,SGI,42,8,10,581.00,"5,810.00"
2020-12-21,2020122104001589,SGI,49,25,10,580.00,"5,800.00"
2020-12-21,2020122104001588,SGI,49,46,10,580.00,"5,800.00"
2020-12-21,2020122104001621,SGI,49,39,150,580.00,"87,000.00"
2020-12-21,2020122104001619,SGI,49,19,10,580.00,"5,800.00"
2020-12-21,2020122104001615,SGI,49,29,10,580.00,"5,800.00"
2020-12-21,2020122104001614,SGI,49,29,10,580.00,"5,800.00"
2020-12-21,2020122104001608,SGI,49,25,10,580.00,"5,800.00"
2020-12-21,2020122104001603,SGI,49,38,10,580.00,"5,800.00"
2020-12-21,2020122104001436,SRBLD83,19,11,40,"1,050.00","42,000.00"
2020-12-21,2020122104001428,SRBLD83,25,11,20,"1,055.00","21,100.00"
2020-12-21,2020122104001652,STC,38,38,92,"5,060.00","465,520.00"
2020-12-21,2020122104001643,STC,42,38,20,"5,060.00","101,200.00"
2020-12-21,2020122104001595,STC,41,38,10,"5,060.00","50,600.00"
2020-12-21,2020122104001594,STC,49,38,78,"5,060.00","394,680.00"
2020-12-21,2020122104001591,STC,49,58,42,"5,060.00","212,520.00"
2020-12-21,2020122104001590,STC,25,58,20,"5,065.00","101,300.00"
2020-12-21,2020122104001154,STC,5,33,40,"5,090.00","203,600.00"
2020-12-21,2020122104001153,STC,5,17,10,"5,085.00","50,850.00"
2020-12-21,2020122104001359,STC,26,28,10,"5,196.00","51,960.00"
2020-12-21,2020122104001233,STC,36,57,100,"5,100.00","510,000.00"
2020-12-21,2020122104001228,STC,25,34,30,"5,095.00","152,850.00"
2020-12-21,2020122104001220,STC,8,34,60,"5,095.00","305,700.00"
2020-12-21,2020122104001201,STC,52,34,10,"5,095.00","50,950.00"
2020-12-21,2020122104001171,STC,8,33,10,"5,090.00","50,900.00"
2020-12-21,2020122104001576,STC,49,58,30,"5,100.00","153,000.00"
2020-12-21,2020122104001560,STC,25,53,10,"5,110.00","51,100.00"
2020-12-21,2020122104001552,STC,49,38,70,"5,100.00","357,000.00"
2020-12-21,2020122104001547,STC,33,47,10,"5,110.00","51,100.00"
2020-12-21,2020122104001541,STC,56,21,10,"5,112.00","51,120.00"
2020-12-21,2020122104001537,STC,56,34,40,"5,112.00","204,480.00"
2020-12-21,2020122104001132,BBC,56,44,20,"2,465.00","49,300.00"
2020-12-21,2020122104001115,BBC,56,38,10,"2,460.00","24,600.00"
2020-12-21,2020122104001079,BBC,45,44,20,"2,465.00","49,300.00"
2020-12-21,2020122104000954,BBC,35,7,10,"2,460.00","24,600.00"
2020-12-21,2020122104000840,BBC,45,32,80,"2,475.00","198,000.00"
2020-12-21,2020122104000809,BBC,51,34,25,"2,495.00","62,375.00"
2020-12-21,2020122104000917,CMF1,19,22,300,9.75,"2,925.00"
2020-12-21,2020122104000835,CMF1,19,6,100,9.75,975.00
2020-12-21,2020122104000817,CMF1,19,11,100,9.75,975.00
2020-12-21,2020122104001099,GBD80/81,11,57,200,"1,045.00","209,000.00"
2020-12-21,2020122104001149,GIC,56,58,10,544.00,"5,440.00"
2020-12-21,2020122104001144,GIC,11,40,10,549.00,"5,490.00"
2020-12-21,2020122104001143,GIC,11,50,10,548.00,"5,480.00"
2020-12-21,2020122104001142,GIC,56,42,10,544.00,"5,440.00"
2020-12-21,2020122104001140,GIC,56,10,10,544.00,"5,440.00"
2020-12-21,2020122104001138,GIC,59,54,10,545.00,"5,450.00"
2020-12-21,2020122104000665,GIC,4,44,10,528.00,"5,280.00"
2020-12-21,2020122104000662,GIC,4,36,10,528.00,"5,280.00"
2020-12-21,2020122104000658,GIC,50,57,10,527.00,"5,270.00"
2020-12-21,2020122104000654,GIC,50,17,10,527.00,"5,270.00"
2020-12-21,2020122104000687,GIC,48,17,10,530.00,"5,300.00"
2020-12-21,2020122104000686,GIC,48,49,60,530.00,"31,800.00"
2020-12-21,2020122104000685,GIC,49,49,10,530.00,"5,300.00"
2020-12-21,2020122104000682,GIC,26,17,10,528.00,"5,280.00"
2020-12-21,2020122104000674,GIC,4,17,10,528.00,"5,280.00"
2020-12-21,2020122104000668,GIC,4,21,10,528.00,"5,280.00"
2020-12-21,2020122104000706,GIC,52,17,10,530.00,"5,300.00"
2020-12-21,2020122104000702,GIC,34,10,10,529.00,"5,290.00"
2020-12-21,2020122104000696,GIC,32,1,10,530.00,"5,300.00"
2020-12-21,2020122104000692,GIC,32,17,10,530.00,"5,300.00"
2020-12-21,2020122104000689,GIC,48,51,10,530.00,"5,300.00"
2020-12-21,2020122104000688,GIC,48,45,10,530.00,"5,300.00"
2020-12-21,2020122104000730,GIC,43,45,10,533.00,"5,330.00"
2020-12-21,2020122104000728,GIC,43,45,10,533.00,"5,330.00"
2020-12-21,2020122104000726,GIC,22,6,10,530.00,"5,300.00"
2020-12-21,2020122104000713,GIC,52,42,10,532.00,"5,320.00"
2020-12-21,2020122104000709,GIC,44,44,10,530.00,"5,300.00"
2020-12-21,2020122104000708,GIC,52,48,10,530.00,"5,300.00"
2020-12-21,2020122104000748,GIC,41,56,10,535.00,"5,350.00"
2020-12-21,2020122104000747,GIC,41,6,350,535.00,"187,250.00"
2020-12-21,2020122104000744,GIC,17,49,10,533.00,"5,330.00"
2020-12-21,2020122104000739,GIC,52,57,10,533.00,"5,330.00"
2020-12-21,2020122104000738,GIC,59,5,10,531.00,"5,310.00"
2020-12-21,2020122104000733,GIC,52,32,10,534.00,"5,340.00"
2020-12-21,2020122104000754,GIC,41,14,10,540.00,"5,400.00"
2020-12-21,2020122104000753,GIC,41,58,10,540.00,"5,400.00"
2020-12-21,2020122104000752,GIC,41,6,20,540.00,"10,800.00"
2020-12-21,2020122104000751,GIC,41,49,70,540.00,"37,800.00"
2020-12-21,2020122104000750,GIC,41,4,10,537.00,"5,370.00"
2020-12-21,2020122104000749,GIC,41,56,10,535.00,"5,350.00"
2020-12-21,2020122104000787,GIC,55,16,10,545.00,"5,450.00"
2020-12-21,2020122104000782,GIC,55,55,10,545.00,"5,450.00"
2020-12-21,2020122104000781,GIC,55,56,10,545.00,"5,450.00"
2020-12-21,2020122104000780,GIC,55,14,10,545.00,"5,450.00"
2020-12-21,2020122104000779,GIC,55,41,10,545.00,"5,450.00"
2020-12-21,2020122104000755,GIC,41,22,10,540.00,"5,400.00"
2020-12-21,2020122104000800,GIC,34,36,10,550.00,"5,500.00"
2020-12-21,2020122104000799,GIC,34,21,10,550.00,"5,500.00"
2020-12-21,2020122104000798,GIC,34,21,10,550.00,"5,500.00"
2020-12-21,2020122104000797,GIC,34,51,10,549.00,"5,490.00"
2020-12-21,2020122104000796,GIC,57,58,20,546.00,"10,920.00"
2020-12-21,2020122104000795,GIC,57,16,10,546.00,"5,460.00"
2020-12-21,2020122104000808,GIC,57,14,10,546.00,"5,460.00"
2020-12-21,2020122104000806,GIC,57,8,10,546.00,"5,460.00"
2020-12-21,2020122104000804,GIC,57,16,10,546.00,"5,460.00"
2020-12-21,2020122104000803,GIC,57,48,10,546.00,"5,460.00"
2020-12-21,2020122104000802,GIC,34,40,10,550.00,"5,500.00"
2020-12-21,2020122104000801,GIC,34,42,50,550.00,"27,500.00"
2020-12-21,2020122104000826,GIC,55,16,10,546.00,"5,460.00"
2020-12-21,2020122104000825,GIC,55,13,10,546.00,"5,460.00"
2020-12-21,2020122104000824,GIC,55,17,10,546.00,"5,460.00"
2020-12-21,2020122104000822,GIC,57,19,10,546.00,"5,460.00"
2020-12-21,2020122104000813,GIC,57,16,10,546.00,"5,460.00"
2020-12-21,2020122104000810,GIC,57,16,10,546.00,"5,460.00"
2020-12-21,2020122104000837,GIC,34,34,10,543.00,"5,430.00"
2020-12-21,2020122104000833,GIC,34,26,10,543.00,"5,430.00"
2020-12-21,2020122104000832,GIC,34,16,10,543.00,"5,430.00"
2020-12-21,2020122104000830,GIC,55,6,10,546.00,"5,460.00"
2020-12-21,2020122104000829,GIC,55,38,10,546.00,"5,460.00"
2020-12-21,2020122104000827,GIC,55,59,100,546.00,"54,600.00"
2020-12-21,2020122104000851,GIC,34,19,10,543.00,"5,430.00"
2020-12-21,2020122104000848,GIC,34,29,10,543.00,"5,430.00"
2020-12-21,2020122104000845,GIC,34,14,10,543.00,"5,430.00"
2020-12-21,2020122104000842,GIC,34,16,10,543.00,"5,430.00"
2020-12-21,2020122104000839,GIC,34,28,10,543.00,"5,430.00"
2020-12-21,2020122104000838,GIC,34,17,10,543.00,"5,430.00"
2020-12-21,2020122104000884,GIC,48,25,20,546.00,"10,920.00"
2020-12-21,2020122104000879,GIC,11,25,10,541.00,"5,410.00"
2020-12-21,2020122104000876,GIC,11,19,10,541.00,"5,410.00"
2020-12-21,2020122104000866,GIC,11,18,10,541.00,"5,410.00"
2020-12-21,2020122104000859,GIC,11,28,10,541.00,"5,410.00"
2020-12-21,2020122104000855,GIC,34,39,10,543.00,"5,430.00"
2020-12-21,2020122104000907,GIC,47,33,10,546.00,"5,460.00"
2020-12-21,2020122104000903,GIC,47,47,10,546.00,"5,460.00"
2020-12-21,2020122104000896,GIC,47,17,10,546.00,"5,460.00"
2020-12-21,2020122104000895,GIC,47,57,10,546.00,"5,460.00"
2020-12-21,2020122104000886,GIC,11,42,10,541.00,"5,410.00"
2020-12-21,2020122104000885,GIC,48,57,10,546.00,"5,460.00"
2020-12-21,2020122104000927,GIC,11,25,10,541.00,"5,410.00"
2020-12-21,2020122104000925,GIC,11,42,10,541.00,"5,410.00"
2020-12-21,2020122104000924,GIC,11,38,10,541.00,"5,410.00"
2020-12-21,2020122104000913,GIC,11,28,10,541.00,"5,410.00"
2020-12-21,2020122104000912,GIC,11,5,10,541.00,"5,410.00"
2020-12-21,2020122104000911,GIC,11,58,10,541.00,"5,410.00"
2020-12-21,2020122104000961,GIC,11,28,10,541.00,"5,410.00"
2020-12-21,2020122104000960,GIC,11,38,10,541.00,"5,410.00"
2020-12-21,2020122104000950,GIC,11,28,10,541.00,"5,410.00"
2020-12-21,2020122104000949,GIC,11,21,10,541.00,"5,410.00"
2020-12-21,2020122104000930,GIC,11,58,10,541.00,"5,410.00"
2020-12-21,2020122104000928,GIC,11,19,10,541.00,"5,410.00"
2020-12-21,2020122104000976,GIC,11,16,10,541.00,"5,410.00"
2020-12-21,2020122104000973,GIC,11,50,10,541.00,"5,410.00"
2020-12-21,2020122104000972,GIC,11,45,110,541.00,"59,510.00"
2020-12-21,2020122104000967,GIC,11,26,10,541.00,"5,410.00"
2020-12-21,2020122104000965,GIC,11,38,10,541.00,"5,410.00"
2020-12-21,2020122104000963,GIC,11,48,10,541.00,"5,410.00"
2020-12-21,2020122104000991,GIC,42,48,10,543.00,"5,430.00"
2020-12-21,2020122104000981,GIC,11,21,10,541.00,"5,410.00"
2020-12-21,2020122104000980,GIC,11,28,10,541.00,"5,410.00"
2020-12-21,2020122104000979,GIC,11,58,10,541.00,"5,410.00"
2020-12-21,2020122104000978,GIC,11,10,10,541.00,"5,410.00"
2020-12-21,2020122104000977,GIC,11,21,10,541.00,"5,410.00"
2020-12-21,2020122104001007,GIC,42,3,10,543.00,"5,430.00"
2020-12-21,2020122104001004,GIC,42,16,10,543.00,"5,430.00"
2020-12-21,2020122104001003,GIC,42,10,10,543.00,"5,430.00"
2020-12-21,2020122104001002,GIC,42,38,10,543.00,"5,430.00"
2020-12-21,2020122104001000,GIC,42,37,10,543.00,"5,430.00"
2020-12-21,2020122104000997,GIC,42,10,10,543.00,"5,430.00"
2020-12-21,2020122104001024,GIC,22,21,10,543.00,"5,430.00"
2020-12-21,2020122104001018,GIC,22,45,10,543.00,"5,430.00"
2020-12-21,2020122104001017,GIC,22,19,10,543.00,"5,430.00"
2020-12-21,2020122104001016,GIC,42,40,10,543.00,"5,430.00"
2020-12-21,2020122104001015,GIC,42,18,10,543.00,"5,430.00"
2020-12-21,2020122104001008,GIC,42,38,10,543.00,"5,430.00"
2020-12-21,2020122104001045,GIC,22,58,10,543.00,"5,430.00"
2020-12-21,2020122104001043,GIC,22,33,10,543.00,"5,430.00"
2020-12-21,2020122104001042,GIC,22,19,10,543.00,"5,430.00"
2020-12-21,2020122104001041,GIC,22,49,10,543.00,"5,430.00"
2020-12-21,2020122104001036,GIC,22,38,10,543.00,"5,430.00"
2020-12-21,2020122104001034,GIC,22,21,10,543.00,"5,430.00"
2020-12-21,2020122104001059,GIC,56,10,10,544.00,"5,440.00"
2020-12-21,2020122104001058,GIC,56,42,10,544.00,"5,440.00"
2020-12-21,2020122104001057,GIC,56,10,10,544.00,"5,440.00"
2020-12-21,2020122104001054,GIC,56,41,10,544.00,"5,440.00"
2020-12-21,2020122104001051,GIC,56,38,10,544.00,"5,440.00"
2020-12-21,2020122104001046,GIC,22,34,10,543.00,"5,430.00"
2020-12-21,2020122104001073,GIC,48,50,10,545.00,"5,450.00"
2020-12-21,2020122104001072,GIC,48,47,10,545.00,"5,450.00"
2020-12-21,2020122104001071,GIC,56,10,10,544.00,"5,440.00"
2020-12-21,2020122104001069,GIC,56,49,10,544.00,"5,440.00"
2020-12-21,2020122104001062,GIC,56,10,10,544.00,"5,440.00"
2020-12-21,2020122104001060,GIC,56,48,10,544.00,"5,440.00"
2020-12-21,2020122104001086,GIC,56,40,10,544.00,"5,440.00"
2020-12-21,2020122104001083,GIC,56,49,10,544.00,"5,440.00"
2020-12-21,2020122104001080,GIC,25,22,10,545.00,"5,450.00"
2020-12-21,2020122104001078,GIC,25,10,10,545.00,"5,450.00"
2020-12-21,2020122104001075,GIC,56,41,10,544.00,"5,440.00"
2020-12-21,2020122104001074,GIC,48,57,10,545.00,"5,450.00"
2020-12-21,2020122104001098,GIC,56,14,10,544.00,"5,440.00"
2020-12-21,2020122104001096,GIC,56,14,10,544.00,"5,440.00"
2020-12-21,2020122104001090,GIC,56,14,10,544.00,"5,440.00"
2020-12-21,2020122104001089,GIC,56,14,10,544.00,"5,440.00"
2020-12-21,2020122104001088,GIC,56,4,10,544.00,"5,440.00"
2020-12-21,2020122104001087,GIC,56,10,10,544.00,"5,440.00"
2020-12-21,2020122104001119,GIC,14,58,10,545.00,"5,450.00"
2020-12-21,2020122104001118,GIC,14,40,10,545.00,"5,450.00"
2020-12-21,2020122104001117,GIC,14,39,10,545.00,"5,450.00"
2020-12-21,2020122104001116,GIC,14,46,10,545.00,"5,450.00"
2020-12-21,2020122104001109,GIC,56,14,10,544.00,"5,440.00"
2020-12-21,2020122104001101,GIC,56,14,10,544.00,"5,440.00"
2020-12-21,2020122104001134,GIC,56,19,10,544.00,"5,440.00"
2020-12-21,2020122104001131,GIC,56,17,10,544.00,"5,440.00"
2020-12-21,2020122104001130,GIC,56,59,10,544.00,"5,440.00"
2020-12-21,2020122104001129,GIC,56,58,10,544.00,"5,440.00"
2020-12-21,2020122104001121,GIC,14,7,10,545.00,"5,450.00"
2020-12-21,2020122104001120,GIC,14,10,10,545.00,"5,450.00"
2020-12-21,2020122104000691,LEMF,17,19,"40,000",9.81,"392,400.00"
2020-12-21,2020122104001147,LUK,17,19,100,9.06,906.00
2020-12-21,2020122104001040,LUK,17,53,"1,600",9.06,"14,496.00"
2020-12-21,2020122104001013,LUK,17,38,100,9.06,906.00
2020-12-21,2020122104000785,LUK,41,21,"1,450",9.04,"13,108.00"
2020-12-21,2020122104001020,MLBLPO,58,52,"1,792",109.00,"195,328.00"
2020-12-21,2020122104001095,NBF2,5,35,"6,300",9.60,"60,480.00"
2020-12-21,2020122104001094,NBF2,5,42,500,9.55,"4,775.00"
2020-12-21,2020122104001093,NBF2,5,49,100,9.50,950.00
2020-12-21,2020122104001092,NBF2,5,35,100,9.45,945.00
2020-12-21,2020122104001053,NBF2,42,16,100,9.43,943.00
2020-12-21,2020122104000815,NBF2,10,45,"1,100",9.45,"10,395.00"
2020-12-21,2020122104000774,NBF2,10,45,"2,400",9.45,"22,680.00"
2020-12-21,2020122104001021,NCCBPO,38,25,"23,500",114.00,"2,679,000.00"
2020-12-21,2020122104001097,NEF,28,57,"2,414",9.68,"23,367.52"
2020-12-21,2020122104001064,NEF,28,35,"2,414",9.68,"23,367.52"
2020-12-21,2020122104000993,NEF,46,51,"4,846",9.67,"46,860.82"
2020-12-21,2020122104000936,NEF,17,52,483,9.65,"4,660.95"
2020-12-21,2020122104000918,NEF,17,54,531,9.65,"5,124.15"
2020-12-21,2020122104000888,NEF,17,47,"3,000",9.65,"28,950.00"
2020-12-21,2020122104000775,NEF,50,45,"1,127",9.67,"10,898.09"
2020-12-21,2020122104000737,NEF,50,16,"1,931",9.67,"18,672.77"
2020-12-21,2020122104000731,NEF,50,34,"4,505",9.67,"43,563.35"
2020-12-21,2020122104000681,NEF,17,19,"10,000",9.65,"96,500.00"
2020-12-21,2020122104000887,NEF,17,54,575,9.65,"5,548.75"
2020-12-21,2020122104000882,NEF,26,51,100,9.67,967.00
2020-12-21,2020122104000869,NEF,17,49,"3,380",9.65,"32,617.00"
2020-12-21,2020122104000858,NEF,17,38,483,9.65,"4,660.95"
2020-12-21,2020122104000818,NEF,50,51,"7,468",9.67,"72,215.56"
2020-12-21,2020122104000777,NEF,50,34,"5,632",9.67,"54,461.44"
2020-12-21,2020122104001052,NIBLPF,17,54,500,9.90,"4,950.00"
2020-12-21,2020122104000939,NIBLPF,17,51,505,9.90,"4,999.50"
2020-12-21,2020122104000893,NIBLPF,17,16,505,9.90,"4,999.50"
2020-12-21,2020122104000877,NIBLPF,17,54,"1,515",9.90,"14,998.50"
2020-12-21,2020122104000868,NIBLPF,17,35,"2,525",9.90,"24,997.50"
2020-12-21,2020122104000773,NIBLPF,17,34,"1,250",9.90,"12,375.00"
2020-12-21,2020122104000712,NIBLPF,17,54,"2,273",9.90,"22,502.70"
2020-12-21,2020122104000670,NIBLPF,17,49,"4,500",9.90,"44,550.00"
2020-12-21,2020122104001077,NIBPO,11,17,485,434.00,"210,490.00"
2020-12-21,2020122104001012,NIBPO,42,50,62,429.00,"26,598.00"
2020-12-21,2020122104000996,NIBPO,10,17,"1,000",433.00,"433,000.00"
2020-12-21,2020122104000995,NIBPO,10,47,30,432.00,"12,960.00"
2020-12-21,2020122104000819,NIBPO,49,19,131,427.00,"55,937.00"
2020-12-21,2020122104000789,NIBPO,49,49,100,427.00,"42,700.00"
2020-12-21,2020122104000788,NIBPO,11,49,150,428.00,"64,200.00"
2020-12-21,2020122104000776,NIBPO,10,45,500,432.00,"216,000.00"
2020-12-21,2020122104000663,NIBPO,49,22,500,427.00,"213,500.00"
2020-12-21,2020122104001061,NIBSF1,26,34,"2,000",11.05,"22,100.00"
2020-12-21,2020122104000920,NIBSF1,26,48,"1,000",11.02,"11,020.00"
2020-12-21,2020122104000844,NIBSF1,7,49,"1,500",11.01,"16,515.00"
2020-12-21,2020122104000783,NIBSF1,7,33,"1,443",11.01,"15,887.43"
2020-12-21,2020122104000736,NIBSF1,7,34,"2,800",11.01,"30,828.00"
2020-12-21,2020122104000735,NIBSF1,16,34,200,11.01,"2,202.00"
2020-12-21,2020122104000659,NIBSF1,7,34,"5,000",11.04,"55,200.00"
2020-12-21,2020122104001123,NICAD8283,11,19,25,"1,160.00","29,000.00"
2020-12-21,2020122104001006,NICBF,49,17,500,9.82,"4,910.00"
2020-12-21,2020122104000843,NICBF,49,16,200,9.82,"1,964.00"
2020-12-21,2020122104001150,NICGF,17,17,500,10.15,"5,075.00"
2020-12-21,2020122104000904,NICGF,17,47,"1,500",10.15,"15,225.00"
2020-12-21,2020122104000897,NICGF,5,7,"5,000",10.16,"50,800.00"
2020-12-21,2020122104000763,NICGF,17,28,650,10.15,"6,597.50"
2020-12-21,2020122104000759,NICGF,17,35,"1,900",10.15,"19,285.00"
2020-12-21,2020122104000757,NICGF,6,35,"3,100",10.16,"31,496.00"
2020-12-21,2020122104000732,NICGF,6,5,400,10.16,"4,064.00"
2020-12-21,2020122104000725,NICGF,6,47,"1,500",10.16,"15,240.00"
2020-12-21,2020122104001050,NMB50,4,49,100,10.00,"1,000.00"
2020-12-21,2020122104001049,NMB50,4,6,500,10.00,"5,000.00"
2020-12-21,2020122104001048,NMB50,4,38,"1,000",9.97,"9,970.00"
2020-12-21,2020122104000929,NMB50,17,35,200,9.95,"1,990.00"
2020-12-21,2020122104001038,NMBHF1,17,36,749,9.85,"7,377.65"
2020-12-21,2020122104000959,NMBHF1,17,51,"20,000",9.85,"197,000.00"
2020-12-21,2020122104000940,NMBHF1,17,51,832,9.85,"8,195.20"
2020-12-21,2020122104000914,NMBHF1,17,47,"3,500",9.85,"34,475.00"
2020-12-21,2020122104000892,NMBHF1,17,10,"4,500",9.85,"44,325.00"
2020-12-21,2020122104000860,NMBHF1,17,38,416,9.85,"4,097.60"
2020-12-21,2020122104000820,NMBHF1,43,51,"1,978",9.70,"19,186.60"
2020-12-21,2020122104000793,NMBHF1,17,51,"17,554",9.89,"173,609.06"
2020-12-21,2020122104000791,NMBHF1,17,38,"8,322",9.89,"82,304.58"
2020-12-21,2020122104000772,NMBHF1,17,34,"1,577",9.89,"15,596.53"
2020-12-21,2020122104000746,NMBHF1,17,34,"4,161",9.89,"41,152.29"
2020-12-21,2020122104000883,RBCLPO,53,36,10,"12,750.00","127,500.00"
2020-12-21,2020122104000880,RBCLPO,6,36,10,"12,751.00","127,510.00"
2020-12-21,2020122104000853,RBCLPO,40,49,10,"12,801.00","128,010.00"
2020-12-21,2020122104000850,RBCLPO,40,49,10,"12,801.00","128,010.00"
2020-12-21,2020122104000766,RBCLPO,39,33,10,"12,750.00","127,500.00"
2020-12-21,2020122104000745,RBCLPO,33,33,10,"12,650.00","126,500.00"
2020-12-21,2020122104000743,RBCLPO,19,34,10,"12,650.00","126,500.00"
2020-12-21,2020122104000703,RBCLPO,34,34,20,"12,601.00","252,020.00"
2020-12-21,2020122104000678,RBCLPO,43,34,10,"12,650.00","126,500.00"
2020-12-21,2020122104000676,RBCLPO,17,18,50,"12,602.00","630,100.00"
2020-12-21,2020122104000667,RBCLPO,33,34,20,"12,650.00","253,000.00"
2020-12-21,2020122104001091,SAEF,21,47,"10,000",10.85,"108,500.00"
2020-12-21,2020122104000945,SAEF,7,51,500,10.76,"5,380.00"
2020-12-21,2020122104000934,SAEF,7,47,"3,800",10.76,"40,888.00"
2020-12-21,2020122104000846,SAEF,7,56,"2,000",10.80,"21,600.00"
2020-12-21,2020122104000828,SAEF,17,49,"3,000",10.75,"32,250.00"
2020-12-21,2020122104000699,SAEF,17,56,"3,000",10.75,"32,250.00"
2020-12-21,2020122104001152,SEF,17,17,"3,000",10.18,"30,540.00"
2020-12-21,2020122104000956,SEF,17,34,"2,500",10.18,"25,450.00"
2020-12-21,2020122104000948,SEF,17,51,500,10.18,"5,090.00"
2020-12-21,2020122104000947,SEF,17,47,"5,000",10.18,"50,900.00"
2020-12-21,2020122104000923,SEF,14,34,"37,000",10.20,"377,400.00"
2020-12-21,2020122104000915,SEF,14,16,"2,000",10.20,"20,400.00"
2020-12-21,2020122104000836,SEF,14,13,"11,000",10.20,"112,200.00"
2020-12-21,2020122104001151,SGI,57,29,10,570.00,"5,700.00"
2020-12-21,2020122104001148,SGI,57,10,10,570.00,"5,700.00"
2020-12-21,2020122104001146,SGI,57,36,10,570.00,"5,700.00"
2020-12-21,2020122104001145,SGI,57,17,10,570.00,"5,700.00"
2020-12-21,2020122104001141,SGI,59,57,10,571.00,"5,710.00"
2020-12-21,2020122104001139,SGI,57,17,10,570.00,"5,700.00"
2020-12-21,2020122104000656,SGI,22,10,10,555.00,"5,550.00"
2020-12-21,2020122104000655,SGI,22,57,10,555.00,"5,550.00"
2020-12-21,2020122104000653,SGI,19,22,10,554.00,"5,540.00"
2020-12-21,2020122104000669,SGI,19,48,10,554.00,"5,540.00"
2020-12-21,2020122104000666,SGI,20,44,10,556.00,"5,560.00"
2020-12-21,2020122104000664,SGI,34,10,10,556.00,"5,560.00"
2020-12-21,2020122104000661,SGI,34,4,10,556.00,"5,560.00"
2020-12-21,2020122104000660,SGI,19,26,10,554.00,"5,540.00"
2020-12-21,2020122104000657,SGI,43,48,10,555.00,"5,550.00"
2020-12-21,2020122104000680,SGI,34,28,70,565.00,"39,550.00"
2020-12-21,2020122104000679,SGI,34,17,10,560.00,"5,600.00"
2020-12-21,2020122104000677,SGI,43,19,10,555.00,"5,550.00"
2020-12-21,2020122104000675,SGI,43,10,10,555.00,"5,550.00"
2020-12-21,2020122104000673,SGI,10,42,10,556.00,"5,560.00"
2020-12-21,2020122104000671,SGI,45,40,10,555.00,"5,550.00"
2020-12-21,2020122104000697,SGI,32,10,10,555.00,"5,550.00"
2020-12-21,2020122104000695,SGI,32,17,10,555.00,"5,550.00"
2020-12-21,2020122104000694,SGI,32,58,10,555.00,"5,550.00"
2020-12-21,2020122104000693,SGI,43,58,60,555.00,"33,300.00"
2020-12-21,2020122104000684,SGI,43,17,10,555.00,"5,550.00"
2020-12-21,2020122104000683,SGI,43,17,10,555.00,"5,550.00"
2020-12-21,2020122104000710,SGI,44,48,10,555.00,"5,550.00"
2020-12-21,2020122104000705,SGI,44,58,20,555.00,"11,100.00"
2020-12-21,2020122104000704,SGI,19,49,10,554.00,"5,540.00"
2020-12-21,2020122104000701,SGI,40,58,10,555.00,"5,550.00"
2020-12-21,2020122104000700,SGI,51,58,20,555.00,"11,100.00"
2020-12-21,2020122104000698,SGI,51,53,10,555.00,"5,550.00"
2020-12-21,2020122104000718,SGI,41,39,10,565.00,"5,650.00"
2020-12-21,2020122104000717,SGI,41,4,10,565.00,"5,650.00"
2020-12-21,2020122104000716,SGI,41,52,10,565.00,"5,650.00"
2020-12-21,2020122104000715,SGI,41,28,20,565.00,"11,300.00"
2020-12-21,2020122104000714,SGI,41,57,10,560.00,"5,600.00"
2020-12-21,2020122104000711,SGI,44,17,10,555.00,"5,550.00"
2020-12-21,2020122104000727,SGI,41,52,10,566.00,"5,660.00"
2020-12-21,2020122104000723,SGI,41,4,10,566.00,"5,660.00"
2020-12-21,2020122104000722,SGI,41,58,10,565.00,"5,650.00"
2020-12-21,2020122104000721,SGI,41,42,10,565.00,"5,650.00"
2020-12-21,2020122104000720,SGI,41,28,10,565.00,"5,650.00"
2020-12-21,2020122104000719,SGI,41,54,10,565.00,"5,650.00"
2020-12-21,2020122104000756,SGI,41,17,10,566.00,"5,660.00"
2020-12-21,2020122104000742,SGI,49,32,10,568.00,"5,680.00"
2020-12-21,2020122104000741,SGI,49,21,10,568.00,"5,680.00"
2020-12-21,2020122104000740,SGI,49,58,10,567.00,"5,670.00"
2020-12-21,2020122104000734,SGI,41,58,85,566.00,"48,110.00"
2020-12-21,2020122104000729,SGI,41,44,10,566.00,"5,660.00"
2020-12-21,2020122104000765,SGI,35,45,10,569.00,"5,690.00"
2020-12-21,2020122104000764,SGI,35,52,10,569.00,"5,690.00"
2020-12-21,2020122104000762,SGI,35,52,10,569.00,"5,690.00"
2020-12-21,2020122104000761,SGI,41,32,10,566.00,"5,660.00"
2020-12-21,2020122104000760,SGI,41,4,10,566.00,"5,660.00"
2020-12-21,2020122104000758,SGI,47,47,10,567.00,"5,670.00"
2020-12-21,2020122104000778,SGI,17,16,10,570.00,"5,700.00"
2020-12-21,2020122104000771,SGI,17,32,10,570.00,"5,700.00"
2020-12-21,2020122104000770,SGI,17,36,10,570.00,"5,700.00"
2020-12-21,2020122104000769,SGI,17,20,10,570.00,"5,700.00"
2020-12-21,2020122104000768,SGI,35,38,10,569.00,"5,690.00"
2020-12-21,2020122104000767,SGI,35,5,10,569.00,"5,690.00"
2020-12-21,2020122104000805,SGI,17,16,10,570.00,"5,700.00"
2020-12-21,2020122104000794,SGI,17,21,10,570.00,"5,700.00"
2020-12-21,2020122104000792,SGI,17,38,10,570.00,"5,700.00"
2020-12-21,2020122104000790,SGI,17,58,10,570.00,"5,700.00"
2020-12-21,2020122104000786,SGI,17,8,10,570.00,"5,700.00"
2020-12-21,2020122104000784,SGI,17,21,10,570.00,"5,700.00"
2020-12-21,2020122104000821,SGI,17,17,10,570.00,"5,700.00"
2020-12-21,2020122104000816,SGI,17,25,20,570.00,"11,400.00"
2020-12-21,2020122104000814,SGI,17,16,10,570.00,"5,700.00"
2020-12-21,2020122104000812,SGI,17,8,10,570.00,"5,700.00"
2020-12-21,2020122104000811,SGI,17,16,10,570.00,"5,700.00"
2020-12-21,2020122104000807,SGI,17,16,10,570.00,"5,700.00"
2020-12-21,2020122104000849,SGI,35,38,10,569.00,"5,690.00"
2020-12-21,2020122104000847,SGI,35,17,10,569.00,"5,690.00"
2020-12-21,2020122104000841,SGI,6,45,10,575.00,"5,750.00"
2020-12-21,2020122104000834,SGI,17,38,10,570.00,"5,700.00"
2020-12-21,2020122104000831,SGI,17,6,10,570.00,"5,700.00"
2020-12-21,2020122104000823,SGI,17,48,10,570.00,"5,700.00"
2020-12-21,2020122104000865,SGI,35,39,10,569.00,"5,690.00"
2020-12-21,2020122104000861,SGI,35,19,10,569.00,"5,690.00"
2020-12-21,2020122104000857,SGI,35,45,10,569.00,"5,690.00"
2020-12-21,2020122104000856,SGI,35,58,10,569.00,"5,690.00"
2020-12-21,2020122104000854,SGI,35,58,10,569.00,"5,690.00"
2020-12-21,2020122104000852,SGI,35,58,10,569.00,"5,690.00"
2020-12-21,2020122104000890,SGI,42,19,10,570.00,"5,700.00"
2020-12-21,2020122104000889,SGI,35,42,10,569.00,"5,690.00"
2020-12-21,2020122104000881,SGI,35,20,10,569.00,"5,690.00"
2020-12-21,2020122104000878,SGI,35,13,10,569.00,"5,690.00"
2020-12-21,2020122104000870,SGI,35,44,10,569.00,"5,690.00"
2020-12-21,2020122104000867,SGI,35,14,10,569.00,"5,690.00"
2020-12-21,2020122104000901,SGI,11,52,10,570.00,"5,700.00"
2020-12-21,2020122104000900,SGI,42,45,10,574.00,"5,740.00"
2020-12-21,2020122104000899,SGI,11,48,10,570.00,"5,700.00"
2020-12-21,2020122104000898,SGI,11,17,10,570.00,"5,700.00"
2020-12-21,2020122104000894,SGI,11,57,10,570.00,"5,700.00"
2020-12-21,2020122104000891,SGI,58,42,10,570.00,"5,700.00"
2020-12-21,2020122104000910,SGI,49,49,10,575.00,"5,750.00"
2020-12-21,2020122104000909,SGI,49,33,10,575.00,"5,750.00"
2020-12-21,2020122104000908,SGI,49,57,10,575.00,"5,750.00"
2020-12-21,2020122104000906,SGI,42,36,10,575.00,"5,750.00"
2020-12-21,2020122104000905,SGI,42,54,10,575.00,"5,750.00"
2020-12-21,2020122104000902,SGI,11,8,10,570.00,"5,700.00"
2020-12-21,2020122104000931,SGI,57,42,10,570.00,"5,700.00"
2020-12-21,2020122104000926,SGI,11,25,10,570.00,"5,700.00"
2020-12-21,2020122104000922,SGI,11,38,10,570.00,"5,700.00"
2020-12-21,2020122104000921,SGI,11,28,10,570.00,"5,700.00"
2020-12-21,2020122104000919,SGI,11,44,10,570.00,"5,700.00"
2020-12-21,2020122104000916,SGI,11,50,10,570.00,"5,700.00"
2020-12-21,2020122104000941,SGI,57,38,10,570.00,"5,700.00"
2020-12-21,2020122104000938,SGI,57,57,10,570.00,"5,700.00"
2020-12-21,2020122104000937,SGI,57,25,10,570.00,"5,700.00"
2020-12-21,2020122104000935,SGI,57,25,10,570.00,"5,700.00"
2020-12-21,2020122104000933,SGI,57,19,10,570.00,"5,700.00"
2020-12-21,2020122104000932,SGI,57,25,10,570.00,"5,700.00"
2020-12-21,2020122104000952,SGI,57,38,10,570.00,"5,700.00"
2020-12-21,2020122104000951,SGI,57,42,10,570.00,"5,700.00"
2020-12-21,2020122104000946,SGI,57,42,10,570.00,"5,700.00"
2020-12-21,2020122104000944,SGI,57,34,10,570.00,"5,700.00"
2020-12-21,2020122104000943,SGI,57,21,10,570.00,"5,700.00"
2020-12-21,2020122104000942,SGI,57,42,10,570.00,"5,700.00"
2020-12-21,2020122104000964,SGI,57,14,10,570.00,"5,700.00"
2020-12-21,2020122104000962,SGI,57,42,10,570.00,"5,700.00"
2020-12-21,2020122104000958,SGI,57,38,10,570.00,"5,700.00"
2020-12-21,2020122104000957,SGI,57,42,10,570.00,"5,700.00"
2020-12-21,2020122104000955,SGI,57,21,10,570.00,"5,700.00"
2020-12-21,2020122104000953,SGI,57,42,10,570.00,"5,700.00"
2020-12-21,2020122104000974,SGI,57,45,10,570.00,"5,700.00"
2020-12-21,2020122104000971,SGI,57,28,10,570.00,"5,700.00"
2020-12-21,2020122104000970,SGI,57,10,10,570.00,"5,700.00"
2020-12-21,2020122104000969,SGI,57,42,10,570.00,"5,700.00"
2020-12-21,2020122104000968,SGI,57,42,10,570.00,"5,700.00"
2020-12-21,2020122104000966,SGI,57,42,10,570.00,"5,700.00"
2020-12-21,2020122104000986,SGI,29,17,10,574.00,"5,740.00"
2020-12-21,2020122104000985,SGI,57,17,10,570.00,"5,700.00"
2020-12-21,2020122104000984,SGI,57,50,10,570.00,"5,700.00"
2020-12-21,2020122104000983,SGI,57,38,10,570.00,"5,700.00"
2020-12-21,2020122104000982,SGI,57,44,10,570.00,"5,700.00"
2020-12-21,2020122104000975,SGI,57,16,10,570.00,"5,700.00"
2020-12-21,2020122104000998,SGI,57,25,10,570.00,"5,700.00"
2020-12-21,2020122104000994,SGI,57,22,10,570.00,"5,700.00"
2020-12-21,2020122104000992,SGI,57,10,10,570.00,"5,700.00"
2020-12-21,2020122104000990,SGI,57,45,10,570.00,"5,700.00"
2020-12-21,2020122104000989,SGI,57,16,10,570.00,"5,700.00"
2020-12-21,2020122104000988,SGI,57,44,10,570.00,"5,700.00"
2020-12-21,2020122104001011,SGI,57,18,10,570.00,"5,700.00"
2020-12-21,2020122104001010,SGI,57,21,10,570.00,"5,700.00"
2020-12-21,2020122104001009,SGI,57,40,10,570.00,"5,700.00"
2020-12-21,2020122104001005,SGI,57,19,10,570.00,"5,700.00"
2020-12-21,2020122104001001,SGI,57,10,10,570.00,"5,700.00"
2020-12-21,2020122104000999,SGI,57,38,10,570.00,"5,700.00"
2020-12-21,2020122104001026,SGI,57,40,10,570.00,"5,700.00"
2020-12-21,2020122104001025,SGI,57,49,10,570.00,"5,700.00"
2020-12-21,2020122104001023,SGI,57,39,10,570.00,"5,700.00"
2020-12-21,2020122104001022,SGI,57,51,10,570.00,"5,700.00"
2020-12-21,2020122104001019,SGI,57,21,10,570.00,"5,700.00"
2020-12-21,2020122104001014,SGI,57,21,10,570.00,"5,700.00"
2020-12-21,2020122104001037,SGI,57,58,10,570.00,"5,700.00"
2020-12-21,2020122104001033,SGI,57,51,10,570.00,"5,700.00"
2020-12-21,2020122104001032,SGI,57,44,10,570.00,"5,700.00"
2020-12-21,2020122104001031,SGI,57,21,10,570.00,"5,700.00"
2020-12-21,2020122104001030,SGI,57,25,10,570.00,"5,700.00"
2020-12-21,2020122104001029,SGI,57,56,10,570.00,"5,700.00"
2020-12-21,2020122104001063,SGI,57,35,10,570.00,"5,700.00"
2020-12-21,2020122104001056,SGI,57,44,10,570.00,"5,700.00"
2020-12-21,2020122104001055,SGI,57,45,100,570.00,"57,000.00"
2020-12-21,2020122104001047,SGI,51,58,10,574.00,"5,740.00"
2020-12-21,2020122104001044,SGI,57,49,10,570.00,"5,700.00"
2020-12-21,2020122104001039,SGI,57,21,10,570.00,"5,700.00"
2020-12-21,2020122104001076,SGI,57,49,10,570.00,"5,700.00"
2020-12-21,2020122104001070,SGI,57,58,10,570.00,"5,700.00"
2020-12-21,2020122104001068,SGI,57,33,10,570.00,"5,700.00"
2020-12-21,2020122104001067,SGI,54,50,10,575.00,"5,750.00"
2020-12-21,2020122104001066,SGI,54,38,10,575.00,"5,750.00"
2020-12-21,2020122104001065,SGI,54,17,10,574.00,"5,740.00"
2020-12-21,2020122104001103,SGI,16,32,10,571.00,"5,710.00"
2020-12-21,2020122104001102,SGI,16,4,10,571.00,"5,710.00"
2020-12-21,2020122104001085,SGI,57,59,10,570.00,"5,700.00"
2020-12-21,2020122104001084,SGI,57,51,10,570.00,"5,700.00"
2020-12-21,2020122104001082,SGI,57,58,10,570.00,"5,700.00"
2020-12-21,2020122104001081,SGI,57,10,10,570.00,"5,700.00"
2020-12-21,2020122104001112,SGI,14,53,10,575.00,"5,750.00"
2020-12-21,2020122104001111,SGI,16,7,10,571.00,"5,710.00"
2020-12-21,2020122104001110,SGI,16,40,10,571.00,"5,710.00"
2020-12-21,2020122104001106,SGI,16,14,10,571.00,"5,710.00"
2020-12-21,2020122104001105,SGI,16,42,10,571.00,"5,710.00"
2020-12-21,2020122104001104,SGI,16,21,10,571.00,"5,710.00"
2020-12-21,2020122104001126,SGI,16,59,10,571.00,"5,710.00"
2020-12-21,2020122104001125,SGI,16,10,10,571.00,"5,710.00"
2020-12-21,2020122104001124,SGI,16,10,10,571.00,"5,710.00"
2020-12-21,2020122104001122,SGI,39,19,10,575.00,"5,750.00"
2020-12-21,2020122104001114,SGI,39,7,10,575.00,"5,750.00"
2020-12-21,2020122104001113,SGI,39,56,10,575.00,"5,750.00"
2020-12-21,2020122104001137,SGI,57,51,100,570.00,"57,000.00"
2020-12-21,2020122104001136,SGI,35,51,20,571.00,"11,420.00"
2020-12-21,2020122104001135,SGI,16,51,390,571.00,"222,690.00"
2020-12-21,2020122104001133,SGI,16,17,10,571.00,"5,710.00"
2020-12-21,2020122104001128,SGI,34,52,10,576.00,"5,760.00"
2020-12-21,2020122104001127,SGI,34,46,10,576.00,"5,760.00"
2020-12-21,2020122104001108,STC,38,58,10,"5,000.00","50,000.00"
2020-12-21,2020122104001107,STC,7,58,10,"5,000.00","50,000.00"
2020-12-21,2020122104001100,STC,32,58,50,"5,001.00","250,050.00"
2020-12-21,2020122104001035,STC,17,38,10,"4,996.00","49,960.00"
2020-12-21,2020122104001028,STC,42,38,50,"4,996.00","249,800.00"
2020-12-21,2020122104001027,STC,42,34,50,"4,996.00","249,800.00"
2020-12-21,2020122104000672,STC,1,58,10,"4,998.00","49,980.00"
2020-12-21,2020122104000864,STC,59,57,20,"4,996.00","99,920.00"
2020-12-21,2020122104000863,STC,21,57,10,"4,997.00","49,970.00"
2020-12-21,2020122104000862,STC,25,57,10,"4,998.00","49,980.00"
2020-12-21,2020122104000724,STC,51,57,10,"5,097.00","50,970.00"
2020-12-21,2020122104000707,STC,52,40,10,"5,096.00","50,960.00"
2020-12-21,2020122104000690,STC,50,34,50,"5,095.00","254,750.00"
2020-12-21,2020122104000987,STC,32,49,10,"4,940.00","49,400.00"
2020-12-21,2020122104000875,STC,1,57,25,"4,899.00","122,475.00"
2020-12-21,2020122104000874,STC,5,57,20,"4,899.00","97,980.00"
2020-12-21,2020122104000873,STC,40,57,10,"4,899.00","48,990.00"
2020-12-21,2020122104000872,STC,6,57,10,"4,900.00","49,000.00"
2020-12-21,2020122104000871,STC,26,57,20,"4,901.00","98,020.00"
2020-12-21,2020122104000650,BBC,20,34,30,"2,490.00","74,700.00"
2020-12-21,2020122104000495,BBC,17,34,20,"2,495.00","49,900.00"
2020-12-21,2020122104000418,BBC,28,11,50,"2,400.00","120,000.00"
2020-12-21,2020122104000375,BBC,34,58,20,"2,405.00","48,100.00"
2020-12-21,2020122104000355,BBC,26,58,10,"2,405.00","24,050.00"
2020-12-21,2020122104000338,BBC,21,34,10,"2,401.00","24,010.00"
2020-12-21,2020122104000291,BBC,21,5,10,"2,450.00","24,500.00"
2020-12-21,2020122104000652,GIC,50,48,10,527.00,"5,270.00"
2020-12-21,2020122104000651,GIC,50,38,10,527.00,"5,270.00"
2020-12-21,2020122104000649,GIC,50,34,10,527.00,"5,270.00"
2020-12-21,2020122104000648,GIC,10,49,60,530.00,"31,800.00"
2020-12-21,2020122104000646,GIC,22,49,100,530.00,"53,000.00"
2020-12-21,2020122104000645,GIC,54,49,200,530.00,"106,000.00"
2020-12-21,2020122104000153,GIC,22,33,20,513.00,"10,260.00"
2020-12-21,2020122104000163,GIC,44,17,10,519.00,"5,190.00"
2020-12-21,2020122104000162,GIC,44,36,10,519.00,"5,190.00"
2020-12-21,2020122104000161,GIC,58,44,110,518.00,"56,980.00"
2020-12-21,2020122104000160,GIC,58,38,10,518.00,"5,180.00"
2020-12-21,2020122104000157,GIC,58,42,10,518.00,"5,180.00"
2020-12-21,2020122104000155,GIC,58,33,10,518.00,"5,180.00"
2020-12-21,2020122104000178,GIC,58,22,10,520.00,"5,200.00"
2020-12-21,2020122104000177,GIC,58,1,10,520.00,"5,200.00"
2020-12-21,2020122104000169,GIC,58,57,10,520.00,"5,200.00"
2020-12-21,2020122104000168,GIC,58,41,10,520.00,"5,200.00"
2020-12-21,2020122104000167,GIC,58,56,10,520.00,"5,200.00"
2020-12-21,2020122104000166,GIC,58,14,10,520.00,"5,200.00"
2020-12-21,2020122104000200,GIC,58,26,10,522.00,"5,220.00"
2020-12-21,2020122104000198,GIC,49,58,10,521.00,"5,210.00"
2020-12-21,2020122104000188,GIC,52,34,20,521.00,"10,420.00"
2020-12-21,2020122104000186,GIC,58,56,10,520.00,"5,200.00"
2020-12-21,2020122104000181,GIC,58,13,10,520.00,"5,200.00"
2020-12-21,2020122104000179,GIC,58,49,10,520.00,"5,200.00"
2020-12-21,2020122104000208,GIC,58,58,10,522.00,"5,220.00"
2020-12-21,2020122104000207,GIC,58,39,10,522.00,"5,220.00"
2020-12-21,2020122104000204,GIC,58,53,10,522.00,"5,220.00"
2020-12-21,2020122104000203,GIC,58,8,10,522.00,"5,220.00"
2020-12-21,2020122104000202,GIC,58,7,10,522.00,"5,220.00"
2020-12-21,2020122104000201,GIC,58,32,10,522.00,"5,220.00"
2020-12-21,2020122104000228,GIC,14,50,50,520.00,"26,000.00"
2020-12-21,2020122104000227,GIC,34,50,40,520.00,"20,800.00"
2020-12-21,2020122104000224,GIC,34,53,10,520.00,"5,200.00"
2020-12-21,2020122104000218,GIC,25,43,10,521.00,"5,210.00"
2020-12-21,2020122104000217,GIC,25,34,10,521.00,"5,210.00"
2020-12-21,2020122104000212,GIC,49,49,10,521.00,"5,210.00"
2020-12-21,2020122104000258,GIC,21,21,10,517.00,"5,170.00"
2020-12-21,2020122104000250,GIC,45,45,10,517.00,"5,170.00"
2020-12-21,2020122104000249,GIC,45,42,10,517.00,"5,170.00"
2020-12-21,2020122104000241,GIC,28,42,10,517.00,"5,170.00"
2020-12-21,2020122104000238,GIC,28,38,10,517.00,"5,170.00"
2020-12-21,2020122104000234,GIC,28,53,10,517.00,"5,170.00"
2020-12-21,2020122104000272,GIC,48,17,45,520.00,"23,400.00"
2020-12-21,2020122104000271,GIC,48,39,10,520.00,"5,200.00"
2020-12-21,2020122104000270,GIC,48,36,10,520.00,"5,200.00"
2020-12-21,2020122104000266,GIC,48,57,10,516.00,"5,160.00"
2020-12-21,2020122104000263,GIC,45,52,10,517.00,"5,170.00"
2020-12-21,2020122104000260,GIC,21,45,10,516.00,"5,160.00"
2020-12-21,2020122104000286,GIC,48,38,10,516.00,"5,160.00"
2020-12-21,2020122104000285,GIC,48,36,10,516.00,"5,160.00"
2020-12-21,2020122104000283,GIC,52,37,10,517.00,"5,170.00"
2020-12-21,2020122104000282,GIC,52,26,10,517.00,"5,170.00"
2020-12-21,2020122104000278,GIC,48,26,10,516.00,"5,160.00"
2020-12-21,2020122104000274,GIC,48,38,10,516.00,"5,160.00"
2020-12-21,2020122104000307,GIC,55,26,10,517.00,"5,170.00"
2020-12-21,2020122104000306,GIC,48,8,10,516.00,"5,160.00"
2020-12-21,2020122104000305,GIC,48,52,10,516.00,"5,160.00"
2020-12-21,2020122104000295,GIC,48,38,10,516.00,"5,160.00"
2020-12-21,2020122104000292,GIC,48,32,10,516.00,"5,160.00"
2020-12-21,2020122104000289,GIC,48,39,10,516.00,"5,160.00"
2020-12-21,2020122104000336,GIC,6,17,20,520.00,"10,400.00"
2020-12-21,2020122104000331,GIC,55,43,10,517.00,"5,170.00"
2020-12-21,2020122104000329,GIC,25,29,10,519.00,"5,190.00"
2020-12-21,2020122104000322,GIC,55,47,10,517.00,"5,170.00"
2020-12-21,2020122104000321,GIC,59,17,50,520.00,"26,000.00"
2020-12-21,2020122104000308,GIC,55,43,10,517.00,"5,170.00"
2020-12-21,2020122104000352,GIC,45,36,10,520.00,"5,200.00"
2020-12-21,2020122104000351,GIC,45,57,10,520.00,"5,200.00"
2020-12-21,2020122104000350,GIC,45,17,30,520.00,"15,600.00"
2020-12-21,2020122104000349,GIC,49,47,10,518.00,"5,180.00"
2020-12-21,2020122104000342,GIC,55,45,10,517.00,"5,170.00"
2020-12-21,2020122104000339,GIC,55,14,10,517.00,"5,170.00"
2020-12-21,2020122104000368,GIC,48,7,10,520.00,"5,200.00"
2020-12-21,2020122104000367,GIC,48,42,10,520.00,"5,200.00"
2020-12-21,2020122104000362,GIC,48,28,10,520.00,"5,200.00"
2020-12-21,2020122104000357,GIC,48,42,10,520.00,"5,200.00"
2020-12-21,2020122104000354,GIC,49,45,10,518.00,"5,180.00"
2020-12-21,2020122104000353,GIC,45,36,10,520.00,"5,200.00"
2020-12-21,2020122104000374,GIC,44,58,10,522.00,"5,220.00"
2020-12-21,2020122104000373,GIC,44,59,10,522.00,"5,220.00"
2020-12-21,2020122104000372,GIC,44,38,10,522.00,"5,220.00"
2020-12-21,2020122104000371,GIC,29,40,10,521.00,"5,210.00"
2020-12-21,2020122104000370,GIC,29,17,40,521.00,"20,840.00"
2020-12-21,2020122104000369,GIC,48,49,10,520.00,"5,200.00"
2020-12-21,2020122104000384,GIC,55,49,10,525.00,"5,250.00"
2020-12-21,2020122104000383,GIC,55,55,10,525.00,"5,250.00"
2020-12-21,2020122104000382,GIC,55,22,10,525.00,"5,250.00"
2020-12-21,2020122104000381,GIC,55,16,10,525.00,"5,250.00"
2020-12-21,2020122104000380,GIC,55,41,10,525.00,"5,250.00"
2020-12-21,2020122104000379,GIC,55,43,10,525.00,"5,250.00"
2020-12-21,2020122104000398,GIC,58,26,10,527.00,"5,270.00"
2020-12-21,2020122104000397,GIC,58,49,10,527.00,"5,270.00"
2020-12-21,2020122104000392,GIC,44,56,10,523.00,"5,230.00"
2020-12-21,2020122104000387,GIC,55,58,10,525.00,"5,250.00"
2020-12-21,2020122104000386,GIC,55,46,10,525.00,"5,250.00"
2020-12-21,2020122104000385,GIC,55,52,10,525.00,"5,250.00"
2020-12-21,2020122104000416,GIC,45,21,10,525.00,"5,250.00"
2020-12-21,2020122104000404,GIC,16,35,10,525.00,"5,250.00"
2020-12-21,2020122104000403,GIC,16,26,80,525.00,"42,000.00"
2020-12-21,2020122104000402,GIC,13,26,20,528.00,"10,560.00"
2020-12-21,2020122104000401,GIC,13,49,10,528.00,"5,280.00"
2020-12-21,2020122104000400,GIC,13,10,50,528.00,"26,400.00"
2020-12-21,2020122104000433,GIC,26,48,10,531.00,"5,310.00"
2020-12-21,2020122104000431,GIC,49,44,10,530.00,"5,300.00"
2020-12-21,2020122104000425,GIC,43,17,10,531.00,"5,310.00"
2020-12-21,2020122104000423,GIC,43,37,10,530.00,"5,300.00"
2020-12-21,2020122104000422,GIC,43,58,10,530.00,"5,300.00"
2020-12-21,2020122104000421,GIC,43,41,10,530.00,"5,300.00"
2020-12-21,2020122104000443,GIC,44,34,10,540.00,"5,400.00"
2020-12-21,2020122104000442,GIC,44,41,10,540.00,"5,400.00"
2020-12-21,2020122104000441,GIC,44,51,10,540.00,"5,400.00"
2020-12-21,2020122104000440,GIC,44,45,10,540.00,"5,400.00"
2020-12-21,2020122104000439,GIC,44,43,10,540.00,"5,400.00"
2020-12-21,2020122104000437,GIC,49,42,10,535.00,"5,350.00"
2020-12-21,2020122104000454,GIC,21,58,10,540.00,"5,400.00"
2020-12-21,2020122104000452,GIC,49,32,10,535.00,"5,350.00"
2020-12-21,2020122104000450,GIC,49,29,10,535.00,"5,350.00"
2020-12-21,2020122104000447,GIC,38,5,100,548.00,"54,800.00"
2020-12-21,2020122104000445,GIC,44,21,30,544.00,"16,320.00"
2020-12-21,2020122104000444,GIC,44,53,20,544.00,"10,880.00"
2020-12-21,2020122104000509,GIC,29,8,10,549.00,"5,490.00"
2020-12-21,2020122104000508,GIC,29,6,10,549.00,"5,490.00"
2020-12-21,2020122104000459,GIC,29,46,200,560.00,"112,000.00"
2020-12-21,2020122104000458,GIC,29,41,10,558.00,"5,580.00"
2020-12-21,2020122104000457,GIC,29,48,90,550.00,"49,500.00"
2020-12-21,2020122104000456,GIC,29,59,10,550.00,"5,500.00"
2020-12-21,2020122104000527,GIC,21,29,10,540.00,"5,400.00"
2020-12-21,2020122104000523,GIC,17,48,30,570.00,"17,100.00"
2020-12-21,2020122104000513,GIC,29,22,20,571.00,"11,420.00"
2020-12-21,2020122104000512,GIC,29,22,10,570.00,"5,700.00"
2020-12-21,2020122104000511,GIC,29,41,10,570.00,"5,700.00"
2020-12-21,2020122104000510,GIC,29,45,10,550.00,"5,500.00"
2020-12-21,2020122104000548,GIC,42,21,90,550.00,"49,500.00"
2020-12-21,2020122104000547,GIC,42,57,10,550.00,"5,500.00"
2020-12-21,2020122104000546,GIC,21,41,10,540.00,"5,400.00"
2020-12-21,2020122104000544,GIC,21,8,10,540.00,"5,400.00"
2020-12-21,2020122104000542,GIC,10,13,10,550.00,"5,500.00"
2020-12-21,2020122104000539,GIC,21,8,10,540.00,"5,400.00"
2020-12-21,2020122104000565,GIC,58,28,20,540.00,"10,800.00"
2020-12-21,2020122104000564,GIC,54,28,500,540.00,"270,000.00"
2020-12-21,2020122104000563,GIC,6,28,80,540.00,"43,200.00"
2020-12-21,2020122104000562,GIC,21,28,10,540.00,"5,400.00"
2020-12-21,2020122104000561,GIC,55,28,40,541.00,"21,640.00"
2020-12-21,2020122104000560,GIC,53,28,200,542.00,"108,400.00"
2020-12-21,2020122104000583,GIC,44,59,50,535.00,"26,750.00"
2020-12-21,2020122104000581,GIC,44,21,10,535.00,"5,350.00"
2020-12-21,2020122104000576,GIC,4,49,30,540.00,"16,200.00"
2020-12-21,2020122104000573,GIC,4,21,10,540.00,"5,400.00"
2020-12-21,2020122104000572,GIC,4,28,110,540.00,"59,400.00"
2020-12-21,2020122104000568,GIC,10,28,30,540.00,"16,200.00"
2020-12-21,2020122104000606,GIC,41,6,40,535.00,"21,400.00"
2020-12-21,2020122104000605,GIC,44,6,10,535.00,"5,350.00"
2020-12-21,2020122104000598,GIC,44,40,10,535.00,"5,350.00"
2020-12-21,2020122104000597,GIC,44,21,10,535.00,"5,350.00"
2020-12-21,2020122104000596,GIC,44,25,10,535.00,"5,350.00"
2020-12-21,2020122104000584,GIC,49,49,10,540.00,"5,400.00"
2020-12-21,2020122104000614,GIC,22,34,10,532.00,"5,320.00"
2020-12-21,2020122104000613,GIC,22,10,10,532.00,"5,320.00"
2020-12-21,2020122104000611,GIC,22,52,10,532.00,"5,320.00"
2020-12-21,2020122104000610,GIC,22,50,10,532.00,"5,320.00"
2020-12-21,2020122104000608,GIC,22,21,10,532.00,"5,320.00"
2020-12-21,2020122104000607,GIC,6,6,100,535.00,"53,500.00"
2020-12-21,2020122104000638,GIC,22,49,10,532.00,"5,320.00"
2020-12-21,2020122104000637,GIC,48,49,100,533.00,"53,300.00"
2020-12-21,2020122104000632,GIC,22,41,10,532.00,"5,320.00"
2020-12-21,2020122104000631,GIC,22,38,10,532.00,"5,320.00"
2020-12-21,2020122104000618,GIC,22,52,10,532.00,"5,320.00"
2020-12-21,2020122104000617,GIC,22,42,10,532.00,"5,320.00"
2020-12-21,2020122104000644,GIC,22,49,20,530.00,"10,600.00"
2020-12-21,2020122104000643,GIC,55,49,200,530.00,"106,000.00"
2020-12-21,2020122104000642,GIC,38,49,100,530.00,"53,000.00"
2020-12-21,2020122104000641,GIC,49,49,20,530.00,"10,600.00"
2020-12-21,2020122104000640,GIC,53,49,40,531.00,"21,240.00"
2020-12-21,2020122104000639,GIC,3,49,100,532.00,"53,200.00"
2020-12-21,2020122104000245,GIMES1,49,7,"15,294",10.71,"163,798.74"
2020-12-21,2020122104000221,GIMES1,7,7,"12,000",10.72,"128,640.00"
2020-12-21,2020122104000328,LUK,58,11,"1,000",9.22,"9,220.00"
2020-12-21,2020122104000628,NBF2,10,45,500,9.45,"4,725.00"
2020-12-21,2020122104000599,NBF2,10,34,100,9.45,945.00
2020-12-21,2020122104000575,NEF,17,41,627,9.65,"6,050.55"
2020-12-21,2020122104000574,NEF,52,41,500,9.66,"4,830.00"
2020-12-21,2020122104000466,NEF,53,58,"1,200",9.70,"11,640.00"
2020-12-21,2020122104000465,NEF,53,43,700,9.70,"6,790.00"
2020-12-21,2020122104000453,NEF,53,43,200,9.70,"1,940.00"
2020-12-21,2020122104000394,NIBLPF,10,25,"1,010",9.80,"9,898.00"
2020-12-21,2020122104000393,NIBLPF,10,58,"1,010",9.80,"9,898.00"
2020-12-21,2020122104000275,NIBLPF,10,43,505,9.70,"4,898.50"
2020-12-21,2020122104000621,NIBPO,49,57,119,427.00,"50,813.00"
2020-12-21,2020122104000429,NIBPO,3,17,100,434.00,"43,400.00"
2020-12-21,2020122104000378,NIBPO,19,17,365,434.00,"158,410.00"
2020-12-21,2020122104000348,NIBPO,49,17,50,434.00,"21,700.00"
2020-12-21,2020122104000264,NIBPO,39,45,32,426.00,"13,632.00"
2020-12-21,2020122104000609,NIBSF1,17,6,"5,000",11.00,"55,000.00"
2020-12-21,2020122104000566,NIBSF1,7,4,"5,000",11.01,"55,050.00"
2020-12-21,2020122104000288,NIBSF1,59,58,"2,500",11.00,"27,500.00"
2020-12-21,2020122104000589,NICGF,17,21,"1,000",10.15,"10,150.00"
2020-12-21,2020122104000420,NICGF,49,10,"3,900",10.01,"39,039.00"
2020-12-21,2020122104000419,NICGF,58,10,"1,000",10.01,"10,010.00"
2020-12-21,2020122104000587,NMBHF1,17,33,"2,648",9.89,"26,188.72"
2020-12-21,2020122104000586,NMBHF1,17,57,"1,577",9.86,"15,549.22"
2020-12-21,2020122104000585,NMBHF1,17,49,"4,161",9.85,"40,985.85"
2020-12-21,2020122104000545,NMBHF1,43,14,832,9.70,"8,070.40"
2020-12-21,2020122104000636,RBCLPO,46,21,10,"12,770.00","127,700.00"
2020-12-21,2020122104000635,RBCLPO,56,21,10,"12,800.00","128,000.00"
2020-12-21,2020122104000622,RBCLPO,17,49,30,"12,801.00","384,030.00"
2020-12-21,2020122104000612,RBCLPO,17,57,20,"12,801.00","256,020.00"
2020-12-21,2020122104000593,RBCLPO,14,43,10,"13,000.00","130,000.00"
2020-12-21,2020122104000557,RBCLPO,57,53,10,"13,001.00","130,010.00"
2020-12-21,2020122104000424,RBCLPO,49,49,148,"12,600.00","1,864,800.00"
2020-12-21,2020122104000417,RBCLPO,43,6,10,"12,770.00","127,700.00"
2020-12-21,2020122104000389,RBCLPO,46,45,50,"12,600.00","630,000.00"
2020-12-21,2020122104000388,RBCLPO,46,50,15,"12,600.00","189,000.00"
2020-12-21,2020122104000154,RBCLPO,16,6,10,"12,777.00","127,770.00"
2020-12-21,2020122104000556,RBCLPO,20,53,10,"13,009.00","130,090.00"
2020-12-21,2020122104000524,RBCLPO,20,21,10,"13,030.00","130,300.00"
2020-12-21,2020122104000464,RBCLPO,33,33,60,"13,000.00","780,000.00"
2020-12-21,2020122104000446,RBCLPO,46,47,30,"12,780.00","383,400.00"
2020-12-21,2020122104000435,RBCLPO,46,58,37,"12,770.00","472,490.00"
2020-12-21,2020122104000434,RBCLPO,26,58,10,"12,770.00","127,700.00"
2020-12-21,2020122104000627,SAEF,17,21,"5,000",10.75,"53,750.00"
2020-12-21,2020122104000626,SAEF,17,54,500,10.75,"5,375.00"
2020-12-21,2020122104000625,SAEF,17,54,500,10.74,"5,370.00"
2020-12-21,2020122104000415,SAEF,26,49,"29,500",10.54,"310,930.00"
2020-12-21,2020122104000414,SAEF,49,42,500,10.53,"5,265.00"
2020-12-21,2020122104000390,SAEF,6,49,"10,000",10.54,"105,400.00"
2020-12-21,2020122104000279,SAEF,52,49,500,10.55,"5,275.00"
2020-12-21,2020122104000364,SAEF,47,49,"20,000",10.54,"210,800.00"
2020-12-21,2020122104000315,SAEF,49,50,100,10.53,"1,053.00"
2020-12-21,2020122104000314,SAEF,58,50,900,10.53,"9,477.00"
2020-12-21,2020122104000300,SAEF,6,49,"10,000",10.54,"105,400.00"
2020-12-21,2020122104000281,SAEF,49,49,"25,000",10.54,"263,500.00"
2020-12-21,2020122104000280,SAEF,26,49,"5,000",10.54,"52,700.00"
2020-12-21,2020122104000391,SAND2085,19,42,25,"1,036.00","25,900.00"
2020-12-21,2020122104000595,SEF,17,49,500,10.18,"5,090.00"
2020-12-21,2020122104000594,SEF,17,51,"3,000",10.17,"30,510.00"
2020-12-21,2020122104000413,SEF,49,42,300,9.99,"2,997.00"
2020-12-21,2020122104000319,SEF,14,26,500,10.19,"5,095.00"
2020-12-21,2020122104000318,SEF,14,35,"5,000",10.15,"50,750.00"
2020-12-21,2020122104000317,SEF,14,14,"2,500",10.15,"25,375.00"
2020-12-21,2020122104000316,SEF,14,47,"1,000",10.09,"10,090.00"
2020-12-21,2020122104000294,SEF,42,16,500,10.00,"5,000.00"
2020-12-21,2020122104000293,SEF,42,8,"2,500",10.00,"25,000.00"
2020-12-21,2020122104000215,SEF,49,37,"6,600",9.99,"65,934.00"
2020-12-21,2020122104000213,SEF,58,20,"2,000",9.99,"19,980.00"
2020-12-21,2020122104000647,SGI,19,51,10,554.00,"5,540.00"
2020-12-21,2020122104000634,SGI,19,34,10,554.00,"5,540.00"
2020-12-21,2020122104000633,SGI,41,50,10,554.00,"5,540.00"
2020-12-21,2020122104000630,SGI,41,34,10,554.00,"5,540.00"
2020-12-21,2020122104000629,SGI,42,14,50,555.00,"27,750.00"
2020-12-21,2020122104000624,SGI,28,10,10,555.00,"5,550.00"
2020-12-21,2020122104000165,SGI,39,33,10,536.00,"5,360.00"
2020-12-21,2020122104000164,SGI,45,58,10,535.00,"5,350.00"
2020-12-21,2020122104000159,SGI,45,1,10,535.00,"5,350.00"
2020-12-21,2020122104000158,SGI,45,40,10,535.00,"5,350.00"
2020-12-21,2020122104000156,SGI,45,8,10,535.00,"5,350.00"
2020-12-21,2020122104000176,SGI,54,47,10,535.00,"5,350.00"
2020-12-21,2020122104000175,SGI,42,45,10,535.00,"5,350.00"
2020-12-21,2020122104000173,SGI,10,32,10,536.00,"5,360.00"
2020-12-21,2020122104000172,SGI,42,42,40,535.00,"21,400.00"
2020-12-21,2020122104000171,SGI,45,42,60,535.00,"32,100.00"
2020-12-21,2020122104000170,SGI,39,42,20,536.00,"10,720.00"
2020-12-21,2020122104000190,SGI,58,33,10,536.00,"5,360.00"
2020-12-21,2020122104000187,SGI,58,5,10,536.00,"5,360.00"
2020-12-21,2020122104000185,SGI,58,36,10,536.00,"5,360.00"
2020-12-21,2020122104000183,SGI,58,21,200,536.00,"107,200.00"
2020-12-21,2020122104000182,SGI,58,34,10,536.00,"5,360.00"
2020-12-21,2020122104000180,SGI,54,41,10,535.00,"5,350.00"
2020-12-21,2020122104000196,SGI,34,25,30,540.00,"16,200.00"
2020-12-21,2020122104000195,SGI,34,1,10,539.00,"5,390.00"
2020-12-21,2020122104000194,SGI,58,45,10,536.00,"5,360.00"
2020-12-21,2020122104000193,SGI,58,43,10,536.00,"5,360.00"
2020-12-21,2020122104000192,SGI,58,42,223,536.00,"119,528.00"
2020-12-21,2020122104000191,SGI,58,42,10,536.00,"5,360.00"
2020-12-21,2020122104000210,SGI,25,43,20,540.00,"10,800.00"
2020-12-21,2020122104000209,SGI,8,43,10,538.00,"5,380.00"
2020-12-21,2020122104000206,SGI,8,34,10,538.00,"5,380.00"
2020-12-21,2020122104000205,SGI,8,59,10,538.00,"5,380.00"
2020-12-21,2020122104000199,SGI,8,53,10,536.00,"5,360.00"
2020-12-21,2020122104000197,SGI,34,52,10,540.00,"5,400.00"
2020-12-21,2020122104000226,SGI,16,1,20,538.00,"10,760.00"
2020-12-21,2020122104000225,SGI,8,1,30,538.00,"16,140.00"
2020-12-21,2020122104000220,SGI,8,58,10,538.00,"5,380.00"
2020-12-21,2020122104000216,SGI,8,42,10,538.00,"5,380.00"
2020-12-21,2020122104000214,SGI,8,58,10,538.00,"5,380.00"
2020-12-21,2020122104000211,SGI,14,43,50,540.00,"27,000.00"
2020-12-21,2020122104000239,SGI,34,32,10,539.00,"5,390.00"
2020-12-21,2020122104000237,SGI,55,38,10,538.00,"5,380.00"
2020-12-21,2020122104000233,SGI,55,57,10,538.00,"5,380.00"
2020-12-21,2020122104000231,SGI,17,35,10,539.00,"5,390.00"
2020-12-21,2020122104000230,SGI,21,58,10,538.00,"5,380.00"
2020-12-21,2020122104000229,SGI,21,6,10,538.00,"5,380.00"
2020-12-21,2020122104000247,SGI,34,36,10,539.00,"5,390.00"
2020-12-21,2020122104000246,SGI,34,34,10,539.00,"5,390.00"
2020-12-21,2020122104000244,SGI,34,5,10,539.00,"5,390.00"
2020-12-21,2020122104000243,SGI,34,19,10,539.00,"5,390.00"
2020-12-21,2020122104000242,SGI,34,58,10,539.00,"5,390.00"
2020-12-21,2020122104000240,SGI,34,57,10,539.00,"5,390.00"
2020-12-21,2020122104000255,SGI,22,25,10,540.00,"5,400.00"
2020-12-21,2020122104000254,SGI,22,4,10,540.00,"5,400.00"
2020-12-21,2020122104000253,SGI,22,13,10,540.00,"5,400.00"
2020-12-21,2020122104000252,SGI,22,43,10,540.00,"5,400.00"
2020-12-21,2020122104000251,SGI,34,7,10,539.00,"5,390.00"
2020-12-21,2020122104000248,SGI,25,43,20,540.00,"10,800.00"
2020-12-21,2020122104000267,SGI,25,50,10,540.00,"5,400.00"
2020-12-21,2020122104000262,SGI,16,52,10,539.00,"5,390.00"
2020-12-21,2020122104000261,SGI,16,42,10,539.00,"5,390.00"
2020-12-21,2020122104000259,SGI,34,49,10,539.00,"5,390.00"
2020-12-21,2020122104000257,SGI,34,6,10,539.00,"5,390.00"
2020-12-21,2020122104000256,SGI,22,33,10,540.00,"5,400.00"
2020-12-21,2020122104000296,SGI,56,6,490,540.00,"264,600.00"
2020-12-21,2020122104000287,SGI,56,26,10,540.00,"5,400.00"
2020-12-21,2020122104000277,SGI,25,57,10,540.00,"5,400.00"
2020-12-21,2020122104000273,SGI,25,57,10,540.00,"5,400.00"
2020-12-21,2020122104000269,SGI,25,36,10,540.00,"5,400.00"
2020-12-21,2020122104000268,SGI,25,45,10,540.00,"5,400.00"
2020-12-21,2020122104000303,SGI,22,58,10,540.00,"5,400.00"
2020-12-21,2020122104000302,SGI,22,47,30,540.00,"16,200.00"
2020-12-21,2020122104000301,SGI,16,57,10,539.00,"5,390.00"
2020-12-21,2020122104000299,SGI,35,47,140,540.00,"75,600.00"
2020-12-21,2020122104000298,SGI,35,55,50,540.00,"27,000.00"
2020-12-21,2020122104000297,SGI,35,6,10,540.00,"5,400.00"
2020-12-21,2020122104000313,SGI,16,28,10,539.00,"5,390.00"
2020-12-21,2020122104000312,SGI,45,20,20,540.00,"10,800.00"
2020-12-21,2020122104000311,SGI,34,20,20,540.00,"10,800.00"
2020-12-21,2020122104000310,SGI,34,51,10,540.00,"5,400.00"
2020-12-21,2020122104000309,SGI,16,46,10,539.00,"5,390.00"
2020-12-21,2020122104000304,SGI,16,25,10,539.00,"5,390.00"
2020-12-21,2020122104000330,SGI,5,22,10,540.00,"5,400.00"
2020-12-21,2020122104000327,SGI,16,39,10,539.00,"5,390.00"
2020-12-21,2020122104000326,SGI,46,4,10,540.00,"5,400.00"
2020-12-21,2020122104000325,SGI,46,56,10,540.00,"5,400.00"
2020-12-21,2020122104000324,SGI,46,20,120,540.00,"64,800.00"
2020-12-21,2020122104000320,SGI,16,46,10,539.00,"5,390.00"
2020-12-21,2020122104000343,SGI,34,58,10,542.00,"5,420.00"
2020-12-21,2020122104000341,SGI,45,39,10,541.00,"5,410.00"
2020-12-21,2020122104000340,SGI,45,45,10,541.00,"5,410.00"
2020-12-21,2020122104000337,SGI,5,38,10,540.00,"5,400.00"
2020-12-21,2020122104000335,SGI,5,36,10,540.00,"5,400.00"
2020-12-21,2020122104000333,SGI,5,43,10,540.00,"5,400.00"
2020-12-21,2020122104000358,SGI,45,58,40,545.00,"21,800.00"
2020-12-21,2020122104000356,SGI,45,47,10,541.00,"5,410.00"
2020-12-21,2020122104000347,SGI,34,4,10,545.00,"5,450.00"
2020-12-21,2020122104000346,SGI,34,49,10,544.00,"5,440.00"
2020-12-21,2020122104000345,SGI,34,45,10,544.00,"5,440.00"
2020-12-21,2020122104000344,SGI,34,16,10,543.00,"5,430.00"
2020-12-21,2020122104000376,SGI,5,29,10,540.00,"5,400.00"
2020-12-21,2020122104000366,SGI,5,38,10,540.00,"5,400.00"
2020-12-21,2020122104000363,SGI,5,22,10,540.00,"5,400.00"
2020-12-21,2020122104000361,SGI,8,58,10,545.00,"5,450.00"
2020-12-21,2020122104000360,SGI,5,45,10,540.00,"5,400.00"
2020-12-21,2020122104000359,SGI,5,6,30,540.00,"16,200.00"
2020-12-21,2020122104000406,SGI,34,4,10,545.00,"5,450.00"
2020-12-21,2020122104000405,SGI,34,58,90,545.00,"49,050.00"
2020-12-21,2020122104000399,SGI,49,32,10,541.00,"5,410.00"
2020-12-21,2020122104000396,SGI,22,58,100,545.00,"54,500.00"
2020-12-21,2020122104000395,SGI,39,58,10,545.00,"5,450.00"
2020-12-21,2020122104000377,SGI,13,58,50,545.00,"27,250.00"
2020-12-21,2020122104000412,SGI,34,36,10,545.00,"5,450.00"
2020-12-21,2020122104000411,SGI,34,33,10,545.00,"5,450.00"
2020-12-21,2020122104000410,SGI,34,58,10,545.00,"5,450.00"
2020-12-21,2020122104000409,SGI,34,50,10,545.00,"5,450.00"
2020-12-21,2020122104000408,SGI,34,58,10,545.00,"5,450.00"
2020-12-21,2020122104000407,SGI,34,58,10,545.00,"5,450.00"
2020-12-21,2020122104000448,SGI,41,47,10,554.00,"5,540.00"
2020-12-21,2020122104000436,SGI,57,41,10,549.00,"5,490.00"
2020-12-21,2020122104000432,SGI,57,57,10,549.00,"5,490.00"
2020-12-21,2020122104000428,SGI,57,36,10,549.00,"5,490.00"
2020-12-21,2020122104000427,SGI,57,20,80,549.00,"43,920.00"
2020-12-21,2020122104000426,SGI,57,52,10,549.00,"5,490.00"
2020-12-21,2020122104000468,SGI,55,46,10,559.00,"5,590.00"
2020-12-21,2020122104000467,SGI,55,36,10,559.00,"5,590.00"
2020-12-21,2020122104000462,SGI,40,5,10,555.00,"5,550.00"
2020-12-21,2020122104000455,SGI,43,42,50,555.00,"27,750.00"
2020-12-21,2020122104000451,SGI,41,56,10,554.00,"5,540.00"
2020-12-21,2020122104000449,SGI,41,36,10,554.00,"5,540.00"
2020-12-21,2020122104000474,SGI,20,51,10,565.00,"5,650.00"
2020-12-21,2020122104000473,SGI,55,50,40,564.00,"22,560.00"
2020-12-21,2020122104000472,SGI,55,58,40,563.00,"22,520.00"
2020-12-21,2020122104000471,SGI,55,54,100,563.00,"56,300.00"
2020-12-21,2020122104000470,SGI,55,17,10,560.00,"5,600.00"
2020-12-21,2020122104000469,SGI,55,8,10,560.00,"5,600.00"
2020-12-21,2020122104000480,SGI,20,17,10,566.00,"5,660.00"
2020-12-21,2020122104000479,SGI,20,48,10,566.00,"5,660.00"
2020-12-21,2020122104000478,SGI,20,56,10,566.00,"5,660.00"
2020-12-21,2020122104000477,SGI,20,56,10,566.00,"5,660.00"
2020-12-21,2020122104000476,SGI,20,57,10,566.00,"5,660.00"
2020-12-21,2020122104000475,SGI,20,29,10,566.00,"5,660.00"
2020-12-21,2020122104000486,SGI,20,57,10,566.00,"5,660.00"
2020-12-21,2020122104000485,SGI,20,56,10,566.00,"5,660.00"
2020-12-21,2020122104000484,SGI,20,32,10,566.00,"5,660.00"
2020-12-21,2020122104000483,SGI,20,56,10,566.00,"5,660.00"
2020-12-21,2020122104000482,SGI,20,56,10,566.00,"5,660.00"
2020-12-21,2020122104000481,SGI,20,56,10,566.00,"5,660.00"
2020-12-21,2020122104000492,SGI,20,56,10,566.00,"5,660.00"
2020-12-21,2020122104000491,SGI,20,42,10,566.00,"5,660.00"
2020-12-21,2020122104000490,SGI,20,56,10,566.00,"5,660.00"
2020-12-21,2020122104000489,SGI,20,56,10,566.00,"5,660.00"
2020-12-21,2020122104000488,SGI,20,57,10,566.00,"5,660.00"
2020-12-21,2020122104000487,SGI,20,56,10,566.00,"5,660.00"
2020-12-21,2020122104000499,SGI,46,51,10,566.00,"5,660.00"
2020-12-21,2020122104000498,SGI,46,42,10,566.00,"5,660.00"
2020-12-21,2020122104000497,SGI,46,48,35,566.00,"19,810.00"
2020-12-21,2020122104000496,SGI,55,48,155,566.00,"87,730.00"
2020-12-21,2020122104000494,SGI,34,51,10,563.00,"5,630.00"
2020-12-21,2020122104000493,SGI,20,48,10,566.00,"5,660.00"
2020-12-21,2020122104000505,SGI,46,16,10,566.00,"5,660.00"
2020-12-21,2020122104000504,SGI,46,28,10,566.00,"5,660.00"
2020-12-21,2020122104000503,SGI,46,21,10,566.00,"5,660.00"
2020-12-21,2020122104000502,SGI,46,4,10,566.00,"5,660.00"
2020-12-21,2020122104000501,SGI,46,41,10,566.00,"5,660.00"
2020-12-21,2020122104000500,SGI,46,28,10,566.00,"5,660.00"
2020-12-21,2020122104000517,SGI,38,41,40,570.00,"22,800.00"
2020-12-21,2020122104000516,SGI,38,45,100,570.00,"57,000.00"
2020-12-21,2020122104000515,SGI,38,21,10,570.00,"5,700.00"
2020-12-21,2020122104000514,SGI,38,39,10,570.00,"5,700.00"
2020-12-21,2020122104000507,SGI,46,51,10,566.00,"5,660.00"
2020-12-21,2020122104000506,SGI,46,40,10,566.00,"5,660.00"
2020-12-21,2020122104000525,SGI,38,19,10,577.00,"5,770.00"
2020-12-21,2020122104000522,SGI,33,38,10,575.00,"5,750.00"
2020-12-21,2020122104000521,SGI,10,21,10,575.00,"5,750.00"
2020-12-21,2020122104000520,SGI,34,54,10,570.00,"5,700.00"
2020-12-21,2020122104000519,SGI,38,51,10,570.00,"5,700.00"
2020-12-21,2020122104000518,SGI,38,59,10,570.00,"5,700.00"
2020-12-21,2020122104000532,SGI,38,11,10,580.00,"5,800.00"
2020-12-21,2020122104000531,SGI,11,58,10,576.00,"5,760.00"
2020-12-21,2020122104000530,SGI,38,57,10,577.00,"5,770.00"
2020-12-21,2020122104000529,SGI,38,41,10,577.00,"5,770.00"
2020-12-21,2020122104000528,SGI,33,38,10,575.00,"5,750.00"
2020-12-21,2020122104000526,SGI,38,58,10,577.00,"5,770.00"
2020-12-21,2020122104000538,SGI,11,59,10,576.00,"5,760.00"
2020-12-21,2020122104000537,SGI,47,49,30,580.00,"17,400.00"
2020-12-21,2020122104000536,SGI,11,22,10,576.00,"5,760.00"
2020-12-21,2020122104000535,SGI,11,34,10,576.00,"5,760.00"
2020-12-21,2020122104000534,SGI,13,49,30,580.00,"17,400.00"
2020-12-21,2020122104000533,SGI,11,8,10,576.00,"5,760.00"
2020-12-21,2020122104000577,SGI,11,45,10,576.00,"5,760.00"
2020-12-21,2020122104000567,SGI,57,43,50,577.00,"28,850.00"
2020-12-21,2020122104000549,SGI,11,59,10,576.00,"5,760.00"
2020-12-21,2020122104000543,SGI,11,8,10,576.00,"5,760.00"
2020-12-21,2020122104000541,SGI,11,8,10,576.00,"5,760.00"
2020-12-21,2020122104000540,SGI,11,21,10,576.00,"5,760.00"
2020-12-21,2020122104000590,SGI,58,38,10,570.00,"5,700.00"
2020-12-21,2020122104000588,SGI,58,39,10,570.00,"5,700.00"
2020-12-21,2020122104000582,SGI,58,41,10,570.00,"5,700.00"
2020-12-21,2020122104000580,SGI,19,43,125,576.00,"72,000.00"
2020-12-21,2020122104000579,SGI,19,45,10,576.00,"5,760.00"
2020-12-21,2020122104000578,SGI,19,14,10,576.00,"5,760.00"
2020-12-21,2020122104000603,SGI,50,38,10,560.00,"5,600.00"
2020-12-21,2020122104000602,SGI,6,28,"1,000",565.00,"565,000.00"
2020-12-21,2020122104000601,SGI,41,28,50,566.00,"28,300.00"
2020-12-21,2020122104000600,SGI,26,28,40,567.00,"22,680.00"
2020-12-21,2020122104000592,SGI,55,39,10,568.00,"5,680.00"
2020-12-21,2020122104000591,SGI,26,34,10,567.00,"5,670.00"
2020-12-21,2020122104000623,SGI,28,16,10,555.00,"5,550.00"
2020-12-21,2020122104000620,SGI,28,17,10,555.00,"5,550.00"
2020-12-21,2020122104000619,SGI,10,52,10,557.00,"5,570.00"
2020-12-21,2020122104000616,SGI,28,52,10,555.00,"5,550.00"
2020-12-21,2020122104000615,SGI,28,6,10,555.00,"5,550.00"
2020-12-21,2020122104000604,SGI,4,21,10,557.00,"5,570.00"
2020-12-21,2020122104000571,STC,49,57,100,"4,998.00","499,800.00"
2020-12-21,2020122104000570,STC,49,57,10,"4,998.00","49,980.00"
2020-12-21,2020122104000569,STC,34,57,10,"4,998.00","49,980.00"
2020-12-21,2020122104000559,STC,52,57,10,"5,000.00","50,000.00"
2020-12-21,2020122104000558,STC,17,57,50,"5,000.00","250,000.00"
2020-12-21,2020122104000555,STC,42,57,70,"5,000.00","350,000.00"
2020-12-21,2020122104000189,STC,40,58,10,"4,896.00","48,960.00"
2020-12-21,2020122104000184,STC,25,51,10,"4,896.00","48,960.00"
2020-12-21,2020122104000174,STC,25,48,10,"4,896.00","48,960.00"
2020-12-21,2020122104000236,STC,39,39,10,"4,799.00","47,990.00"
2020-12-21,2020122104000235,STC,40,39,10,"4,799.00","47,990.00"
2020-12-21,2020122104000232,STC,40,16,10,"4,799.00","47,990.00"
2020-12-21,2020122104000223,STC,25,58,30,"4,800.00","144,000.00"
2020-12-21,2020122104000222,STC,5,58,30,"4,801.00","144,030.00"
2020-12-21,2020122104000219,STC,5,28,20,"4,801.00","96,020.00"
2020-12-21,2020122104000332,STC,38,45,10,"4,991.00","49,910.00"
2020-12-21,2020122104000323,STC,28,45,40,"4,991.00","199,640.00"
2020-12-21,2020122104000290,STC,28,51,10,"4,894.00","48,940.00"
2020-12-21,2020122104000284,STC,25,51,10,"4,894.00","48,940.00"
2020-12-21,2020122104000276,STC,44,58,10,"4,800.00","48,000.00"
2020-12-21,2020122104000265,STC,53,11,10,"4,800.00","48,000.00"
2020-12-21,2020122104000461,STC,42,21,30,"5,000.00","150,000.00"
2020-12-21,2020122104000460,STC,8,21,10,"5,000.00","50,000.00"
2020-12-21,2020122104000438,STC,26,21,30,"5,000.00","150,000.00"
2020-12-21,2020122104000430,STC,29,21,20,"5,000.00","100,000.00"
2020-12-21,2020122104000365,STC,38,55,10,"4,950.00","49,500.00"
2020-12-21,2020122104000334,STC,52,55,10,"4,991.00","49,910.00"
2020-12-21,2020122104000554,STC,45,57,20,"5,001.00","100,020.00"
2020-12-21,2020122104000553,STC,28,57,50,"5,005.00","250,250.00"
2020-12-21,2020122104000552,STC,49,57,50,"5,050.00","252,500.00"
2020-12-21,2020122104000551,STC,58,57,10,"5,100.00","51,000.00"
2020-12-21,2020122104000550,STC,38,57,10,"5,100.00","51,000.00"
2020-12-21,2020122104000463,STC,26,41,20,"5,100.00","102,000.00"
2020-12-21,2020122103025028,ALICL,49,50,739,875.00,"646,625.00"
2020-12-21,2020122103024930,ALICL,38,50,161,875.00,"140,875.00"
2020-12-21,2020122103024929,ALICL,38,16,39,875.00,"34,125.00"
2020-12-21,2020122103024729,ALICL,49,16,500,875.00,"437,500.00"
2020-12-21,2020122103024716,ALICL,49,16,461,875.00,"403,375.00"
2020-12-21,2020122103024715,ALICL,49,46,39,874.00,"34,086.00"
2020-12-21,2020122104000053,BBC,14,42,10,"2,499.00","24,990.00"
2020-12-21,2020122104000046,BBC,14,43,10,"2,499.00","24,990.00"
2020-12-21,2020122103024753,BFC,35,22,150,130.00,"19,500.00"
2020-12-21,2020122103024752,BFC,1,22,300,130.00,"39,000.00"
2020-12-21,2020122103024948,CBBL,4,48,100,"1,380.00","138,000.00"
2020-12-21,2020122103024846,CBBL,5,48,50,"1,380.00","69,000.00"
2020-12-21,2020122103024815,CBBL,1,50,50,"1,376.00","68,800.00"
2020-12-21,2020122103024814,CBBL,46,50,10,"1,376.00","13,760.00"
2020-12-21,2020122103025008,CIT,49,38,10,"5,160.00","51,600.00"
2020-12-21,2020122103024954,CIT,49,57,20,"5,180.00","103,600.00"
2020-12-21,2020122103024953,CIT,49,49,10,"5,179.00","51,790.00"
2020-12-21,2020122103024941,CIT,56,48,30,"5,150.00","154,500.00"
2020-12-21,2020122103024821,CIT,35,57,10,"5,180.00","51,800.00"
2020-12-21,2020122103024772,CIT,57,41,379,"5,100.00","1,932,900.00"
2020-12-21,2020122103024765,CIT,45,41,25,"5,110.00","127,750.00"
2020-12-21,2020122103024764,CIT,21,41,10,"5,110.00","51,100.00"
2020-12-21,2020122103024763,CIT,59,41,10,"5,112.00","51,120.00"
2020-12-21,2020122103024762,CIT,18,41,200,"5,118.00","1,023,600.00"
2020-12-21,2020122103024761,CIT,3,41,90,"5,120.00","460,800.00"
2020-12-21,2020122103024723,CIT,36,38,100,"5,145.00","514,500.00"
2020-12-21,2020122103024771,CIT,29,41,80,"5,100.00","408,000.00"
2020-12-21,2020122103024770,CIT,46,41,50,"5,100.00","255,000.00"
2020-12-21,2020122103024769,CIT,50,41,100,"5,109.00","510,900.00"
2020-12-21,2020122103024768,CIT,19,41,50,"5,110.00","255,500.00"
2020-12-21,2020122103024767,CIT,54,41,10,"5,110.00","51,100.00"
2020-12-21,2020122103024766,CIT,16,41,10,"5,110.00","51,100.00"
2020-12-21,2020122103025034,CLBSL,34,32,10,810.00,"8,100.00"
2020-12-21,2020122103024808,CLBSL,38,11,15,796.00,"11,940.00"
2020-12-21,2020122103024906,DDBL,16,57,25,"1,377.00","34,425.00"
2020-12-21,2020122103024839,DDBL,56,47,50,"1,380.00","69,000.00"
2020-12-21,2020122103024759,FMDBL,47,42,100,586.00,"58,600.00"
2020-12-21,2020122103024707,FOWAD,36,57,10,"2,140.00","21,400.00"
2020-12-21,2020122103024828,GBBL,37,50,94,294.00,"27,636.00"
2020-12-21,2020122103024746,GBBL,37,10,100,294.00,"29,400.00"
2020-12-21,2020122103025026,GBLBS,49,7,171,580.00,"99,180.00"
2020-12-21,2020122103025025,GBLBS,52,7,50,580.00,"29,000.00"
2020-12-21,2020122103025024,GBLBS,22,7,20,581.00,"11,620.00"
2020-12-21,2020122103025023,GBLBS,34,7,24,582.00,"13,968.00"
2020-12-21,2020122103025022,GBLBS,11,7,200,582.00,"116,400.00"
2020-12-21,2020122103025019,GBLBS,34,10,200,583.00,"116,600.00"
2020-12-21,2020122103024926,GBLBS,38,10,10,583.00,"5,830.00"
2020-12-21,2020122103024807,GBLBS,38,34,15,583.00,"8,745.00"
2020-12-21,2020122103024701,GBLBS,56,7,35,584.00,"20,440.00"
2020-12-21,2020122103025013,GFCL,6,45,385,212.00,"81,620.00"
2020-12-21,2020122103025012,GFCL,6,57,100,212.00,"21,200.00"
2020-12-21,2020122103025011,GFCL,6,16,"1,000",211.00,"211,000.00"
2020-12-21,2020122103025010,GFCL,6,59,515,210.00,"108,150.00"
2020-12-21,2020122104000152,GIC,52,33,50,514.00,"25,700.00"
2020-12-21,2020122104000151,GIC,58,33,10,514.00,"5,140.00"
2020-12-21,2020122104000150,GIC,52,33,130,518.00,"67,340.00"
2020-12-21,2020122104000148,GIC,52,16,10,518.00,"5,180.00"
2020-12-21,2020122104000147,GIC,52,56,10,518.00,"5,180.00"
2020-12-21,2020122104000144,GIC,52,10,200,518.00,"103,600.00"
2020-12-21,2020122104000001,GIC,20,28,10,540.00,"5,400.00"
2020-12-21,2020122104000007,GIC,22,8,10,541.00,"5,410.00"
2020-12-21,2020122104000006,GIC,22,22,10,541.00,"5,410.00"
2020-12-21,2020122104000005,GIC,22,47,10,541.00,"5,410.00"
2020-12-21,2020122104000004,GIC,22,17,10,541.00,"5,410.00"
2020-12-21,2020122104000003,GIC,22,28,10,541.00,"5,410.00"
2020-12-21,2020122104000002,GIC,20,59,30,544.00,"16,320.00"
2020-12-21,2020122104000013,GIC,42,42,10,521.00,"5,210.00"
2020-12-21,2020122104000012,GIC,42,29,10,521.00,"5,210.00"
2020-12-21,2020122104000011,GIC,13,33,10,521.00,"5,210.00"
2020-12-21,2020122104000010,GIC,13,28,10,521.00,"5,210.00"
2020-12-21,2020122104000009,GIC,13,32,10,531.00,"5,310.00"
2020-12-21,2020122104000008,GIC,13,25,10,531.00,"5,310.00"
2020-12-21,2020122104000020,GIC,36,32,10,521.00,"5,210.00"
2020-12-21,2020122104000019,GIC,36,42,10,521.00,"5,210.00"
2020-12-21,2020122104000018,GIC,36,57,50,521.00,"26,050.00"
2020-12-21,2020122104000016,GIC,42,4,10,521.00,"5,210.00"
2020-12-21,2020122104000015,GIC,42,32,10,521.00,"5,210.00"
2020-12-21,2020122104000014,GIC,42,16,10,521.00,"5,210.00"
2020-12-21,2020122104000029,GIC,21,50,30,518.00,"15,540.00"
2020-12-21,2020122104000027,GIC,21,6,10,518.00,"5,180.00"
2020-12-21,2020122104000026,GIC,21,58,10,518.00,"5,180.00"
2020-12-21,2020122104000023,GIC,36,34,10,521.00,"5,210.00"
2020-12-21,2020122104000022,GIC,36,47,10,521.00,"5,210.00"
2020-12-21,2020122104000021,GIC,36,21,10,521.00,"5,210.00"
2020-12-21,2020122104000041,GIC,58,37,10,515.00,"5,150.00"
2020-12-21,2020122104000039,GIC,48,8,10,518.00,"5,180.00"
2020-12-21,2020122104000038,GIC,48,25,10,518.00,"5,180.00"
2020-12-21,2020122104000037,GIC,48,39,10,518.00,"5,180.00"
2020-12-21,2020122104000036,GIC,48,50,20,518.00,"10,360.00"
2020-12-21,2020122104000032,GIC,58,49,10,515.00,"5,150.00"
2020-12-21,2020122104000051,GIC,8,17,100,511.00,"51,100.00"
2020-12-21,2020122104000050,GIC,29,17,370,511.00,"189,070.00"
2020-12-21,2020122104000048,GIC,29,45,510,511.00,"260,610.00"
2020-12-21,2020122104000047,GIC,29,34,100,511.00,"51,100.00"
2020-12-21,2020122104000045,GIC,29,32,10,511.00,"5,110.00"
2020-12-21,2020122104000044,GIC,29,38,10,511.00,"5,110.00"
2020-12-21,2020122104000062,GIC,44,32,10,511.00,"5,110.00"
2020-12-21,2020122104000060,GIC,44,50,10,511.00,"5,110.00"
2020-12-21,2020122104000059,GIC,44,41,10,511.00,"5,110.00"
2020-12-21,2020122104000058,GIC,44,17,20,511.00,"10,220.00"
2020-12-21,2020122104000055,GIC,6,59,10,510.00,"5,100.00"
2020-12-21,2020122104000052,GIC,17,17,10,511.00,"5,110.00"
2020-12-21,2020122104000074,GIC,44,58,10,511.00,"5,110.00"
2020-12-21,2020122104000072,GIC,44,53,10,511.00,"5,110.00"
2020-12-21,2020122104000070,GIC,44,13,10,511.00,"5,110.00"
2020-12-21,2020122104000069,GIC,21,43,10,512.00,"5,120.00"
2020-12-21,2020122104000068,GIC,21,54,10,512.00,"5,120.00"
2020-12-21,2020122104000064,GIC,44,42,10,511.00,"5,110.00"
2020-12-21,2020122104000083,GIC,52,13,10,512.00,"5,120.00"
2020-12-21,2020122104000082,GIC,52,32,10,512.00,"5,120.00"
2020-12-21,2020122104000081,GIC,52,25,10,512.00,"5,120.00"
2020-12-21,2020122104000080,GIC,52,41,10,512.00,"5,120.00"
2020-12-21,2020122104000079,GIC,52,38,10,511.00,"5,110.00"
2020-12-21,2020122104000077,GIC,44,41,10,511.00,"5,110.00"
2020-12-21,2020122104000104,GIC,22,34,10,513.00,"5,130.00"
2020-12-21,2020122104000095,GIC,22,32,10,513.00,"5,130.00"
2020-12-21,2020122104000091,GIC,52,58,10,512.00,"5,120.00"
2020-12-21,2020122104000089,GIC,52,1,10,512.00,"5,120.00"
2020-12-21,2020122104000086,GIC,52,35,10,512.00,"5,120.00"
2020-12-21,2020122104000084,GIC,52,22,10,512.00,"5,120.00"
2020-12-21,2020122104000122,GIC,58,41,10,514.00,"5,140.00"
2020-12-21,2020122104000121,GIC,58,16,10,514.00,"5,140.00"
2020-12-21,2020122104000116,GIC,22,42,10,513.00,"5,130.00"
2020-12-21,2020122104000114,GIC,22,8,10,513.00,"5,130.00"
2020-12-21,2020122104000111,GIC,22,56,10,513.00,"5,130.00"
2020-12-21,2020122104000107,GIC,22,21,50,513.00,"25,650.00"
2020-12-21,2020122104000133,GIC,58,6,10,514.00,"5,140.00"
2020-12-21,2020122104000132,GIC,58,53,10,514.00,"5,140.00"
2020-12-21,2020122104000131,GIC,58,52,10,514.00,"5,140.00"
2020-12-21,2020122104000130,GIC,58,56,10,514.00,"5,140.00"
2020-12-21,2020122104000124,GIC,58,44,100,514.00,"51,400.00"
2020-12-21,2020122104000123,GIC,58,42,10,514.00,"5,140.00"
2020-12-21,2020122104000143,GIC,52,38,10,515.00,"5,150.00"
2020-12-21,2020122104000142,GIC,52,45,10,515.00,"5,150.00"
2020-12-21,2020122104000141,GIC,52,1,10,515.00,"5,150.00"
2020-12-21,2020122104000140,GIC,52,28,10,515.00,"5,150.00"
2020-12-21,2020122104000138,GIC,58,45,10,514.00,"5,140.00"
2020-12-21,2020122104000137,GIC,58,32,10,514.00,"5,140.00"
2020-12-21,2020122103024921,GILB,49,42,67,"1,740.00","116,580.00"
2020-12-21,2020122103024920,GILB,49,44,200,"1,739.00","347,800.00"
2020-12-21,2020122103024919,GILB,49,3,480,"1,738.00","834,240.00"
2020-12-21,2020122103024918,GILB,49,16,100,"1,737.00","173,700.00"
2020-12-21,2020122103024917,GILB,49,37,500,"1,735.00","867,500.00"
2020-12-21,2020122103024916,GILB,49,17,26,"1,735.00","45,110.00"
2020-12-21,2020122103024858,GILB,54,36,13,"1,730.00","22,490.00"
2020-12-21,2020122103024811,GILB,49,44,793,"1,724.00","1,367,132.00"
2020-12-21,2020122103024810,GILB,49,44,"1,207","1,724.00","2,080,868.00"
2020-12-21,2020122103024708,GILB,49,44,793,"1,724.00","1,367,132.00"
2020-12-21,2020122103024915,GILB,49,52,52,"1,735.00","90,220.00"
2020-12-21,2020122103024914,GILB,49,38,54,"1,735.00","93,690.00"
2020-12-21,2020122103024913,GILB,49,51,11,"1,735.00","19,085.00"
2020-12-21,2020122103024912,GILB,49,14,10,"1,734.00","17,340.00"
2020-12-21,2020122103024859,GILB,54,11,19,"1,730.00","32,870.00"
