Date,Transact. No.,Symbol,Buyer,Seller,Quantity,Rate,Amount
2019-07-17,2019071701005194,ADBL,33,3,120,417.00,"50,040.00"
2019-07-17,2019071701005090,ADBL,5,8,30,418.00,"12,540.00"
2019-07-17,2019071701004973,ADBL,33,22,400,417.00,"166,800.00"
2019-07-17,2019071701004910,ADBL,5,21,13,418.00,"5,434.00"
2019-07-17,2019071701004888,ADBL,33,42,399,417.00,"166,383.00"
2019-07-17,2019071701005029,AHPC,41,37,100,108.00,"10,800.00"
2019-07-17,2019071701005247,AKPL,16,54,10,180.00,"1,800.00"
2019-07-17,2019071701005246,AKPL,16,51,10,180.00,"1,800.00"
2019-07-17,2019071701005267,ALBSL,51,33,10,395.00,"3,950.00"
2019-07-17,2019071701005266,ALBSL,57,33,30,395.00,"11,850.00"
2019-07-17,2019071701005067,ALICL,48,45,18,395.00,"7,110.00"
2019-07-17,2019071701005066,ALICL,48,16,32,394.00,"12,608.00"
2019-07-17,2019071701005065,ALICL,48,44,100,392.00,"39,200.00"
2019-07-17,2019071701004939,ALICL,59,16,468,394.00,"184,392.00"
2019-07-17,2019071701004938,ALICL,59,14,32,392.00,"12,544.00"
2019-07-17,2019071701005209,API,25,26,500,143.00,"71,500.00"
2019-07-17,2019071701005200,BFC,47,1,500,102.00,"51,000.00"
2019-07-17,2019071701005217,BOKL,57,34,66,265.00,"17,490.00"
2019-07-17,2019071701005172,BOKL,57,45,20,265.00,"5,300.00"
2019-07-17,2019071701005171,BOKL,57,38,200,265.00,"53,000.00"
2019-07-17,2019071701005170,BOKL,57,39,200,265.00,"53,000.00"
2019-07-17,2019071701005169,BOKL,57,1,50,265.00,"13,250.00"
2019-07-17,2019071701005168,BOKL,57,42,51,263.00,"13,413.00"
2019-07-17,2019071701005167,BOKL,57,19,13,263.00,"3,419.00"
2019-07-17,2019071701005166,BOKL,57,26,500,263.00,"131,500.00"
2019-07-17,2019071701005165,BOKL,57,59,500,263.00,"131,500.00"
2019-07-17,2019071701005359,BPCL,49,52,50,413.00,"20,650.00"
2019-07-17,2019071701005000,BPCL,4,50,40,411.00,"16,440.00"
2019-07-17,2019071701005235,CBL,43,17,10,160.00,"1,600.00"
2019-07-17,2019071701005140,CBL,33,36,"1,000",159.00,"159,000.00"
2019-07-17,2019071701005139,CBL,33,22,50,159.00,"7,950.00"
2019-07-17,2019071701005138,CBL,33,38,100,159.00,"15,900.00"
2019-07-17,2019071701005137,CBL,33,22,100,159.00,"15,900.00"
2019-07-17,2019071701005136,CBL,33,17,"1,000",159.00,"159,000.00"
2019-07-17,2019071701005129,CBL,44,50,37,159.00,"5,883.00"
2019-07-17,2019071701005135,CBL,33,5,"1,000",159.00,"159,000.00"
2019-07-17,2019071701005134,CBL,33,38,"3,000",159.00,"477,000.00"
2019-07-17,2019071701005133,CBL,33,37,"1,800",159.00,"286,200.00"
2019-07-17,2019071701005132,CBL,33,45,500,159.00,"79,500.00"
2019-07-17,2019071701005131,CBL,33,26,100,159.00,"15,900.00"
2019-07-17,2019071701005130,CBL,33,50,319,159.00,"50,721.00"
2019-07-17,2019071701005332,CCBL,6,7,69,179.00,"12,351.00"
2019-07-17,2019071701005331,CCBL,6,7,177,179.00,"31,683.00"
2019-07-17,2019071701005330,CCBL,6,36,"1,000",179.00,"179,000.00"
2019-07-17,2019071701005329,CCBL,6,52,254,179.00,"45,466.00"
2019-07-17,2019071701005197,CHCL,28,49,"1,000",521.00,"521,000.00"
2019-07-17,2019071701005102,CHCL,51,49,10,521.00,"5,210.00"
2019-07-17,2019071701005101,CHCL,44,49,119,521.00,"61,999.00"
2019-07-17,2019071701005085,CIT,59,39,30,"2,433.00","72,990.00"
2019-07-17,2019071701005125,CLBSL,43,54,29,505.00,"14,645.00"
2019-07-17,2019071701005372,CZBIL,29,45,20,229.00,"4,580.00"
2019-07-17,2019071701005371,CZBIL,29,48,236,229.00,"54,044.00"
2019-07-17,2019071701005188,CZBIL,5,57,500,228.00,"114,000.00"
2019-07-17,2019071701005187,CZBIL,5,26,100,228.00,"22,800.00"
2019-07-17,2019071701005186,CZBIL,5,34,30,228.00,"6,840.00"
2019-07-17,2019071701005153,CZBIL,34,34,20,228.00,"4,560.00"
2019-07-17,2019071701005146,DBBL,42,42,200,148.00,"29,600.00"
2019-07-17,2019071701005094,DDBL,4,38,802,729.00,"584,658.00"
2019-07-17,2019071701005093,DDBL,28,38,46,730.00,"33,580.00"
2019-07-17,2019071701005092,DDBL,39,38,105,730.00,"76,650.00"
2019-07-17,2019071701005013,DDBL,26,38,100,735.00,"73,500.00"
2019-07-17,2019071701005262,EBL,6,47,15,677.00,"10,155.00"
2019-07-17,2019071701005261,EBL,6,43,165,677.00,"111,705.00"
2019-07-17,2019071701005239,EBL,49,8,45,676.00,"30,420.00"
2019-07-17,2019071701005019,EBL,42,8,55,676.00,"37,180.00"
2019-07-17,2019071701005354,FMDBL,36,43,120,389.00,"46,680.00"
2019-07-17,2019071701005353,FMDBL,36,43,97,389.00,"37,733.00"
2019-07-17,2019071701005213,FMDBL,36,13,300,388.00,"116,400.00"
2019-07-17,2019071701005212,FMDBL,39,13,200,388.00,"77,600.00"
2019-07-17,2019071701005305,FOWAD,51,13,19,"1,325.00","25,175.00"
2019-07-17,2019071701005023,FOWAD,29,5,65,"1,325.00","86,125.00"
2019-07-17,2019071701005011,GBLBS,45,34,167,351.00,"58,617.00"
2019-07-17,2019071701005010,GBLBS,42,34,33,352.00,"11,616.00"
2019-07-17,2019071701004952,GBLBS,3,59,95,352.00,"33,440.00"
2019-07-17,2019071701005198,GFCL,17,35,176,135.00,"23,760.00"
2019-07-17,2019071701005037,GLBSL,26,13,10,391.00,"3,910.00"
2019-07-17,2019071701005250,GLICL,4,5,37,463.00,"17,131.00"
2019-07-17,2019071701005249,GLICL,5,5,200,464.00,"92,800.00"
2019-07-17,2019071701005248,GLICL,39,5,50,464.00,"23,200.00"
2019-07-17,2019071701005285,HBL,58,32,18,566.00,"10,188.00"
2019-07-17,2019071701005046,HBL,58,46,30,565.00,"16,950.00"
2019-07-17,2019071701005045,HBL,58,55,115,565.00,"64,975.00"
2019-07-17,2019071701005044,HBL,58,58,30,563.00,"16,890.00"
2019-07-17,2019071701005018,HBL,11,58,70,563.00,"39,410.00"
2019-07-17,2019071701005017,HBL,11,55,130,563.00,"73,190.00"
2019-07-17,2019071701004959,HBL,41,45,29,560.00,"16,240.00"
2019-07-17,2019071701005035,HGI,29,45,250,363.00,"90,750.00"
2019-07-17,2019071701005189,HIDCL,52,47,61,162.00,"9,882.00"
2019-07-17,2019071701005151,HIDCL,14,41,72,161.00,"11,592.00"
2019-07-17,2019071701005150,HIDCL,1,41,178,161.00,"28,658.00"
2019-07-17,2019071701004911,HURJA,29,29,20,140.00,"2,800.00"
2019-07-17,2019071701005061,ILBS,42,13,10,395.00,"3,950.00"
2019-07-17,2019071701004915,ILBS,29,33,200,396.00,"79,200.00"
2019-07-17,2019071701005280,JBBL,34,59,200,170.00,"34,000.00"
2019-07-17,2019071701005205,JBBL,36,35,299,169.00,"50,531.00"
2019-07-17,2019071701005204,JBBL,36,39,99,169.00,"16,731.00"
2019-07-17,2019071701005203,JBBL,36,1,300,169.00,"50,700.00"
2019-07-17,2019071701005202,JBBL,36,46,200,169.00,"33,800.00"
2019-07-17,2019071701005201,JBBL,36,32,480,169.00,"81,120.00"
2019-07-17,2019071701004963,JBBL,36,45,100,166.00,"16,600.00"
2019-07-17,2019071701004962,JBBL,36,5,11,165.00,"1,815.00"
2019-07-17,2019071701004969,JBBL,36,59,300,167.00,"50,100.00"
2019-07-17,2019071701004968,JBBL,36,8,13,167.00,"2,171.00"
2019-07-17,2019071701004967,JBBL,36,10,402,167.00,"67,134.00"
2019-07-17,2019071701004966,JBBL,36,45,100,166.00,"16,600.00"
2019-07-17,2019071701004965,JBBL,36,57,50,166.00,"8,300.00"
2019-07-17,2019071701004964,JBBL,36,52,200,166.00,"33,200.00"
2019-07-17,2019071701005112,JBBL,7,29,50,168.00,"8,400.00"
2019-07-17,2019071701005111,JBBL,7,59,300,168.00,"50,400.00"
2019-07-17,2019071701005084,JBBL,36,21,50,167.00,"8,350.00"
2019-07-17,2019071701004972,JBBL,36,43,560,167.00,"93,520.00"
2019-07-17,2019071701004971,JBBL,36,59,300,167.00,"50,100.00"
2019-07-17,2019071701004970,JBBL,36,46,500,167.00,"83,500.00"
2019-07-17,2019071701005192,JBBL,58,32,20,169.00,"3,380.00"
2019-07-17,2019071701005128,JBBL,36,44,200,167.00,"33,400.00"
2019-07-17,2019071701005116,JBBL,7,42,943,168.00,"158,424.00"
2019-07-17,2019071701005115,JBBL,7,25,100,168.00,"16,800.00"
2019-07-17,2019071701005114,JBBL,7,35,550,168.00,"92,400.00"
2019-07-17,2019071701005113,JBBL,7,26,235,168.00,"39,480.00"
2019-07-17,2019071701005073,JFL,32,1,300,183.00,"54,900.00"
2019-07-17,2019071701005072,JFL,32,59,100,182.00,"18,200.00"
2019-07-17,2019071701005243,KBL,25,32,193,222.00,"42,846.00"
2019-07-17,2019071701005221,KBL,48,32,807,222.00,"179,154.00"
2019-07-17,2019071701005088,KBL,19,59,100,223.00,"22,300.00"
2019-07-17,2019071701005087,KBL,19,43,300,223.00,"66,900.00"
2019-07-17,2019071701005086,KBL,19,42,100,223.00,"22,300.00"
2019-07-17,2019071701004942,KBL,53,42,100,223.00,"22,300.00"
2019-07-17,2019071701005124,KPCL,59,47,10,91.00,910.00
2019-07-17,2019071701005296,KSBBL,33,26,50,164.00,"8,200.00"
2019-07-17,2019071701005295,KSBBL,33,1,50,163.00,"8,150.00"
2019-07-17,2019071701005358,LBBL,39,59,"1,000",207.00,"207,000.00"
2019-07-17,2019071701005357,LBBL,39,4,200,207.00,"41,400.00"
2019-07-17,2019071701005356,LBBL,39,32,300,207.00,"62,100.00"
2019-07-17,2019071701005355,LBBL,58,32,100,207.00,"20,700.00"
2019-07-17,2019071701005324,LBBL,7,34,300,206.00,"61,800.00"
2019-07-17,2019071701005300,LBBL,39,50,200,205.00,"41,000.00"
2019-07-17,2019071701004893,LBBL,7,38,"1,144",204.00,"233,376.00"
2019-07-17,2019071701004892,LBBL,7,58,500,204.00,"102,000.00"
2019-07-17,2019071701004891,LBBL,7,59,"1,000",204.00,"204,000.00"
2019-07-17,2019071701004890,LBBL,7,45,"1,700",204.00,"346,800.00"
2019-07-17,2019071701004976,LBBL,7,39,100,205.00,"20,500.00"
2019-07-17,2019071701004975,LBBL,7,42,"3,486",205.00,"714,630.00"
2019-07-17,2019071701004944,LBBL,57,42,"2,814",205.00,"576,870.00"
2019-07-17,2019071701004943,LBBL,57,25,186,205.00,"38,130.00"
2019-07-17,2019071701004941,LBBL,39,50,400,204.00,"81,600.00"
2019-07-17,2019071701004940,LBBL,52,50,100,204.00,"20,400.00"
2019-07-17,2019071701004981,LBBL,7,45,440,205.00,"90,200.00"
2019-07-17,2019071701004980,LBBL,7,48,100,205.00,"20,500.00"
2019-07-17,2019071701004979,LBBL,7,46,349,205.00,"71,545.00"
2019-07-17,2019071701004978,LBBL,7,42,"2,000",205.00,"410,000.00"
2019-07-17,2019071701004977,LBBL,7,59,"1,000",205.00,"205,000.00"
2019-07-17,2019071701005022,LBBL,44,48,100,206.00,"20,600.00"
2019-07-17,2019071701005021,LBBL,44,17,100,206.00,"20,600.00"
2019-07-17,2019071701005299,LBBL,39,34,500,206.00,"103,000.00"
2019-07-17,2019071701005298,LBBL,39,21,550,206.00,"113,300.00"
2019-07-17,2019071701005269,LBBL,39,1,200,205.00,"41,000.00"
2019-07-17,2019071701005191,LBBL,58,32,100,207.00,"20,700.00"
2019-07-17,2019071701005282,LBL,58,32,10,229.00,"2,290.00"
2019-07-17,2019071701005081,LICN,28,57,100,"1,620.00","162,000.00"
2019-07-17,2019071701005080,LICN,28,50,79,"1,620.00","127,980.00"
2019-07-17,2019071701005079,LICN,28,10,72,"1,617.00","116,424.00"
2019-07-17,2019071701005078,LICN,28,28,100,"1,614.00","161,400.00"
2019-07-17,2019071701005077,LICN,28,14,54,"1,612.00","87,048.00"
2019-07-17,2019071701005076,LICN,28,22,20,"1,612.00","32,240.00"
2019-07-17,2019071701005276,MBL,58,25,900,267.00,"240,300.00"
2019-07-17,2019071701005275,MBL,57,25,100,267.00,"26,700.00"
2019-07-17,2019071701005122,MBL,58,39,"1,000",268.00,"268,000.00"
2019-07-17,2019071701005060,MBL,5,28,240,269.00,"64,560.00"
2019-07-17,2019071701004958,MBL,58,55,500,268.00,"134,000.00"
2019-07-17,2019071701004957,MBL,58,43,200,268.00,"53,600.00"
2019-07-17,2019071701004956,MBL,58,28,100,268.00,"26,800.00"
2019-07-17,2019071701005110,MDB,55,8,10,238.00,"2,380.00"
2019-07-17,2019071701005109,MDB,55,33,100,238.00,"23,800.00"
2019-07-17,2019071701004932,MDB,56,47,950,237.00,"225,150.00"
2019-07-17,2019071701005352,MEGA,19,6,200,215.00,"43,000.00"
2019-07-17,2019071701005333,MEGA,19,56,20,215.00,"4,300.00"
2019-07-17,2019071701005268,MEGA,43,11,10,216.00,"2,160.00"
2019-07-17,2019071701005230,MEGA,19,52,200,215.00,"43,000.00"
2019-07-17,2019071701005097,MEGA,19,17,400,215.00,"86,000.00"
2019-07-17,2019071701004961,MEGA,19,57,300,215.00,"64,500.00"
2019-07-17,2019071701004913,MFIL,6,37,100,128.00,"12,800.00"
2019-07-17,2019071701005196,MHNL,48,22,10,106.00,"1,060.00"
2019-07-17,2019071701005108,MHNL,37,22,60,106.00,"6,360.00"
2019-07-17,2019071701005107,MHNL,59,22,30,106.00,"3,180.00"
2019-07-17,2019071701005222,MLBL,53,17,952,201.00,"191,352.00"
2019-07-17,2019071701005158,MLBL,34,17,107,202.00,"21,614.00"
2019-07-17,2019071701005104,MLBL,58,39,112,205.00,"22,960.00"
2019-07-17,2019071701005103,MLBL,58,38,220,204.00,"44,880.00"
2019-07-17,2019071701005083,MLBL,58,38,50,204.00,"10,200.00"
2019-07-17,2019071701004894,MLBL,58,7,25,200.00,"5,000.00"
2019-07-17,2019071701005055,MLBL,34,51,"2,000",202.00,"404,000.00"
2019-07-17,2019071701005054,MLBL,34,46,593,202.00,"119,786.00"
2019-07-17,2019071701005053,MLBL,34,28,800,202.00,"161,600.00"
2019-07-17,2019071701005052,MLBL,34,32,500,201.00,"100,500.00"
2019-07-17,2019071701005047,MLBL,58,22,200,200.00,"40,000.00"
2019-07-17,2019071701004909,MLBL,58,28,100,202.00,"20,200.00"
2019-07-17,2019071701004903,MNBBL,35,38,300,382.00,"114,600.00"
2019-07-17,2019071701005012,MNBBL,26,25,100,381.00,"38,100.00"
2019-07-17,2019071701005177,MNBBL,25,11,12,382.00,"4,584.00"
2019-07-17,2019071701005176,MNBBL,25,39,100,382.00,"38,200.00"
2019-07-17,2019071701005175,MNBBL,25,11,50,382.00,"19,100.00"
2019-07-17,2019071701005174,MNBBL,25,38,668,382.00,"255,176.00"
2019-07-17,2019071701005183,MNBBL,25,39,50,383.00,"19,150.00"
2019-07-17,2019071701005182,MNBBL,25,39,50,383.00,"19,150.00"
2019-07-17,2019071701005181,MNBBL,25,39,50,383.00,"19,150.00"
2019-07-17,2019071701005180,MNBBL,25,39,100,383.00,"38,300.00"
2019-07-17,2019071701005179,MNBBL,25,39,50,383.00,"19,150.00"
2019-07-17,2019071701005178,MNBBL,25,42,100,382.00,"38,200.00"
2019-07-17,2019071701005195,MNBBL,25,26,10,384.00,"3,840.00"
2019-07-17,2019071701005184,MNBBL,25,39,50,383.00,"19,150.00"
2019-07-17,2019071701005380,NABIL,57,22,200,813.00,"162,600.00"
2019-07-17,2019071701005379,NABIL,57,22,200,813.00,"162,600.00"
2019-07-17,2019071701005378,NABIL,40,22,132,813.00,"107,316.00"
2019-07-17,2019071701005323,NABIL,58,38,25,814.00,"20,350.00"
2019-07-17,2019071701005322,NABIL,58,28,25,814.00,"20,350.00"
2019-07-17,2019071701005317,NABIL,59,28,35,814.00,"28,490.00"
2019-07-17,2019071701005244,NABIL,19,42,268,813.00,"217,884.00"
2019-07-17,2019071701005207,NABIL,6,42,500,813.00,"406,500.00"
2019-07-17,2019071701005173,NABIL,42,42,30,813.00,"24,390.00"
2019-07-17,2019071701005057,NABIL,42,42,20,813.00,"16,260.00"
2019-07-17,2019071701005040,NABIL,36,35,55,812.00,"44,660.00"
2019-07-17,2019071701004937,NABIL,5,11,70,812.00,"56,840.00"
2019-07-17,2019071701005308,NABIL,36,28,20,814.00,"16,280.00"
2019-07-17,2019071701005304,NABIL,5,28,20,814.00,"16,280.00"
2019-07-17,2019071701005265,NABIL,40,28,200,813.00,"162,600.00"
2019-07-17,2019071701005264,NABIL,40,14,268,813.00,"217,884.00"
2019-07-17,2019071701005258,NABIL,59,14,100,813.00,"81,300.00"
2019-07-17,2019071701005245,NABIL,19,14,232,813.00,"188,616.00"
2019-07-17,2019071701005098,NADEP,39,48,10,416.00,"4,160.00"
2019-07-17,2019071701005387,NAGRO,46,34,30,502.00,"15,060.00"
2019-07-17,2019071701005386,NAGRO,46,1,10,501.00,"5,010.00"
2019-07-17,2019071701005385,NAGRO,46,1,10,500.00,"5,000.00"
2019-07-17,2019071701005384,NAGRO,46,8,10,498.00,"4,980.00"
2019-07-17,2019071701005273,NAGRO,21,47,10,494.00,"4,940.00"
2019-07-17,2019071701004982,NAGRO,21,47,10,494.00,"4,940.00"
2019-07-17,2019071701004960,NAGRO,21,21,10,494.00,"4,940.00"
2019-07-17,2019071701004912,NAGRO,46,21,10,492.00,"4,920.00"
2019-07-17,2019071701004889,NAGRO,46,21,10,492.00,"4,920.00"
2019-07-17,2019071701004905,NBB,36,56,379,225.00,"85,275.00"
2019-07-17,2019071701004904,NBB,36,16,819,225.00,"184,275.00"
2019-07-17,2019071701005375,NBL,33,33,50,345.00,"17,250.00"
2019-07-17,2019071701005327,NBL,42,52,400,344.00,"137,600.00"
2019-07-17,2019071701005315,NBL,5,33,220,345.00,"75,900.00"
2019-07-17,2019071701005314,NBL,5,1,30,345.00,"10,350.00"
2019-07-17,2019071701005313,NBL,5,44,750,345.00,"258,750.00"
2019-07-17,2019071701005310,NBL,53,44,250,345.00,"86,250.00"
2019-07-17,2019071701005031,NBL,28,45,240,345.00,"82,800.00"
2019-07-17,2019071701005006,NBL,5,43,100,344.00,"34,400.00"
2019-07-17,2019071701004974,NBL,34,45,50,345.00,"17,250.00"
2019-07-17,2019071701004916,NBL,5,43,150,344.00,"51,600.00"
2019-07-17,2019071701005070,NBL,5,48,"1,000",345.00,"345,000.00"
2019-07-17,2019071701005069,NBL,5,51,40,345.00,"13,800.00"
2019-07-17,2019071701005036,NBL,39,51,200,345.00,"69,000.00"
2019-07-17,2019071701005034,NBL,28,51,60,345.00,"20,700.00"
2019-07-17,2019071701005033,NBL,28,34,500,345.00,"172,500.00"
2019-07-17,2019071701005032,NBL,28,50,200,345.00,"69,000.00"
2019-07-17,2019071701005156,NBL,5,44,500,344.00,"172,000.00"
2019-07-17,2019071701005155,NBL,52,44,200,344.00,"68,800.00"
2019-07-17,2019071701005154,NBL,14,44,50,344.00,"17,200.00"
2019-07-17,2019071701005120,NBL,38,48,225,345.00,"77,625.00"
2019-07-17,2019071701005119,NBL,38,58,775,345.00,"267,375.00"
2019-07-17,2019071701005071,NBL,5,58,225,345.00,"77,625.00"
2019-07-17,2019071701005163,NBL,5,11,50,345.00,"17,250.00"
2019-07-17,2019071701005162,NBL,5,46,25,345.00,"8,625.00"
2019-07-17,2019071701005161,NBL,5,50,100,345.00,"34,500.00"
2019-07-17,2019071701005160,NBL,5,56,50,345.00,"17,250.00"
2019-07-17,2019071701005159,NBL,5,48,275,345.00,"94,875.00"
2019-07-17,2019071701005157,NBL,29,44,250,344.00,"86,000.00"
2019-07-17,2019071701005241,NBL,45,21,150,345.00,"51,750.00"
2019-07-17,2019071701005229,NBL,59,21,50,345.00,"17,250.00"
2019-07-17,2019071701005228,NBL,59,11,250,345.00,"86,250.00"
2019-07-17,2019071701005219,NBL,5,11,750,345.00,"258,750.00"
2019-07-17,2019071701005218,NBL,5,11,450,345.00,"155,250.00"
2019-07-17,2019071701005199,NBL,20,11,500,345.00,"172,500.00"
2019-07-17,2019071701005309,NBL,53,44,650,345.00,"224,250.00"
2019-07-17,2019071701005306,NBL,21,44,500,345.00,"172,500.00"
2019-07-17,2019071701005294,NBL,42,44,350,344.00,"120,400.00"
2019-07-17,2019071701005293,NBL,45,44,500,344.00,"172,000.00"
2019-07-17,2019071701005292,NBL,29,44,150,344.00,"51,600.00"
2019-07-17,2019071701005242,NBL,45,44,850,345.00,"293,250.00"
2019-07-17,2019071701005326,NCCB,58,47,30,250.00,"7,500.00"
2019-07-17,2019071701005325,NCCB,58,47,10,250.00,"2,500.00"
2019-07-17,2019071701005318,NCCB,33,52,500,248.00,"124,000.00"
2019-07-17,2019071701005259,NCCB,33,19,15,248.00,"3,720.00"
2019-07-17,2019071701005185,NCCB,58,48,10,250.00,"2,500.00"
2019-07-17,2019071701005096,NCCB,22,25,500,249.00,"124,500.00"
2019-07-17,2019071701005091,NCCB,58,48,10,250.00,"2,500.00"
2019-07-17,2019071701004924,NCCB,22,57,600,249.00,"149,400.00"
2019-07-17,2019071701004923,NCCB,43,57,250,249.00,"62,250.00"
2019-07-17,2019071701004922,NCCB,43,6,250,249.00,"62,250.00"
2019-07-17,2019071701004906,NCCB,56,57,50,249.00,"12,450.00"
2019-07-17,2019071701005297,NHPC,56,7,10,67.00,670.00
2019-07-17,2019071701005257,NHPC,56,56,"1,000",66.00,"66,000.00"
2019-07-17,2019071701005370,NIB,49,13,31,520.00,"16,120.00"
2019-07-17,2019071701005149,NIB,49,43,200,520.00,"104,000.00"
2019-07-17,2019071701005148,NIB,49,22,100,520.00,"52,000.00"
2019-07-17,2019071701005082,NIB,25,14,200,521.00,"104,200.00"
2019-07-17,2019071701005026,NIB,49,21,44,520.00,"22,880.00"
2019-07-17,2019071701004949,NIB,49,1,122,520.00,"63,440.00"
2019-07-17,2019071701004948,NIB,42,1,30,520.00,"15,600.00"
2019-07-17,2019071701004947,NIB,47,1,100,520.00,"52,000.00"
2019-07-17,2019071701004946,NIB,7,1,100,520.00,"52,000.00"
2019-07-17,2019071701004945,NIB,14,1,48,520.00,"24,960.00"
2019-07-17,2019071701005256,NIBPO,11,4,"1,000",478.00,"478,000.00"
2019-07-17,2019071701005374,NICA,18,47,500,456.00,"228,000.00"
2019-07-17,2019071701005255,NICA,25,48,40,455.00,"18,200.00"
2019-07-17,2019071701005117,NICA,39,47,100,456.00,"45,600.00"
2019-07-17,2019071701005106,NICA,6,44,"1,000",455.00,"455,000.00"
2019-07-17,2019071701005105,NICA,58,44,"2,000",455.00,"910,000.00"
2019-07-17,2019071701005068,NICA,28,47,500,456.00,"228,000.00"
2019-07-17,2019071701005001,NICA,57,57,423,456.00,"192,888.00"
2019-07-17,2019071701004900,NICA,6,44,300,457.00,"137,100.00"
2019-07-17,2019071701004896,NICA,57,54,177,456.00,"80,712.00"
2019-07-17,2019071701004895,NICA,58,54,123,456.00,"56,088.00"
2019-07-17,2019071701005015,NICA,53,47,500,456.00,"228,000.00"
2019-07-17,2019071701005014,NICA,50,47,208,456.00,"94,848.00"
2019-07-17,2019071701005005,NICA,50,57,92,456.00,"41,952.00"
2019-07-17,2019071701005004,NICA,42,57,45,456.00,"20,520.00"
2019-07-17,2019071701005003,NICA,57,57,600,456.00,"273,600.00"
2019-07-17,2019071701005002,NICA,57,57,600,456.00,"273,600.00"
2019-07-17,2019071701005147,NICL,13,45,191,356.00,"67,996.00"
2019-07-17,2019071701005064,NICL,6,58,50,357.00,"17,850.00"
2019-07-17,2019071701004936,NICL,13,25,59,356.00,"21,004.00"
2019-07-17,2019071701004901,NICL,13,25,150,356.00,"53,400.00"
2019-07-17,2019071701004920,NIL,6,36,100,495.00,"49,500.00"
2019-07-17,2019071701004919,NIL,6,38,500,495.00,"247,500.00"
2019-07-17,2019071701005369,NLBBL,46,48,372,490.00,"182,280.00"
2019-07-17,2019071701005368,NLBBL,46,46,50,490.00,"24,500.00"
2019-07-17,2019071701005367,NLBBL,46,56,100,490.00,"49,000.00"
2019-07-17,2019071701005366,NLBBL,46,13,200,490.00,"98,000.00"
2019-07-17,2019071701005365,NLBBL,46,6,200,490.00,"98,000.00"
2019-07-17,2019071701005364,NLBBL,46,5,50,489.00,"24,450.00"
2019-07-17,2019071701005363,NLBBL,46,37,28,488.00,"13,664.00"
2019-07-17,2019071701005319,NLBBL,25,52,10,488.00,"4,880.00"
2019-07-17,2019071701005284,NLG,6,35,100,748.00,"74,800.00"
2019-07-17,2019071701005283,NLG,6,54,100,748.00,"74,800.00"
2019-07-17,2019071701005123,NLG,35,25,24,747.00,"17,928.00"
2019-07-17,2019071701005383,NLIC,51,4,100,900.00,"90,000.00"
2019-07-17,2019071701005382,NLIC,25,4,25,900.00,"22,500.00"
2019-07-17,2019071701005381,NLIC,58,4,100,901.00,"90,100.00"
2019-07-17,2019071701005211,NLIC,41,4,430,902.00,"387,860.00"
2019-07-17,2019071701005210,NLIC,41,8,70,902.00,"63,140.00"
2019-07-17,2019071701005043,NLIC,25,4,475,900.00,"427,500.00"
2019-07-17,2019071701005042,NLIC,51,4,25,900.00,"22,500.00"
2019-07-17,2019071701004929,NLIC,56,4,75,903.00,"67,725.00"
2019-07-17,2019071701004925,NLIC,6,8,30,900.00,"27,000.00"
2019-07-17,2019071701005216,NLICL,43,22,10,594.00,"5,940.00"
2019-07-17,2019071701005215,NLICL,43,22,27,590.00,"15,930.00"
2019-07-17,2019071701005039,NLICL,19,22,10,590.00,"5,900.00"
2019-07-17,2019071701005321,NMBMF,1,25,25,"1,009.00","25,225.00"
2019-07-17,2019071701005320,NMBMF,1,25,50,"1,009.00","50,450.00"
2019-07-17,2019071701005145,NTC,43,17,10,696.00,"6,960.00"
2019-07-17,2019071701005274,NUBL,56,28,100,860.00,"86,000.00"
2019-07-17,2019071701005234,PCBL,8,44,50,284.00,"14,200.00"
2019-07-17,2019071701005100,PFL,39,14,100,142.00,"14,200.00"
2019-07-17,2019071701005099,PFL,19,14,542,142.00,"76,964.00"
2019-07-17,2019071701005233,PIC,51,6,10,496.00,"4,960.00"
2019-07-17,2019071701005232,PIC,45,6,31,496.00,"15,376.00"
2019-07-17,2019071701005089,PIC,44,33,10,497.00,"4,970.00"
2019-07-17,2019071701005048,PIC,39,33,50,497.00,"24,850.00"
2019-07-17,2019071701004995,PIC,45,22,30,496.00,"14,880.00"
2019-07-17,2019071701004931,PIC,45,28,39,496.00,"19,344.00"
2019-07-17,2019071701005193,PMHPL,29,47,10,108.00,"1,080.00"
2019-07-17,2019071701005347,PPCL,6,8,10,139.00,"1,390.00"
2019-07-17,2019071701005346,PPCL,6,25,20,139.00,"2,780.00"
2019-07-17,2019071701005345,PPCL,6,53,10,139.00,"1,390.00"
2019-07-17,2019071701005344,PPCL,6,43,30,138.00,"4,140.00"
2019-07-17,2019071701005343,PPCL,6,34,50,138.00,"6,900.00"
2019-07-17,2019071701005342,PPCL,6,38,10,138.00,"1,380.00"
2019-07-17,2019071701005311,PPCL,6,54,10,137.00,"1,370.00"
2019-07-17,2019071701005059,PROFL,34,59,185,112.00,"20,720.00"
2019-07-17,2019071701005025,PROFL,34,35,300,112.00,"33,600.00"
2019-07-17,2019071701005024,PROFL,34,36,15,112.00,"1,680.00"
2019-07-17,2019071701005272,PRVU,56,52,10,272.00,"2,720.00"
2019-07-17,2019071701005271,PRVU,56,50,500,272.00,"136,000.00"
2019-07-17,2019071701005270,PRVU,56,1,140,272.00,"38,080.00"
2019-07-17,2019071701005253,PRVU,43,1,160,272.00,"43,520.00"
2019-07-17,2019071701005252,PRVU,43,57,100,272.00,"27,200.00"
2019-07-17,2019071701005251,PRVU,43,17,90,272.00,"24,480.00"
2019-07-17,2019071701004935,PRVU,57,17,90,272.00,"24,480.00"
2019-07-17,2019071701004934,PRVU,57,34,10,272.00,"2,720.00"
2019-07-17,2019071701005231,PRVU,10,17,20,272.00,"5,440.00"
2019-07-17,2019071701005220,PRVU,56,25,81,271.00,"21,951.00"
2019-07-17,2019071701005095,PRVU,56,5,314,271.00,"85,094.00"
2019-07-17,2019071701005050,PRVU,59,5,186,271.00,"50,406.00"
2019-07-17,2019071701005049,PRVU,56,5,500,271.00,"135,500.00"
2019-07-17,2019071701005027,PRVU,56,8,500,271.00,"135,500.00"
2019-07-17,2019071701005240,RBCLPO,45,33,10,"8,600.00","86,000.00"
2019-07-17,2019071701005056,RBCLPO,33,33,10,"8,600.00","86,000.00"
2019-07-17,2019071701005152,RMDC,26,25,20,673.00,"13,460.00"
2019-07-17,2019071701005302,SADBL,19,17,95,160.00,"15,200.00"
2019-07-17,2019071701005301,SADBL,19,51,11,160.00,"1,760.00"
2019-07-17,2019071701005224,SADBL,49,51,200,160.00,"32,000.00"
2019-07-17,2019071701005223,SADBL,49,59,100,160.00,"16,000.00"
2019-07-17,2019071701005376,SANIMA,19,54,275,356.00,"97,900.00"
2019-07-17,2019071701005075,SANIMA,39,54,100,356.00,"35,600.00"
2019-07-17,2019071701004921,SANIMA,19,47,112,355.00,"39,760.00"
2019-07-17,2019071701004899,SANIMA,28,49,626,356.00,"222,856.00"
2019-07-17,2019071701004898,SANIMA,28,28,304,356.00,"108,224.00"
2019-07-17,2019071701004897,SANIMA,28,44,70,356.00,"24,920.00"
2019-07-17,2019071701005127,SBI,40,43,490,473.00,"231,770.00"
2019-07-17,2019071701005126,SBI,17,43,210,474.00,"99,540.00"
2019-07-17,2019071701005350,SCB,34,35,40,688.00,"27,520.00"
2019-07-17,2019071701005349,SCB,34,36,26,688.00,"17,888.00"
2019-07-17,2019071701005348,SCB,34,56,100,685.00,"68,500.00"
2019-07-17,2019071701005287,SCB,42,25,40,684.00,"27,360.00"
2019-07-17,2019071701005142,SCB,42,48,406,684.00,"277,704.00"
2019-07-17,2019071701005141,SCB,56,48,220,684.00,"150,480.00"
2019-07-17,2019071701005062,SCB,39,48,10,686.00,"6,860.00"
2019-07-17,2019071701005051,SCB,39,48,20,686.00,"13,720.00"
2019-07-17,2019071701005016,SCB,56,45,60,684.00,"41,040.00"
2019-07-17,2019071701005362,SDESI,59,14,10,616.00,"6,160.00"
2019-07-17,2019071701005361,SDESI,59,47,23,596.00,"13,708.00"
2019-07-17,2019071701005360,SDESI,59,26,100,595.00,"59,500.00"
2019-07-17,2019071701005351,SHINE,39,38,50,249.00,"12,450.00"
2019-07-17,2019071701005303,SHINE,3,13,11,249.00,"2,739.00"
2019-07-17,2019071701005214,SHINE,3,38,64,249.00,"15,936.00"
2019-07-17,2019071701005328,SHIVM,19,29,100,627.00,"62,700.00"
2019-07-17,2019071701004983,SHIVM,7,42,100,626.00,"62,600.00"
2019-07-17,2019071701004955,SHIVM,26,35,22,623.00,"13,706.00"
2019-07-17,2019071701004954,SHIVM,42,35,78,625.00,"48,750.00"
2019-07-17,2019071701004951,SHIVM,19,33,100,628.00,"62,800.00"
2019-07-17,2019071701004950,SHIVM,19,40,200,628.00,"125,600.00"
2019-07-17,2019071701004930,SHIVM,7,38,500,627.00,"313,500.00"
2019-07-17,2019071701004926,SHIVM,42,22,100,625.00,"62,500.00"
2019-07-17,2019071701004918,SHIVM,7,38,500,627.00,"313,500.00"
2019-07-17,2019071701004917,SHIVM,7,36,200,627.00,"125,400.00"
2019-07-17,2019071701005227,SHL,57,58,300,236.00,"70,800.00"
2019-07-17,2019071701005226,SHL,57,53,200,236.00,"47,200.00"
2019-07-17,2019071701005118,SHL,34,53,200,236.00,"47,200.00"
2019-07-17,2019071701005281,SHPC,34,13,"1,000",253.00,"253,000.00"
2019-07-17,2019071701005286,SICL,49,41,85,780.00,"66,300.00"
2019-07-17,2019071701004907,SIFC,22,17,200,158.00,"31,600.00"
2019-07-17,2019071701005164,SINDU,36,22,200,140.00,"28,000.00"
2019-07-17,2019071701005254,SKBBL,59,22,20,980.00,"19,600.00"
2019-07-17,2019071701005208,SKBBL,16,22,50,981.00,"49,050.00"
2019-07-17,2019071701004999,SKBBL,59,14,200,980.00,"196,000.00"
2019-07-17,2019071701004998,SKBBL,59,14,10,980.00,"9,800.00"
2019-07-17,2019071701004997,SKBBL,59,7,37,980.00,"36,260.00"
2019-07-17,2019071701004996,SKBBL,59,14,87,979.00,"85,173.00"
2019-07-17,2019071701005028,SLBBL,32,11,60,465.00,"27,900.00"
2019-07-17,2019071701005190,SLBSL,55,47,10,542.00,"5,420.00"
2019-07-17,2019071701005260,SLICL,59,5,10,464.00,"4,640.00"
2019-07-17,2019071701005144,SLICL,42,5,35,457.00,"15,995.00"
2019-07-17,2019071701005143,SLICL,26,5,26,458.00,"11,908.00"
2019-07-17,2019071701005009,SMATA,28,22,10,"1,152.00","11,520.00"
2019-07-17,2019071701005008,SMATA,28,1,10,"1,151.00","11,510.00"
2019-07-17,2019071701005007,SMATA,28,1,20,"1,150.00","23,000.00"
2019-07-17,2019071701004914,SMFBS,22,34,20,475.00,"9,500.00"
2019-07-17,2019071701004933,SPARS,36,36,10,430.00,"4,300.00"
2019-07-17,2019071701005377,SPDL,7,22,100,92.00,"9,200.00"
2019-07-17,2019071701005373,TRH,44,53,680,319.00,"216,920.00"
2019-07-17,2019071701005279,TRH,44,53,40,319.00,"12,760.00"
2019-07-17,2019071701005278,TRH,44,52,450,319.00,"143,550.00"
2019-07-17,2019071701005277,TRH,44,50,10,319.00,"3,190.00"
2019-07-17,2019071701005030,UFL,7,40,58,182.00,"10,556.00"
2019-07-17,2019071701004953,UMHL,7,41,23,111.00,"2,553.00"
2019-07-17,2019071701005206,UPCL,58,22,50,91.00,"4,550.00"
2019-07-17,2019071701005341,UPPER,18,35,120,286.00,"34,320.00"
2019-07-17,2019071701005340,UPPER,18,45,"1,000",286.00,"286,000.00"
2019-07-17,2019071701005339,UPPER,18,56,500,286.00,"143,000.00"
2019-07-17,2019071701005338,UPPER,18,16,50,286.00,"14,300.00"
2019-07-17,2019071701005337,UPPER,18,16,500,286.00,"143,000.00"
2019-07-17,2019071701005336,UPPER,18,33,500,286.00,"143,000.00"
2019-07-17,2019071701004908,UPPER,56,26,34,284.00,"9,656.00"
2019-07-17,2019071701004987,UPPER,18,40,"1,070",285.00,"304,950.00"
2019-07-17,2019071701004986,UPPER,18,45,263,285.00,"74,955.00"
2019-07-17,2019071701004985,UPPER,18,14,100,285.00,"28,500.00"
2019-07-17,2019071701004984,UPPER,18,44,40,285.00,"11,400.00"
2019-07-17,2019071701004928,UPPER,56,53,100,284.00,"28,400.00"
2019-07-17,2019071701004927,UPPER,56,25,14,284.00,"3,976.00"
2019-07-17,2019071701004993,UPPER,18,51,50,285.00,"14,250.00"
2019-07-17,2019071701004992,UPPER,18,25,50,285.00,"14,250.00"
2019-07-17,2019071701004991,UPPER,18,7,50,285.00,"14,250.00"
2019-07-17,2019071701004990,UPPER,18,7,50,285.00,"14,250.00"
2019-07-17,2019071701004989,UPPER,18,45,10,285.00,"2,850.00"
2019-07-17,2019071701004988,UPPER,18,34,200,285.00,"57,000.00"
2019-07-17,2019071701005058,UPPER,55,41,40,285.00,"11,400.00"
2019-07-17,2019071701005041,UPPER,55,44,50,285.00,"14,250.00"
2019-07-17,2019071701005038,UPPER,55,19,100,285.00,"28,500.00"
2019-07-17,2019071701005020,UPPER,55,44,101,285.00,"28,785.00"
2019-07-17,2019071701004994,UPPER,18,14,500,285.00,"142,500.00"
2019-07-17,2019071701005236,UPPER,18,29,500,285.00,"142,500.00"
2019-07-17,2019071701005225,UPPER,26,56,32,284.00,"9,088.00"
2019-07-17,2019071701005121,UPPER,56,6,81,285.00,"23,085.00"
2019-07-17,2019071701005074,UPPER,55,6,119,285.00,"33,915.00"
2019-07-17,2019071701005063,UPPER,55,8,50,285.00,"14,250.00"
2019-07-17,2019071701005290,UPPER,37,38,193,286.00,"55,198.00"
2019-07-17,2019071701005289,UPPER,37,42,40,286.00,"11,440.00"
2019-07-17,2019071701005288,UPPER,37,42,200,286.00,"57,200.00"
2019-07-17,2019071701005263,UPPER,26,36,40,284.00,"11,360.00"
2019-07-17,2019071701005238,UPPER,18,45,500,285.00,"142,500.00"
2019-07-17,2019071701005237,UPPER,18,48,200,285.00,"57,000.00"
2019-07-17,2019071701005335,UPPER,18,57,50,286.00,"14,300.00"
2019-07-17,2019071701005334,UPPER,18,29,180,286.00,"51,480.00"
2019-07-17,2019071701005316,UPPER,43,45,10,285.00,"2,850.00"
2019-07-17,2019071701005312,UPPER,43,40,50,285.00,"14,250.00"
2019-07-17,2019071701005307,UPPER,56,29,10,286.00,"2,860.00"
2019-07-17,2019071701005291,UPPER,37,29,10,286.00,"2,860.00"
2019-07-17,2019071701004887,ADBL,33,29,438,417.00,"182,646.00"
2019-07-17,2019071701004886,ADBL,33,40,300,417.00,"125,100.00"
2019-07-17,2019071701004885,ADBL,33,57,100,417.00,"41,700.00"
2019-07-17,2019071701004884,ADBL,33,14,829,417.00,"345,693.00"
2019-07-17,2019071701004787,ADBL,5,22,100,416.00,"41,600.00"
2019-07-17,2019071701004786,ADBL,5,46,100,416.00,"41,600.00"
2019-07-17,2019071701004748,ADBL,35,46,100,416.00,"41,600.00"
2019-07-17,2019071701004642,ADBL,5,14,171,417.00,"71,307.00"
2019-07-17,2019071701004398,ADBL,5,26,183,416.00,"76,128.00"
2019-07-17,2019071701004405,AHPC,45,37,200,108.00,"21,600.00"
2019-07-17,2019071701004446,ALBSL,13,21,10,394.00,"3,940.00"
2019-07-17,2019071701004419,ALBSL,1,19,10,400.00,"4,000.00"
2019-07-17,2019071701004418,ALBSL,1,59,10,399.00,"3,990.00"
2019-07-17,2019071701004514,BARUN,17,34,499,94.00,"46,906.00"
2019-07-17,2019071701004662,BOKL,58,59,500,263.00,"131,500.00"
2019-07-17,2019071701004661,BOKL,58,34,"1,000",263.00,"263,000.00"
2019-07-17,2019071701004641,BOKL,18,34,"1,000",262.00,"262,000.00"
2019-07-17,2019071701004640,BOKL,18,22,30,262.00,"7,860.00"
2019-07-17,2019071701004639,BOKL,18,36,32,262.00,"8,384.00"
2019-07-17,2019071701004445,BOKL,49,36,68,262.00,"17,816.00"
2019-07-17,2019071701004444,BOKL,49,39,932,262.00,"244,184.00"
2019-07-17,2019071701004688,BPCL,4,26,33,411.00,"13,563.00"
2019-07-17,2019071701004528,BPCL,4,13,11,411.00,"4,521.00"
2019-07-17,2019071701004866,CBBL,58,44,280,965.00,"270,200.00"
2019-07-17,2019071701004538,CBBL,58,26,200,965.00,"193,000.00"
2019-07-17,2019071701004537,CBBL,58,17,20,965.00,"19,300.00"
2019-07-17,2019071701004521,CBBL,53,17,400,965.00,"386,000.00"
2019-07-17,2019071701004520,CBBL,53,47,100,965.00,"96,500.00"
2019-07-17,2019071701004509,CBBL,53,47,100,965.00,"96,500.00"
2019-07-17,2019071701004883,CBL,6,50,645,159.00,"102,555.00"
2019-07-17,2019071701004882,CBL,6,42,100,159.00,"15,900.00"
2019-07-17,2019071701004881,CBL,6,32,100,159.00,"15,900.00"
2019-07-17,2019071701004880,CBL,6,48,155,159.00,"24,645.00"
2019-07-17,2019071701004856,CBL,56,48,45,159.00,"7,155.00"
2019-07-17,2019071701004855,CBL,56,54,200,159.00,"31,800.00"
2019-07-17,2019071701004737,CBL,51,52,500,158.00,"79,000.00"
2019-07-17,2019071701004643,CBL,32,37,97,159.00,"15,423.00"
2019-07-17,2019071701004621,CBL,43,37,320,159.00,"50,880.00"
2019-07-17,2019071701004547,CBL,52,37,95,159.00,"15,105.00"
2019-07-17,2019071701004771,CBL,26,14,18,159.00,"2,862.00"
2019-07-17,2019071701004770,CBL,26,56,32,159.00,"5,088.00"
2019-07-17,2019071701004757,CBL,57,56,68,159.00,"10,812.00"
2019-07-17,2019071701004756,CBL,57,59,500,159.00,"79,500.00"
2019-07-17,2019071701004755,CBL,57,51,200,159.00,"31,800.00"
2019-07-17,2019071701004754,CBL,57,37,188,159.00,"29,892.00"
2019-07-17,2019071701004854,CBL,56,36,294,159.00,"46,746.00"
2019-07-17,2019071701004853,CBL,56,13,461,159.00,"73,299.00"
2019-07-17,2019071701004809,CBL,56,13,59,159.00,"9,381.00"
2019-07-17,2019071701004808,CBL,56,19,10,159.00,"1,590.00"
2019-07-17,2019071701004807,CBL,56,19,500,159.00,"79,500.00"
2019-07-17,2019071701004806,CBL,56,14,431,159.00,"68,529.00"
2019-07-17,2019071701004879,CCBL,39,52,246,179.00,"44,034.00"
2019-07-17,2019071701004878,CCBL,39,41,500,179.00,"89,500.00"
2019-07-17,2019071701004877,CCBL,39,45,254,179.00,"45,466.00"
2019-07-17,2019071701004768,CCBL,34,52,288,178.00,"51,264.00"
2019-07-17,2019071701004767,CCBL,57,52,100,178.00,"17,800.00"
2019-07-17,2019071701004766,CCBL,45,52,112,178.00,"19,936.00"
2019-07-17,2019071701004447,CCBL,45,54,20,178.00,"3,560.00"
2019-07-17,2019071701004564,CFCL,3,28,100,121.00,"12,100.00"
2019-07-17,2019071701004573,CHCL,44,13,60,521.00,"31,260.00"
2019-07-17,2019071701004572,CHCL,34,42,51,520.00,"26,520.00"
2019-07-17,2019071701004571,CHCL,34,38,78,520.00,"40,560.00"
2019-07-17,2019071701004450,CHCL,36,49,100,519.00,"51,900.00"
2019-07-17,2019071701004698,CIT,40,25,75,"2,440.00","183,000.00"
2019-07-17,2019071701004568,CIT,43,13,30,"2,437.00","73,110.00"
2019-07-17,2019071701004567,CIT,43,5,15,"2,435.00","36,525.00"
2019-07-17,2019071701004487,CIT,50,5,15,"2,435.00","36,525.00"
2019-07-17,2019071701004433,CIT,22,5,30,"2,435.00","73,050.00"
2019-07-17,2019071701004652,CLBSL,45,54,10,504.00,"5,040.00"
2019-07-17,2019071701004577,CZBIL,52,56,150,227.00,"34,050.00"
2019-07-17,2019071701004551,CZBIL,10,56,350,227.00,"79,450.00"
2019-07-17,2019071701004456,CZBIL,10,14,200,227.00,"45,400.00"
2019-07-17,2019071701004875,DBBL,39,42,63,148.00,"9,324.00"
2019-07-17,2019071701004874,DBBL,39,4,110,148.00,"16,280.00"
2019-07-17,2019071701004873,DBBL,39,4,127,148.00,"18,796.00"
2019-07-17,2019071701004872,DBBL,39,1,200,148.00,"29,600.00"
2019-07-17,2019071701004776,DBBL,46,16,100,148.00,"14,800.00"
2019-07-17,2019071701004733,DBBL,32,43,18,147.00,"2,646.00"
2019-07-17,2019071701004732,DBBL,35,43,482,147.00,"70,854.00"
2019-07-17,2019071701004513,DBBL,35,42,18,147.00,"2,646.00"
2019-07-17,2019071701004764,DDBL,26,43,100,735.00,"73,500.00"
2019-07-17,2019071701004763,DDBL,26,16,200,735.00,"147,000.00"
2019-07-17,2019071701004762,DDBL,26,11,100,735.00,"73,500.00"
2019-07-17,2019071701004505,DHPL,58,22,10,71.00,710.00
2019-07-17,2019071701004461,EBL,28,8,100,674.00,"67,400.00"
2019-07-17,2019071701004869,EDBL,56,39,682,286.00,"195,052.00"
2019-07-17,2019071701004780,EDBL,4,39,50,286.00,"14,300.00"
2019-07-17,2019071701004680,EIC,51,17,20,369.00,"7,380.00"
2019-07-17,2019071701004800,FMDBL,1,14,100,385.00,"38,500.00"
2019-07-17,2019071701004711,FOWAD,41,5,10,"1,325.00","13,250.00"
2019-07-17,2019071701004682,FOWAD,16,13,19,"1,324.00","25,156.00"
2019-07-17,2019071701004655,FOWAD,38,38,280,"1,316.00","368,480.00"
2019-07-17,2019071701004659,GBBL,58,34,50,229.00,"11,450.00"
2019-07-17,2019071701004592,GBBL,41,34,20,229.00,"4,580.00"
2019-07-17,2019071701004591,GBBL,41,58,30,228.00,"6,840.00"
2019-07-17,2019071701004695,GBLBS,45,26,10,351.00,"3,510.00"
2019-07-17,2019071701004686,GBLBS,19,59,200,352.00,"70,400.00"
2019-07-17,2019071701004669,GBLBS,25,37,20,350.00,"7,000.00"
2019-07-17,2019071701004570,GDBL,14,33,200,217.00,"43,400.00"
2019-07-17,2019071701004511,GDBL,14,28,315,217.00,"68,355.00"
2019-07-17,2019071701004510,GDBL,43,28,13,217.00,"2,821.00"
2019-07-17,2019071701004421,GHL,45,54,30,84.00,"2,520.00"
2019-07-17,2019071701004774,GLBSL,35,19,10,389.00,"3,890.00"
2019-07-17,2019071701004716,GLBSL,35,47,10,389.00,"3,890.00"
2019-07-17,2019071701004485,GLBSL,35,39,10,389.00,"3,890.00"
2019-07-17,2019071701004811,GMFBS,38,34,30,454.00,"13,620.00"
2019-07-17,2019071701004765,GMFBS,21,34,10,456.00,"4,560.00"
2019-07-17,2019071701004721,GMFBS,38,5,10,454.00,"4,540.00"
2019-07-17,2019071701004719,GMFBS,29,29,10,456.00,"4,560.00"
2019-07-17,2019071701004718,GRDBL,32,52,20,116.00,"2,320.00"
2019-07-17,2019071701004717,GRDBL,1,52,100,116.00,"11,600.00"
2019-07-17,2019071701004660,HBL,48,55,70,563.00,"39,410.00"
2019-07-17,2019071701004576,HBL,7,55,10,563.00,"5,630.00"
2019-07-17,2019071701004722,HGI,36,45,200,363.00,"72,600.00"
2019-07-17,2019071701004560,HGI,6,55,200,360.00,"72,000.00"
2019-07-17,2019071701004466,HGI,38,45,110,357.00,"39,270.00"
2019-07-17,2019071701004465,HGI,38,37,20,357.00,"7,140.00"
2019-07-17,2019071701004464,HGI,38,58,62,357.00,"22,134.00"
2019-07-17,2019071701004758,HIDCL,29,29,1,158.00,158.00
2019-07-17,2019071701004599,HIDCL,1,42,61,161.00,"9,821.00"
2019-07-17,2019071701004702,HURJA,29,26,20,140.00,"2,800.00"
2019-07-17,2019071701004598,HURJA,29,45,20,140.00,"2,800.00"
2019-07-17,2019071701004851,ILBS,42,35,10,395.00,"3,950.00"
2019-07-17,2019071701004483,ILBS,1,42,10,396.00,"3,960.00"
2019-07-17,2019071701004448,ILBS,47,47,10,396.00,"3,960.00"
2019-07-17,2019071701004413,ILBS,50,25,10,396.00,"3,960.00"
2019-07-17,2019071701004870,KBL,58,42,100,223.00,"22,300.00"
2019-07-17,2019071701004836,KBL,48,55,100,222.00,"22,200.00"
2019-07-17,2019071701004835,KBL,48,44,500,222.00,"111,000.00"
2019-07-17,2019071701004834,KBL,48,39,90,222.00,"19,980.00"
2019-07-17,2019071701004833,KBL,48,40,300,222.00,"66,600.00"
2019-07-17,2019071701004832,KBL,48,57,203,222.00,"45,066.00"
2019-07-17,2019071701004436,KBL,32,25,35,221.00,"7,735.00"
2019-07-17,2019071701004435,KBL,43,25,65,221.00,"14,365.00"
2019-07-17,2019071701004829,KBL,43,57,500,222.00,"111,000.00"
2019-07-17,2019071701004812,KBL,43,57,500,222.00,"111,000.00"
2019-07-17,2019071701004630,KBL,40,36,535,221.00,"118,235.00"
2019-07-17,2019071701004629,KBL,32,36,465,221.00,"102,765.00"
2019-07-17,2019071701004616,KBL,39,57,"3,797",222.00,"842,934.00"
2019-07-17,2019071701004615,KBL,39,37,503,222.00,"111,666.00"
2019-07-17,2019071701004562,KPCL,59,39,10,91.00,910.00
2019-07-17,2019071701004622,KPCL,59,42,10,91.00,910.00
2019-07-17,2019071701004752,LBBL,52,45,"1,000",204.00,"204,000.00"
2019-07-17,2019071701004677,LBBL,39,53,80,203.00,"16,240.00"
2019-07-17,2019071701004676,LBBL,39,53,420,203.00,"85,260.00"
2019-07-17,2019071701004656,LBBL,39,28,500,203.00,"101,500.00"
2019-07-17,2019071701004549,LBBL,39,45,800,204.00,"163,200.00"
2019-07-17,2019071701004548,LBBL,39,50,200,204.00,"40,800.00"
2019-07-17,2019071701004396,LBBL,39,38,50,203.00,"10,150.00"
2019-07-17,2019071701004650,LBBL,39,6,30,203.00,"6,090.00"
2019-07-17,2019071701004619,LBBL,39,45,500,204.00,"102,000.00"
2019-07-17,2019071701004604,LBBL,39,45,500,204.00,"102,000.00"
2019-07-17,2019071701004597,LBBL,39,45,500,204.00,"102,000.00"
2019-07-17,2019071701004792,LBL,26,19,30,228.00,"6,840.00"
2019-07-17,2019071701004791,LBL,26,35,295,228.00,"67,260.00"
2019-07-17,2019071701004790,LBL,26,36,50,228.00,"11,400.00"
2019-07-17,2019071701004609,LBL,41,41,40,227.00,"9,080.00"
2019-07-17,2019071701004724,LICN,22,35,10,"1,605.00","16,050.00"
2019-07-17,2019071701004649,LICN,22,37,156,"1,605.00","250,380.00"
2019-07-17,2019071701004648,LICN,54,37,65,"1,606.00","104,390.00"
2019-07-17,2019071701004692,LLBS,38,38,670,661.00,"442,870.00"
2019-07-17,2019071701004566,LLBS,5,38,200,661.00,"132,200.00"
2019-07-17,2019071701004565,LLBS,42,38,10,665.00,"6,650.00"
2019-07-17,2019071701004516,MBL,14,28,100,268.00,"26,800.00"
2019-07-17,2019071701004482,MBL,43,21,87,267.00,"23,229.00"
2019-07-17,2019071701004473,MBL,39,21,100,267.00,"26,700.00"
2019-07-17,2019071701004460,MBL,43,21,313,267.00,"83,571.00"
2019-07-17,2019071701004459,MBL,43,29,187,267.00,"49,929.00"
2019-07-17,2019071701004434,MBL,40,29,130,267.00,"34,710.00"
2019-07-17,2019071701004504,MDB,34,38,200,234.00,"46,800.00"
2019-07-17,2019071701004810,MEGA,19,14,100,215.00,"21,500.00"
2019-07-17,2019071701004703,MEGA,19,38,150,215.00,"32,250.00"
2019-07-17,2019071701004653,MEGA,19,42,507,215.00,"109,005.00"
2019-07-17,2019071701004608,MEGA,19,16,100,215.00,"21,500.00"
2019-07-17,2019071701004607,MEGA,19,11,375,215.00,"80,625.00"
2019-07-17,2019071701004606,MEGA,19,37,124,215.00,"26,660.00"
2019-07-17,2019071701004402,MEGA,8,35,500,215.00,"107,500.00"
2019-07-17,2019071701004401,MEGA,8,57,109,215.00,"23,435.00"
2019-07-17,2019071701004533,MEGA,33,56,101,215.00,"21,715.00"
2019-07-17,2019071701004532,MEGA,33,51,214,215.00,"46,010.00"
2019-07-17,2019071701004531,MEGA,33,29,209,215.00,"44,935.00"
2019-07-17,2019071701004503,MEGA,59,29,200,215.00,"43,000.00"
2019-07-17,2019071701004404,MEGA,8,29,"1,291",215.00,"277,565.00"
2019-07-17,2019071701004403,MEGA,8,51,100,215.00,"21,500.00"
2019-07-17,2019071701004596,MEGA,1,37,176,215.00,"37,840.00"
2019-07-17,2019071701004595,MEGA,1,45,100,215.00,"21,500.00"
2019-07-17,2019071701004594,MEGA,1,17,224,215.00,"48,160.00"
2019-07-17,2019071701004580,MEGA,53,17,76,215.00,"16,340.00"
2019-07-17,2019071701004579,MEGA,53,21,524,215.00,"112,660.00"
2019-07-17,2019071701004534,MEGA,33,21,476,215.00,"102,340.00"
2019-07-17,2019071701004627,MERO,22,48,10,558.00,"5,580.00"
2019-07-17,2019071701004543,MERO,37,58,17,550.00,"9,350.00"
2019-07-17,2019071701004507,MERO,58,16,100,540.00,"54,000.00"
2019-07-17,2019071701004506,MERO,58,43,91,540.00,"49,140.00"
2019-07-17,2019071701004476,MERO,41,13,135,535.00,"72,225.00"
2019-07-17,2019071701004784,MLBBL,48,6,13,397.00,"5,161.00"
2019-07-17,2019071701004805,MLBL,58,28,100,202.00,"20,200.00"
2019-07-17,2019071701004735,MNBBL,39,44,300,381.00,"114,300.00"
2019-07-17,2019071701004687,MNBBL,32,38,20,382.00,"7,640.00"
2019-07-17,2019071701004552,MNBBL,37,10,11,381.00,"4,191.00"
2019-07-17,2019071701004593,MNBBL,57,10,789,381.00,"300,609.00"
2019-07-17,2019071701004561,MNBBL,28,10,200,381.00,"76,200.00"
2019-07-17,2019071701004726,MPFL,45,57,350,120.00,"42,000.00"
2019-07-17,2019071701004865,MSLB,7,5,10,952.00,"9,520.00"
2019-07-17,2019071701004804,NABIL,5,11,30,812.00,"24,360.00"
2019-07-17,2019071701004783,NABIL,41,42,182,813.00,"147,966.00"
2019-07-17,2019071701004782,NABIL,41,3,65,813.00,"52,845.00"
2019-07-17,2019071701004750,NABIL,41,28,12,812.00,"9,744.00"
2019-07-17,2019071701004749,NABIL,41,7,236,812.00,"191,632.00"
2019-07-17,2019071701004715,NABIL,41,14,55,811.00,"44,605.00"
2019-07-17,2019071701004683,NABIL,5,14,20,811.00,"16,220.00"
2019-07-17,2019071701004479,NABIL,7,14,10,812.00,"8,120.00"
2019-07-17,2019071701004414,NABIL,47,47,251,810.00,"203,310.00"
2019-07-17,2019071701004736,NADEP,36,36,20,413.00,"8,260.00"
2019-07-17,2019071701004867,NAGRO,46,21,10,492.00,"4,920.00"
2019-07-17,2019071701004850,NAGRO,46,21,10,492.00,"4,920.00"
2019-07-17,2019071701004795,NAGRO,8,6,10,495.00,"4,950.00"
2019-07-17,2019071701004785,NAGRO,46,21,10,492.00,"4,920.00"
2019-07-17,2019071701004725,NAGRO,52,47,10,492.00,"4,920.00"
2019-07-17,2019071701004773,NBB,13,16,15,224.00,"3,360.00"
2019-07-17,2019071701004772,NBB,13,38,50,224.00,"11,200.00"
2019-07-17,2019071701004458,NBB,25,38,200,224.00,"44,800.00"
2019-07-17,2019071701004455,NBB,57,16,431,225.00,"96,975.00"
2019-07-17,2019071701004454,NBB,57,25,100,225.00,"22,500.00"
2019-07-17,2019071701004453,NBB,57,58,379,225.00,"85,275.00"
2019-07-17,2019071701004452,NBB,57,22,90,225.00,"20,250.00"
2019-07-17,2019071701004837,NBL,5,14,100,344.00,"34,400.00"
2019-07-17,2019071701004815,NBL,5,45,800,345.00,"276,000.00"
2019-07-17,2019071701004729,NBL,54,45,150,345.00,"51,750.00"
2019-07-17,2019071701004658,NBL,39,45,"1,500",345.00,"517,500.00"
2019-07-17,2019071701004626,NBL,5,16,100,344.00,"34,400.00"
2019-07-17,2019071701004623,NBL,5,52,205,344.00,"70,520.00"
2019-07-17,2019071701004449,NBL,34,38,130,344.00,"44,720.00"
2019-07-17,2019071701004614,NBL,5,48,80,344.00,"27,520.00"
2019-07-17,2019071701004613,NBL,34,48,420,344.00,"144,480.00"
2019-07-17,2019071701004590,NBL,5,45,260,345.00,"89,700.00"
2019-07-17,2019071701004589,NBL,5,14,150,345.00,"51,750.00"
2019-07-17,2019071701004588,NBL,5,47,90,345.00,"31,050.00"
2019-07-17,2019071701004508,NBL,42,47,10,345.00,"3,450.00"
2019-07-17,2019071701004876,NCCB,32,57,100,249.00,"24,900.00"
2019-07-17,2019071701004618,NCCB,43,54,300,249.00,"74,700.00"
2019-07-17,2019071701004546,NCCB,13,14,200,249.00,"49,800.00"
2019-07-17,2019071701004672,NGPL,46,42,11,116.00,"1,276.00"
2019-07-17,2019071701004679,NHPC,45,7,"1,000",66.00,"66,000.00"
2019-07-17,2019071701004671,NHPC,10,56,"1,000",65.00,"65,000.00"
2019-07-17,2019071701004670,NHPC,13,56,500,65.00,"32,500.00"
2019-07-17,2019071701004799,NIB,29,29,3,510.00,"1,530.00"
2019-07-17,2019071701004600,NIB,14,22,52,520.00,"27,040.00"
2019-07-17,2019071701004575,NIB,40,22,100,520.00,"52,000.00"
2019-07-17,2019071701004563,NIB,37,22,16,520.00,"8,320.00"
2019-07-17,2019071701004518,NIB,25,22,20,520.00,"10,400.00"
2019-07-17,2019071701004472,NIB,1,22,435,520.00,"226,200.00"
2019-07-17,2019071701004471,NIB,1,14,65,520.00,"33,800.00"
2019-07-17,2019071701004393,NIB,1,14,20,520.00,"10,400.00"
2019-07-17,2019071701004868,NICA,59,44,20,457.00,"9,140.00"
2019-07-17,2019071701004720,NICA,58,1,98,456.00,"44,688.00"
2019-07-17,2019071701004541,NICA,46,44,500,457.00,"228,500.00"
2019-07-17,2019071701004540,NICA,45,44,200,457.00,"91,400.00"
2019-07-17,2019071701004535,NICA,45,8,300,457.00,"137,100.00"
2019-07-17,2019071701004519,NICA,45,35,500,457.00,"228,500.00"
2019-07-17,2019071701004432,NICA,59,48,"1,000",457.00,"457,000.00"
2019-07-17,2019071701004431,NICA,59,50,135,457.00,"61,695.00"
2019-07-17,2019071701004430,NICA,59,35,180,457.00,"82,260.00"
2019-07-17,2019071701004864,NICL,13,45,100,356.00,"35,600.00"
2019-07-17,2019071701004478,NICL,35,57,113,355.00,"40,115.00"
2019-07-17,2019071701004477,NICL,37,57,10,356.00,"3,560.00"
2019-07-17,2019071701004420,NICL,37,11,100,356.00,"35,600.00"
2019-07-17,2019071701004651,NIL,6,6,400,495.00,"198,000.00"
2019-07-17,2019071701004530,NIL,6,33,300,495.00,"148,500.00"
2019-07-17,2019071701004781,NLIC,6,4,500,900.00,"450,000.00"
2019-07-17,2019071701004761,NLIC,6,11,100,900.00,"90,000.00"
2019-07-17,2019071701004760,NLIC,33,4,300,902.00,"270,600.00"
2019-07-17,2019071701004759,NLIC,33,52,25,902.00,"22,550.00"
2019-07-17,2019071701004753,NLIC,6,4,"1,000",900.00,"900,000.00"
2019-07-17,2019071701004697,NLIC,6,4,"1,119",900.00,"1,007,100.00"
2019-07-17,2019071701004523,NLIC,38,4,10,903.00,"9,030.00"
2019-07-17,2019071701004399,NLIC,1,4,20,903.00,"18,060.00"
2019-07-17,2019071701004554,NLIC,44,4,"1,969",900.00,"1,772,100.00"
2019-07-17,2019071701004553,NLIC,25,4,31,901.00,"27,931.00"
2019-07-17,2019071701004544,NLIC,45,4,50,903.00,"45,150.00"
2019-07-17,2019071701004526,NLIC,44,4,"2,680",900.00,"2,412,000.00"
2019-07-17,2019071701004525,NLIC,39,4,300,900.00,"270,000.00"
2019-07-17,2019071701004524,NLIC,57,4,20,900.00,"18,000.00"
2019-07-17,2019071701004696,NLIC,58,4,100,900.00,"90,000.00"
2019-07-17,2019071701004693,NLIC,51,42,17,900.00,"15,300.00"
2019-07-17,2019071701004667,NLIC,57,4,200,900.00,"180,000.00"
2019-07-17,2019071701004666,NLIC,57,4,200,900.00,"180,000.00"
2019-07-17,2019071701004665,NLIC,44,4,351,900.00,"315,900.00"
2019-07-17,2019071701004664,NLIC,36,4,30,901.00,"27,030.00"
2019-07-17,2019071701004699,NLICL,43,25,74,591.00,"43,734.00"
2019-07-17,2019071701004673,NLICL,35,16,17,590.00,"10,030.00"
2019-07-17,2019071701004557,NLICL,6,16,10,591.00,"5,910.00"
2019-07-17,2019071701004852,NMBMF,1,50,90,"1,005.00","90,450.00"
2019-07-17,2019071701004788,NSEWA,36,36,10,386.00,"3,860.00"
2019-07-17,2019071701004701,NTC,7,42,200,695.00,"139,000.00"
2019-07-17,2019071701004657,NTC,35,33,165,695.00,"114,675.00"
2019-07-17,2019071701004578,NTC,6,33,35,695.00,"24,325.00"
2019-07-17,2019071701004395,OHL,45,59,180,626.00,"112,680.00"
2019-07-17,2019071701004723,PCBL,5,44,100,284.00,"28,400.00"
2019-07-17,2019071701004410,PCBL,25,57,235,287.00,"67,445.00"
2019-07-17,2019071701004409,PCBL,25,32,100,287.00,"28,700.00"
2019-07-17,2019071701004408,PCBL,25,41,50,286.00,"14,300.00"
2019-07-17,2019071701004407,PCBL,25,26,50,286.00,"14,300.00"
2019-07-17,2019071701004406,PCBL,25,16,65,285.00,"18,525.00"
2019-07-17,2019071701004502,PFL,19,46,20,142.00,"2,840.00"
2019-07-17,2019071701004501,PFL,19,35,26,142.00,"3,692.00"
2019-07-17,2019071701004500,PFL,19,22,12,142.00,"1,704.00"
2019-07-17,2019071701004499,PFL,19,57,100,142.00,"14,200.00"
2019-07-17,2019071701004498,PFL,19,59,300,142.00,"42,600.00"
2019-07-17,2019071701004624,PIC,50,36,11,495.00,"5,445.00"
2019-07-17,2019071701004605,PIC,36,28,11,496.00,"5,456.00"
2019-07-17,2019071701004527,PIC,47,28,50,496.00,"24,800.00"
2019-07-17,2019071701004397,PIC,38,28,100,496.00,"49,600.00"
2019-07-17,2019071701004700,PMHPL,29,42,10,108.00,"1,080.00"
2019-07-17,2019071701004681,PMHPL,37,39,10,108.00,"1,080.00"
2019-07-17,2019071701004515,PMHPL,37,39,10,108.00,"1,080.00"
2019-07-17,2019071701004417,PMHPL,37,36,10,108.00,"1,080.00"
2019-07-17,2019071701004392,PMHPL,37,36,10,108.00,"1,080.00"
2019-07-17,2019071701004712,PPCL,6,26,30,135.00,"4,050.00"
2019-07-17,2019071701004581,PPCL,6,14,10,135.00,"1,350.00"
2019-07-17,2019071701004569,PPCL,6,14,10,135.00,"1,350.00"
2019-07-17,2019071701004555,PPCL,6,14,10,136.00,"1,360.00"
2019-07-17,2019071701004545,PPCL,6,14,10,136.00,"1,360.00"
2019-07-17,2019071701004536,PPCL,6,14,10,136.00,"1,360.00"
2019-07-17,2019071701004775,PRVU,19,34,10,272.00,"2,720.00"
2019-07-17,2019071701004632,PRVU,28,34,980,272.00,"266,560.00"
2019-07-17,2019071701004631,PRVU,28,52,20,272.00,"5,440.00"
2019-07-17,2019071701004481,PRVU,59,17,414,271.00,"112,194.00"
2019-07-17,2019071701004480,PRVU,59,8,400,271.00,"108,400.00"
2019-07-17,2019071701004462,PRVU,22,14,200,270.00,"54,000.00"
2019-07-17,2019071701004789,RADHI,46,26,11,145.00,"1,595.00"
2019-07-17,2019071701004559,RADHI,36,43,11,148.00,"1,628.00"
2019-07-17,2019071701004558,RADHI,36,45,11,148.00,"1,628.00"
2019-07-17,2019071701004517,RADHI,36,36,11,146.00,"1,606.00"
2019-07-17,2019071701004486,RADHI,36,36,11,146.00,"1,606.00"
2019-07-17,2019071701004857,RBCLPO,17,33,10,"8,600.00","86,000.00"
2019-07-17,2019071701004451,RLFL,54,25,100,121.00,"12,100.00"
2019-07-17,2019071701004849,RRHP,11,45,10,110.00,"1,100.00"
2019-07-17,2019071701004848,RRHP,11,22,10,110.00,"1,100.00"
2019-07-17,2019071701004847,RRHP,11,58,10,110.00,"1,100.00"
2019-07-17,2019071701004846,RRHP,11,57,10,110.00,"1,100.00"
2019-07-17,2019071701004845,RRHP,11,42,10,110.00,"1,100.00"
2019-07-17,2019071701004844,RRHP,11,17,10,110.00,"1,100.00"
2019-07-17,2019071701004689,RRHP,44,39,10,108.00,"1,080.00"
2019-07-17,2019071701004684,RRHP,36,36,10,109.00,"1,090.00"
2019-07-17,2019071701004678,RRHP,36,36,10,109.00,"1,090.00"
2019-07-17,2019071701004654,RRHP,39,39,10,109.00,"1,090.00"
2019-07-17,2019071701004550,RRHP,44,45,10,110.00,"1,100.00"
2019-07-17,2019071701004843,RRHP,11,42,10,110.00,"1,100.00"
2019-07-17,2019071701004842,RRHP,11,13,10,110.00,"1,100.00"
2019-07-17,2019071701004841,RRHP,11,6,10,110.00,"1,100.00"
2019-07-17,2019071701004840,RRHP,11,45,10,110.00,"1,100.00"
2019-07-17,2019071701004839,RRHP,11,34,10,110.00,"1,100.00"
2019-07-17,2019071701004838,RRHP,11,45,10,110.00,"1,100.00"
2019-07-17,2019071701004416,RSDC,53,28,140,345.00,"48,300.00"
2019-07-17,2019071701004415,RSDC,53,17,63,344.00,"21,672.00"
2019-07-17,2019071701004539,SADBL,35,14,200,159.00,"31,800.00"
2019-07-17,2019071701004863,SANIMA,28,32,260,355.00,"92,300.00"
2019-07-17,2019071701004862,SANIMA,28,8,500,355.00,"177,500.00"
2019-07-17,2019071701004802,SANIMA,58,8,250,354.00,"88,500.00"
2019-07-17,2019071701004801,SANIMA,28,8,250,354.00,"88,500.00"
2019-07-17,2019071701004734,SANIMA,28,32,100,354.00,"35,400.00"
2019-07-17,2019071701004668,SANIMA,28,17,150,354.00,"53,100.00"
2019-07-17,2019071701004556,SANIMA,13,17,20,354.00,"7,080.00"
2019-07-17,2019071701004861,SBI,17,19,90,474.00,"42,660.00"
2019-07-17,2019071701004860,SBI,42,19,10,474.00,"4,740.00"
2019-07-17,2019071701004388,SBI,53,45,20,475.00,"9,500.00"
2019-07-17,2019071701004814,SBL,45,39,500,325.00,"162,500.00"
2019-07-17,2019071701004488,SBL,5,56,500,326.00,"163,000.00"
2019-07-17,2019071701004443,SBL,50,45,252,325.00,"81,900.00"
2019-07-17,2019071701004400,SBL,45,25,118,324.00,"38,232.00"
2019-07-17,2019071701004779,SCB,56,42,20,684.00,"13,680.00"
2019-07-17,2019071701004603,SCB,43,48,40,686.00,"27,440.00"
2019-07-17,2019071701004522,SCB,50,14,100,685.00,"68,500.00"
2019-07-17,2019071701004391,SCB,44,48,150,686.00,"102,900.00"
2019-07-17,2019071701004390,SCB,44,54,20,685.00,"13,700.00"
2019-07-17,2019071701004389,SCB,44,1,30,685.00,"20,550.00"
2019-07-17,2019071701004620,SDESI,59,34,55,606.00,"33,330.00"
2019-07-17,2019071701004612,SDESI,59,25,15,600.00,"9,000.00"
2019-07-17,2019071701004611,SDESI,59,57,10,600.00,"6,000.00"
2019-07-17,2019071701004470,SDESI,33,14,17,589.00,"10,013.00"
2019-07-17,2019071701004469,SDESI,33,34,50,589.00,"29,450.00"
2019-07-17,2019071701004468,SDESI,33,26,90,588.00,"52,920.00"
2019-07-17,2019071701004467,SDESI,33,41,60,587.00,"35,220.00"
2019-07-17,2019071701004742,SHINE,21,38,300,249.00,"74,700.00"
2019-07-17,2019071701004741,SHINE,26,38,50,249.00,"12,450.00"
2019-07-17,2019071701004740,SHINE,26,38,"1,000",249.00,"249,000.00"
2019-07-17,2019071701004739,SHINE,4,38,200,249.00,"49,800.00"
2019-07-17,2019071701004738,SHINE,21,38,50,249.00,"12,450.00"
2019-07-17,2019071701004587,SHINE,29,38,100,250.00,"25,000.00"
2019-07-17,2019071701004586,SHINE,52,38,100,250.00,"25,000.00"
2019-07-17,2019071701004585,SHINE,57,38,100,250.00,"25,000.00"
2019-07-17,2019071701004584,SHINE,45,38,10,250.00,"2,500.00"
2019-07-17,2019071701004583,SHINE,42,38,50,251.00,"12,550.00"
2019-07-17,2019071701004871,SHIVM,42,40,50,625.00,"31,250.00"
2019-07-17,2019071701004859,SHIVM,25,46,50,626.00,"31,300.00"
2019-07-17,2019071701004858,SHIVM,25,35,100,626.00,"62,600.00"
2019-07-17,2019071701004828,SHIVM,42,57,10,625.00,"6,250.00"
2019-07-17,2019071701004827,SHIVM,42,50,100,625.00,"62,500.00"
2019-07-17,2019071701004826,SHIVM,42,46,100,625.00,"62,500.00"
2019-07-17,2019071701004634,SHIVM,17,14,200,619.00,"123,800.00"
2019-07-17,2019071701004633,SHIVM,17,7,500,619.00,"309,500.00"
2019-07-17,2019071701004617,SHIVM,42,14,100,619.00,"61,900.00"
2019-07-17,2019071701004492,SHIVM,32,5,140,618.00,"86,520.00"
2019-07-17,2019071701004484,SHIVM,42,29,250,620.00,"155,000.00"
2019-07-17,2019071701004463,SHIVM,57,7,500,619.00,"309,500.00"
2019-07-17,2019071701004691,SHIVM,17,38,"1,000",620.00,"620,000.00"
2019-07-17,2019071701004690,SHIVM,17,57,50,620.00,"31,000.00"
2019-07-17,2019071701004638,SHIVM,17,57,950,620.00,"589,000.00"
2019-07-17,2019071701004637,SHIVM,17,52,200,620.00,"124,000.00"
2019-07-17,2019071701004636,SHIVM,17,19,50,620.00,"31,000.00"
2019-07-17,2019071701004635,SHIVM,17,29,300,620.00,"186,000.00"
2019-07-17,2019071701004745,SHIVM,48,42,200,622.00,"124,400.00"
2019-07-17,2019071701004744,SHIVM,48,19,100,622.00,"62,200.00"
2019-07-17,2019071701004743,SHIVM,48,38,"1,000",621.00,"621,000.00"
2019-07-17,2019071701004731,SHIVM,58,40,200,620.00,"124,000.00"
2019-07-17,2019071701004819,SHIVM,42,33,120,623.00,"74,760.00"
2019-07-17,2019071701004818,SHIVM,42,45,600,622.00,"373,200.00"
2019-07-17,2019071701004817,SHIVM,42,28,422,622.00,"262,484.00"
2019-07-17,2019071701004816,SHIVM,42,52,100,621.00,"62,100.00"
2019-07-17,2019071701004747,SHIVM,48,28,200,622.00,"124,400.00"
2019-07-17,2019071701004746,SHIVM,48,47,500,622.00,"311,000.00"
2019-07-17,2019071701004825,SHIVM,42,56,120,625.00,"75,000.00"
2019-07-17,2019071701004824,SHIVM,42,48,200,624.00,"124,800.00"
2019-07-17,2019071701004823,SHIVM,42,7,300,624.00,"187,200.00"
2019-07-17,2019071701004822,SHIVM,42,38,"1,000",623.00,"623,000.00"
2019-07-17,2019071701004821,SHIVM,42,47,500,623.00,"311,500.00"
2019-07-17,2019071701004820,SHIVM,42,28,200,623.00,"124,600.00"
2019-07-17,2019071701004798,SHL,50,17,110,235.00,"25,850.00"
2019-07-17,2019071701004512,SHL,53,53,100,236.00,"23,600.00"
2019-07-17,2019071701004610,SHPC,50,57,10,250.00,"2,500.00"
2019-07-17,2019071701004602,SHPC,50,43,39,250.00,"9,750.00"
2019-07-17,2019071701004601,SHPC,49,43,"2,961",251.00,"743,211.00"
2019-07-17,2019071701004475,SHPC,39,28,300,252.00,"75,600.00"
2019-07-17,2019071701004474,SHPC,6,28,50,253.00,"12,650.00"
2019-07-17,2019071701004628,SIC,34,7,10,612.00,"6,120.00"
2019-07-17,2019071701004675,SKBBL,59,28,90,970.00,"87,300.00"
2019-07-17,2019071701004674,SKBBL,41,28,50,971.00,"48,550.00"
2019-07-17,2019071701004777,SLICL,34,5,112,458.00,"51,296.00"
2019-07-17,2019071701004728,SLICL,29,5,500,458.00,"229,000.00"
2019-07-17,2019071701004727,SLICL,33,5,388,458.00,"177,704.00"
2019-07-17,2019071701004710,SLICL,33,5,112,458.00,"51,296.00"
2019-07-17,2019071701004709,SLICL,34,5,100,458.00,"45,800.00"
2019-07-17,2019071701004708,SLICL,5,5,100,459.00,"45,900.00"
2019-07-17,2019071701004707,SLICL,5,5,100,459.00,"45,900.00"
2019-07-17,2019071701004706,SLICL,1,5,58,459.00,"26,622.00"
2019-07-17,2019071701004705,SLICL,22,5,500,460.00,"230,000.00"
2019-07-17,2019071701004704,SLICL,26,5,30,460.00,"13,800.00"
2019-07-17,2019071701004794,SMFBS,39,34,20,477.00,"9,540.00"
2019-07-17,2019071701004769,SMFBS,22,21,10,475.00,"4,750.00"
2019-07-17,2019071701004751,SMFBS,22,21,10,475.00,"4,750.00"
2019-07-17,2019071701004730,SMFBS,22,21,10,475.00,"4,750.00"
2019-07-17,2019071701004529,SMFBS,22,39,10,475.00,"4,750.00"
2019-07-17,2019071701004442,SMFBS,22,43,10,475.00,"4,750.00"
2019-07-17,2019071701004441,SMFBS,22,47,10,475.00,"4,750.00"
2019-07-17,2019071701004440,SMFBS,22,39,10,475.00,"4,750.00"
2019-07-17,2019071701004439,SMFBS,22,16,10,475.00,"4,750.00"
2019-07-17,2019071701004438,SMFBS,22,16,10,475.00,"4,750.00"
2019-07-17,2019071701004437,SMFBS,22,14,10,475.00,"4,750.00"
2019-07-17,2019071701004496,SMFDB,36,44,427,545.00,"232,715.00"
2019-07-17,2019071701004495,SMFDB,36,58,73,544.00,"39,712.00"
2019-07-17,2019071701004494,SMFDB,36,48,80,543.00,"43,440.00"
2019-07-17,2019071701004493,SMFDB,36,58,20,540.00,"10,800.00"
2019-07-17,2019071701004831,SRBL,18,17,"1,000",255.00,"255,000.00"
2019-07-17,2019071701004830,SRBL,18,41,458,255.00,"116,790.00"
2019-07-17,2019071701004685,SRBL,21,41,10,255.00,"2,550.00"
2019-07-17,2019071701004647,SRBL,25,41,32,255.00,"8,160.00"
2019-07-17,2019071701004646,SRBL,25,45,20,255.00,"5,100.00"
2019-07-17,2019071701004645,SRBL,25,19,58,255.00,"14,790.00"
2019-07-17,2019071701004644,SRBL,25,22,290,255.00,"73,950.00"
2019-07-17,2019071701004412,TRH,33,14,50,317.00,"15,850.00"
2019-07-17,2019071701004411,TRH,33,46,490,317.00,"155,330.00"
2019-07-17,2019071701004457,UMHL,7,41,40,111.00,"4,440.00"
2019-07-17,2019071701004813,UPPER,52,26,16,284.00,"4,544.00"
2019-07-17,2019071701004803,UPPER,52,3,54,284.00,"15,336.00"
2019-07-17,2019071701004797,UPPER,52,42,30,284.00,"8,520.00"
2019-07-17,2019071701004796,UPPER,1,42,10,284.00,"2,840.00"
2019-07-17,2019071701004793,UPPER,1,42,150,284.00,"42,600.00"
2019-07-17,2019071701004778,UPPER,1,16,50,284.00,"14,200.00"
2019-07-17,2019071701004423,UPPER,56,13,40,285.00,"11,400.00"
2019-07-17,2019071701004422,UPPER,56,25,100,285.00,"28,500.00"
2019-07-17,2019071701004394,UPPER,29,25,40,284.00,"11,360.00"
2019-07-17,2019071701004429,UPPER,56,42,50,285.00,"14,250.00"
2019-07-17,2019071701004428,UPPER,56,44,50,285.00,"14,250.00"
2019-07-17,2019071701004427,UPPER,56,45,188,285.00,"53,580.00"
2019-07-17,2019071701004426,UPPER,56,6,100,285.00,"28,500.00"
2019-07-17,2019071701004425,UPPER,56,50,203,285.00,"57,855.00"
2019-07-17,2019071701004424,UPPER,56,13,40,285.00,"11,400.00"
2019-07-17,2019071701004542,UPPER,29,39,40,284.00,"11,360.00"
2019-07-17,2019071701004497,UPPER,38,44,20,285.00,"5,700.00"
2019-07-17,2019071701004491,UPPER,38,40,480,285.00,"136,800.00"
2019-07-17,2019071701004490,UPPER,11,40,500,285.00,"142,500.00"
2019-07-17,2019071701004489,UPPER,21,40,20,285.00,"5,700.00"
2019-07-17,2019071701004694,UPPER,1,39,40,284.00,"11,360.00"
2019-07-17,2019071701004663,UPPER,1,49,50,284.00,"14,200.00"
2019-07-17,2019071701004625,UPPER,29,51,40,284.00,"11,360.00"
2019-07-17,2019071701004582,UPPER,29,45,40,284.00,"11,360.00"
2019-07-17,2019071701004574,UPPER,37,44,18,285.00,"5,130.00"
2019-07-17,2019071701004714,VLBS,32,22,17,508.00,"8,636.00"
2019-07-17,2019071701004713,VLBS,32,10,13,505.00,"6,565.00"
2019-07-17,2019071701004368,ADBL,11,26,317,416.00,"131,872.00"
2019-07-17,2019071701004367,ADBL,11,57,100,416.00,"41,600.00"
2019-07-17,2019071701004366,ADBL,11,28,500,416.00,"208,000.00"
2019-07-17,2019071701004365,ADBL,11,19,83,416.00,"34,528.00"
2019-07-17,2019071701004358,ADBL,11,19,695,416.00,"289,120.00"
2019-07-17,2019071701004357,ADBL,11,36,305,416.00,"126,880.00"
2019-07-17,2019071701003920,ADBL,49,42,82,416.00,"34,112.00"
2019-07-17,2019071701003919,ADBL,49,48,96,416.00,"39,936.00"
2019-07-17,2019071701003913,ADBL,49,48,54,416.00,"22,464.00"
2019-07-17,2019071701004274,ADBL,5,14,146,415.00,"60,590.00"
2019-07-17,2019071701004273,ADBL,34,14,200,415.00,"83,000.00"
2019-07-17,2019071701004272,ADBL,54,14,654,415.00,"271,410.00"
2019-07-17,2019071701004245,ADBL,54,29,16,415.00,"6,640.00"
2019-07-17,2019071701004192,ADBL,54,14,500,415.00,"207,500.00"
2019-07-17,2019071701003921,ADBL,49,19,222,416.00,"92,352.00"
2019-07-17,2019071701004004,AKJCL,36,10,20,70.00,"1,400.00"
2019-07-17,2019071701003907,AKJCL,36,10,10,70.00,700.00
2019-07-17,2019071701004182,AKPL,28,10,13,178.00,"2,314.00"
2019-07-17,2019071701004136,AKPL,28,10,13,178.00,"2,314.00"
2019-07-17,2019071701004094,AKPL,16,10,13,177.00,"2,301.00"
2019-07-17,2019071701004070,AKPL,16,10,13,177.00,"2,301.00"
2019-07-17,2019071701004053,AKPL,16,10,13,177.00,"2,301.00"
2019-07-17,2019071701004185,ALBSL,36,36,10,395.00,"3,950.00"
2019-07-17,2019071701004168,ALBSL,36,36,10,395.00,"3,950.00"
2019-07-17,2019071701003916,ALICL,20,14,108,392.00,"42,336.00"
2019-07-17,2019071701003915,ALICL,20,5,92,390.00,"35,880.00"
2019-07-17,2019071701004381,API,25,26,"2,430",142.00,"345,060.00"
2019-07-17,2019071701004277,API,7,26,300,142.00,"42,600.00"
2019-07-17,2019071701004257,API,43,26,200,142.00,"28,400.00"
2019-07-17,2019071701004256,API,43,26,150,142.00,"21,300.00"
2019-07-17,2019071701004255,API,6,26,20,142.00,"2,840.00"
2019-07-17,2019071701003934,API,25,39,17,141.00,"2,397.00"
2019-07-17,2019071701004233,BARUN,22,7,10,93.00,930.00
2019-07-17,2019071701004232,BARUN,22,7,10,93.00,930.00
2019-07-17,2019071701004231,BARUN,22,26,990,93.00,"92,070.00"
2019-07-17,2019071701004316,BOKL,25,34,810,261.00,"211,410.00"
2019-07-17,2019071701004275,BOKL,57,34,100,261.00,"26,100.00"
2019-07-17,2019071701004237,BOKL,53,34,50,261.00,"13,050.00"
2019-07-17,2019071701004003,BOKL,34,41,87,260.00,"22,620.00"
2019-07-17,2019071701004002,BOKL,25,41,13,260.00,"3,380.00"
2019-07-17,2019071701003983,BOKL,52,34,40,261.00,"10,440.00"
2019-07-17,2019071701003982,BOKL,52,34,960,261.00,"250,560.00"
2019-07-17,2019071701004353,BPCL,49,42,"1,000",412.00,"412,000.00"
2019-07-17,2019071701004321,BPCL,4,41,55,411.00,"22,605.00"
2019-07-17,2019071701004320,BPCL,4,41,110,411.00,"45,210.00"
2019-07-17,2019071701004319,BPCL,4,22,200,411.00,"82,200.00"
2019-07-17,2019071701003912,BPCL,34,39,513,410.00,"210,330.00"
2019-07-17,2019071701004359,CBBL,52,47,300,965.00,"289,500.00"
2019-07-17,2019071701004014,CBBL,4,44,200,964.00,"192,800.00"
2019-07-17,2019071701004221,CBL,51,42,88,158.00,"13,904.00"
2019-07-17,2019071701004187,CBL,58,37,300,159.00,"47,700.00"
2019-07-17,2019071701004186,CBL,58,39,700,159.00,"111,300.00"
2019-07-17,2019071701004183,CBL,39,39,500,159.00,"79,500.00"
2019-07-17,2019071701004144,CBL,51,33,200,158.00,"31,600.00"
2019-07-17,2019071701004114,CBL,51,47,950,158.00,"150,100.00"
2019-07-17,2019071701003896,CBL,57,13,16,158.00,"2,528.00"
2019-07-17,2019071701004113,CBL,53,47,103,158.00,"16,274.00"
2019-07-17,2019071701004104,CBL,53,26,897,158.00,"141,726.00"
2019-07-17,2019071701004103,CBL,32,26,103,158.00,"16,274.00"
2019-07-17,2019071701004090,CBL,32,47,97,158.00,"15,326.00"
2019-07-17,2019071701004089,CBL,57,47,956,158.00,"151,048.00"
2019-07-17,2019071701003908,CBL,57,52,200,158.00,"31,600.00"
2019-07-17,2019071701004370,CCBL,5,45,100,179.00,"17,900.00"
2019-07-17,2019071701003951,CCBL,45,39,117,178.00,"20,826.00"
2019-07-17,2019071701004238,CHCL,6,42,30,520.00,"15,600.00"
2019-07-17,2019071701003972,CHCL,28,56,160,518.00,"82,880.00"
2019-07-17,2019071701003971,CHCL,42,56,90,518.00,"46,620.00"
2019-07-17,2019071701003970,CHCL,57,56,20,518.00,"10,360.00"
2019-07-17,2019071701003969,CHCL,28,56,200,519.00,"103,800.00"
2019-07-17,2019071701004013,CIT,33,38,28,"2,435.00","68,180.00"
2019-07-17,2019071701004338,CLBSL,50,54,19,504.00,"9,576.00"
2019-07-17,2019071701004252,CLBSL,50,42,11,504.00,"5,544.00"
2019-07-17,2019071701004034,CLBSL,51,54,20,505.00,"10,100.00"
2019-07-17,2019071701003935,CLBSL,51,54,10,505.00,"5,050.00"
2019-07-17,2019071701004372,CZBIL,10,25,103,227.00,"23,381.00"
2019-07-17,2019071701004165,CZBIL,58,38,119,226.00,"26,894.00"
2019-07-17,2019071701004164,CZBIL,19,38,31,227.00,"7,037.00"
2019-07-17,2019071701004095,DBBL,22,16,300,148.00,"44,400.00"
2019-07-17,2019071701004118,EBL,41,59,50,678.00,"33,900.00"
2019-07-17,2019071701004345,EIC,22,17,200,365.00,"73,000.00"
2019-07-17,2019071701004344,EIC,52,17,100,366.00,"36,600.00"
2019-07-17,2019071701004343,EIC,51,17,50,367.00,"18,350.00"
2019-07-17,2019071701004342,EIC,39,17,100,367.00,"36,700.00"
2019-07-17,2019071701004341,EIC,41,17,60,368.00,"22,080.00"
2019-07-17,2019071701004322,EIC,41,17,10,369.00,"3,690.00"
2019-07-17,2019071701004293,EIC,41,46,10,369.00,"3,690.00"
2019-07-17,2019071701004162,GBBL,40,26,850,227.00,"192,950.00"
2019-07-17,2019071701004008,GBBL,40,41,200,226.00,"45,200.00"
2019-07-17,2019071701004356,GBLBS,33,59,20,352.00,"7,040.00"
2019-07-17,2019071701004046,GBLBS,33,28,295,352.00,"103,840.00"
2019-07-17,2019071701004045,GBLBS,33,43,85,351.00,"29,835.00"
2019-07-17,2019071701004041,GBLBS,25,44,10,350.00,"3,500.00"
2019-07-17,2019071701003995,GBLBS,3,43,15,351.00,"5,265.00"
2019-07-17,2019071701003928,GDBL,4,48,69,218.00,"15,042.00"
2019-07-17,2019071701004038,GDBL,59,28,40,218.00,"8,720.00"
2019-07-17,2019071701003930,GDBL,4,28,331,218.00,"72,158.00"
2019-07-17,2019071701003929,GDBL,4,21,"1,000",218.00,"218,000.00"
2019-07-17,2019071701003936,GFCL,17,35,100,135.00,"13,500.00"
2019-07-17,2019071701003893,GILB,26,38,10,695.00,"6,950.00"
2019-07-17,2019071701003892,GILB,26,58,10,690.00,"6,900.00"
2019-07-17,2019071701004336,GLBSL,11,38,10,392.00,"3,920.00"
2019-07-17,2019071701004317,GLBSL,11,47,10,392.00,"3,920.00"
2019-07-17,2019071701004308,GLBSL,11,49,10,392.00,"3,920.00"
2019-07-17,2019071701004223,GLBSL,11,55,10,392.00,"3,920.00"
2019-07-17,2019071701004037,GLBSL,11,5,10,392.00,"3,920.00"
2019-07-17,2019071701004385,GLICL,47,47,108,465.00,"50,220.00"
2019-07-17,2019071701004243,GLICL,35,6,20,469.00,"9,380.00"
2019-07-17,2019071701004362,GMFBS,38,38,10,454.00,"4,540.00"
2019-07-17,2019071701004270,GMFBS,38,32,10,454.00,"4,540.00"
2019-07-17,2019071701004266,GMFBS,1,48,10,456.00,"4,560.00"
2019-07-17,2019071701004265,GMFBS,1,6,10,455.00,"4,550.00"
2019-07-17,2019071701004235,GMFBS,38,55,10,454.00,"4,540.00"
2019-07-17,2019071701003981,GMFBS,38,14,10,454.00,"4,540.00"
2019-07-17,2019071701003949,GMFBS,38,35,10,454.00,"4,540.00"
2019-07-17,2019071701004172,GUFL,44,38,405,120.00,"48,600.00"
2019-07-17,2019071701004387,HBL,1,55,30,563.00,"16,890.00"
2019-07-17,2019071701003910,HBL,11,55,560,563.00,"315,280.00"
2019-07-17,2019071701003909,HBL,11,6,160,561.00,"89,760.00"
2019-07-17,2019071701004062,HGI,7,53,100,356.00,"35,600.00"
2019-07-17,2019071701003988,HGI,57,6,20,355.00,"7,100.00"
2019-07-17,2019071701003911,HGI,42,13,100,353.00,"35,300.00"
2019-07-17,2019071701004349,HPPL,35,41,10,177.00,"1,770.00"
2019-07-17,2019071701004329,HPPL,35,8,10,176.00,"1,760.00"
2019-07-17,2019071701004117,HPPL,22,46,10,173.00,"1,730.00"
2019-07-17,2019071701004244,HURJA,29,29,20,140.00,"2,800.00"
2019-07-17,2019071701004155,HURJA,13,25,500,141.00,"70,500.00"
2019-07-17,2019071701004105,HURJA,17,29,20,140.00,"2,800.00"
2019-07-17,2019071701004040,HURJA,17,29,20,140.00,"2,800.00"
2019-07-17,2019071701004132,ICFC,55,57,10,163.00,"1,630.00"
2019-07-17,2019071701004018,ICFC,55,57,10,166.00,"1,660.00"
2019-07-17,2019071701004369,ILBS,50,38,10,396.00,"3,960.00"
2019-07-17,2019071701004347,ILBS,50,1,10,396.00,"3,960.00"
2019-07-17,2019071701004324,ILBS,50,59,10,396.00,"3,960.00"
2019-07-17,2019071701004318,ILBS,50,49,10,396.00,"3,960.00"
2019-07-17,2019071701004306,ILBS,50,1,10,396.00,"3,960.00"
2019-07-17,2019071701004264,ILBS,50,47,10,396.00,"3,960.00"
2019-07-17,2019071701003922,ILBS,50,37,10,396.00,"3,960.00"
2019-07-17,2019071701003933,ILBS,50,14,10,396.00,"3,960.00"
2019-07-17,2019071701003927,ILBS,50,54,10,396.00,"3,960.00"
2019-07-17,2019071701003926,ILBS,50,37,10,396.00,"3,960.00"
2019-07-17,2019071701003925,ILBS,50,37,10,396.00,"3,960.00"
2019-07-17,2019071701003924,ILBS,50,37,10,396.00,"3,960.00"
2019-07-17,2019071701003923,ILBS,50,17,10,396.00,"3,960.00"
2019-07-17,2019071701004249,ILBS,50,47,10,396.00,"3,960.00"
2019-07-17,2019071701004177,ILBS,50,55,10,396.00,"3,960.00"
2019-07-17,2019071701004075,ILBS,50,59,10,396.00,"3,960.00"
2019-07-17,2019071701004064,ILBS,50,59,10,396.00,"3,960.00"
2019-07-17,2019071701004058,ILBS,50,44,10,396.00,"3,960.00"
2019-07-17,2019071701004006,ILBS,50,45,10,396.00,"3,960.00"
2019-07-17,2019071701004184,JBBL,22,38,257,164.00,"42,148.00"
2019-07-17,2019071701003955,JBBL,22,34,17,164.00,"2,788.00"
2019-07-17,2019071701004156,JFL,40,22,470,181.00,"85,070.00"
2019-07-17,2019071701004122,JFL,45,22,30,181.00,"5,430.00"
2019-07-17,2019071701004083,JFL,3,41,400,180.00,"72,000.00"
2019-07-17,2019071701004178,KBL,22,37,300,222.00,"66,600.00"
2019-07-17,2019071701004304,KPCL,36,36,10,92.00,920.00
2019-07-17,2019071701004289,KPCL,36,36,10,92.00,920.00
2019-07-17,2019071701004009,KPCL,52,10,10,93.00,930.00
2019-07-17,2019071701004061,KPCL,52,44,10,93.00,930.00
2019-07-17,2019071701004050,KPCL,52,44,10,93.00,930.00
2019-07-17,2019071701004101,KPCL,52,44,10,93.00,930.00
2019-07-17,2019071701004088,KPCL,52,44,10,93.00,930.00
2019-07-17,2019071701004076,KPCL,52,44,10,93.00,930.00
2019-07-17,2019071701004067,KPCL,52,44,10,93.00,930.00
2019-07-17,2019071701004110,KPCL,52,44,10,93.00,930.00
2019-07-17,2019071701004283,KPCL,36,36,10,92.00,920.00
2019-07-17,2019071701004271,KPCL,36,36,10,92.00,920.00
2019-07-17,2019071701004250,KPCL,36,36,10,92.00,920.00
2019-07-17,2019071701004337,KRBL,36,37,200,118.00,"23,600.00"
2019-07-17,2019071701004082,KSBBL,49,21,13,162.00,"2,106.00"
2019-07-17,2019071701004033,KSBBL,50,21,"1,000",163.00,"163,000.00"
2019-07-17,2019071701004032,KSBBL,50,35,100,163.00,"16,300.00"
2019-07-17,2019071701004031,KSBBL,50,45,500,163.00,"81,500.00"
2019-07-17,2019071701004030,KSBBL,50,57,200,163.00,"32,600.00"
2019-07-17,2019071701004029,KSBBL,50,38,200,163.00,"32,600.00"
2019-07-17,2019071701004028,KSBBL,50,19,500,163.00,"81,500.00"
2019-07-17,2019071701004027,KSBBL,50,20,90,163.00,"14,670.00"
2019-07-17,2019071701004339,LBBL,39,59,500,203.00,"101,500.00"
2019-07-17,2019071701004303,LBBL,52,28,"1,000",203.00,"203,000.00"
2019-07-17,2019071701003941,LBBL,44,48,"1,160",203.00,"235,480.00"
2019-07-17,2019071701003889,LBBL,58,39,200,202.00,"40,400.00"
2019-07-17,2019071701003888,LBBL,58,37,"1,000",202.00,"202,000.00"
2019-07-17,2019071701003947,LBBL,44,42,"2,186",205.00,"448,130.00"
2019-07-17,2019071701003946,LBBL,44,59,150,205.00,"30,750.00"
2019-07-17,2019071701003945,LBBL,44,51,100,204.00,"20,400.00"
2019-07-17,2019071701003944,LBBL,44,35,40,204.00,"8,160.00"
2019-07-17,2019071701003943,LBBL,44,4,300,204.00,"61,200.00"
2019-07-17,2019071701003942,LBBL,44,47,250,204.00,"51,000.00"
2019-07-17,2019071701004222,LBBL,39,14,500,203.00,"101,500.00"
2019-07-17,2019071701003948,LBBL,44,25,814,205.00,"166,870.00"
2019-07-17,2019071701004300,LBL,37,36,250,228.00,"57,000.00"
2019-07-17,2019071701004287,LBL,41,17,"1,000",227.00,"227,000.00"
2019-07-17,2019071701004188,LBL,32,36,100,228.00,"22,800.00"
2019-07-17,2019071701004145,LBL,32,36,100,228.00,"22,800.00"
2019-07-17,2019071701004141,LGIL,4,6,11,438.00,"4,818.00"
2019-07-17,2019071701004069,LVF1,45,35,"5,000",10.35,"51,750.00"
2019-07-17,2019071701004068,LVF1,45,58,"5,000",10.35,"51,750.00"
2019-07-17,2019071701004166,MBL,25,29,30,267.00,"8,010.00"
2019-07-17,2019071701004123,MBL,39,29,10,267.00,"2,670.00"
2019-07-17,2019071701004305,MDB,38,38,200,234.00,"46,800.00"
2019-07-17,2019071701004247,MDB,33,38,500,234.00,"117,000.00"
2019-07-17,2019071701004153,MEGA,50,42,373,214.00,"79,822.00"
2019-07-17,2019071701004152,MEGA,1,42,100,214.00,"21,400.00"
2019-07-17,2019071701004151,MEGA,1,42,527,214.00,"112,778.00"
2019-07-17,2019071701004007,MEGA,13,57,"1,000",215.00,"215,000.00"
2019-07-17,2019071701004352,MERO,58,32,123,530.00,"65,190.00"
2019-07-17,2019071701004351,MERO,58,33,50,530.00,"26,500.00"
2019-07-17,2019071701004350,MERO,58,11,59,530.00,"31,270.00"
2019-07-17,2019071701004039,MHNL,59,58,20,108.00,"2,160.00"
2019-07-17,2019071701004219,MLBL,58,38,75,200.00,"15,000.00"
2019-07-17,2019071701003999,MLBL,50,26,"1,412",201.00,"283,812.00"
2019-07-17,2019071701003998,MLBL,50,34,500,201.00,"100,500.00"
2019-07-17,2019071701003979,MLBL,58,51,"2,000",200.00,"400,000.00"
2019-07-17,2019071701003978,MLBL,58,39,100,200.00,"20,000.00"
2019-07-17,2019071701003977,MLBL,58,32,500,200.00,"100,000.00"
2019-07-17,2019071701003976,MLBL,58,17,43,200.00,"8,600.00"
2019-07-17,2019071701003975,MLBL,58,17,43,200.00,"8,600.00"
2019-07-17,2019071701004386,MNBBL,53,39,100,380.00,"38,000.00"
2019-07-17,2019071701004299,MNBBL,25,34,50,380.00,"19,000.00"
2019-07-17,2019071701004298,MNBBL,25,44,"1,292",380.00,"490,960.00"
2019-07-17,2019071701004297,MNBBL,25,1,50,380.00,"19,000.00"
2019-07-17,2019071701004296,MNBBL,25,28,500,380.00,"190,000.00"
2019-07-17,2019071701004295,MNBBL,25,22,"1,000",380.00,"380,000.00"
2019-07-17,2019071701004294,MNBBL,25,42,420,380.00,"159,600.00"
2019-07-17,2019071701004280,MNBBL,57,42,50,380.00,"19,000.00"
2019-07-17,2019071701004380,NABIL,53,14,20,812.00,"16,240.00"
2019-07-17,2019071701004379,NABIL,5,14,15,812.00,"12,180.00"
2019-07-17,2019071701004276,NABIL,1,3,20,813.00,"16,260.00"
2019-07-17,2019071701004134,NABIL,19,7,220,810.00,"178,200.00"
2019-07-17,2019071701004001,NABIL,5,7,15,812.00,"12,180.00"
2019-07-17,2019071701003996,NABIL,39,7,50,812.00,"40,600.00"
2019-07-17,2019071701003894,NABIL,28,52,220,810.00,"178,200.00"
2019-07-17,2019071701004056,NAGRO,52,35,10,492.00,"4,920.00"
2019-07-17,2019071701003914,NAGRO,52,14,10,492.00,"4,920.00"
2019-07-17,2019071701004313,NBB,5,22,100,225.00,"22,500.00"
2019-07-17,2019071701004288,NBB,25,29,606,224.00,"135,744.00"
2019-07-17,2019071701004248,NBB,25,53,817,223.00,"182,191.00"
2019-07-17,2019071701004239,NBB,19,53,61,223.00,"13,603.00"
2019-07-17,2019071701004230,NBB,39,53,200,223.00,"44,600.00"
2019-07-17,2019071701004229,NBB,58,53,420,223.00,"93,660.00"
2019-07-17,2019071701004198,NBB,57,22,100,224.00,"22,400.00"
2019-07-17,2019071701004197,NBB,57,55,227,224.00,"50,848.00"
2019-07-17,2019071701004143,NBB,57,55,400,224.00,"89,600.00"
2019-07-17,2019071701004142,NBB,57,52,100,224.00,"22,400.00"
2019-07-17,2019071701004228,NBB,19,53,100,223.00,"22,300.00"
2019-07-17,2019071701004227,NBB,3,53,20,223.00,"4,460.00"
2019-07-17,2019071701004226,NBB,57,53,50,223.00,"11,150.00"
2019-07-17,2019071701004225,NBB,37,53,200,223.00,"44,600.00"
2019-07-17,2019071701004224,NBB,32,53,471,223.00,"105,033.00"
2019-07-17,2019071701004199,NBB,57,29,173,224.00,"38,752.00"
2019-07-17,2019071701004236,NBL,34,40,"1,000",344.00,"344,000.00"
2019-07-17,2019071701004218,NBL,34,38,"1,500",344.00,"516,000.00"
2019-07-17,2019071701004217,NBL,34,35,290,344.00,"99,760.00"
2019-07-17,2019071701004216,NBL,34,52,500,344.00,"172,000.00"
2019-07-17,2019071701004215,NBL,34,8,50,344.00,"17,200.00"
2019-07-17,2019071701004214,NBL,34,5,"1,000",344.00,"344,000.00"
2019-07-17,2019071701003961,NBL,22,34,400,344.00,"137,600.00"
2019-07-17,2019071701004207,NBL,34,34,"2,000",344.00,"688,000.00"
2019-07-17,2019071701004206,NBL,34,59,300,344.00,"103,200.00"
2019-07-17,2019071701004205,NBL,34,44,390,344.00,"134,160.00"
2019-07-17,2019071701004086,NBL,29,44,110,344.00,"37,840.00"
2019-07-17,2019071701004085,NBL,29,58,110,344.00,"37,840.00"
2019-07-17,2019071701004084,NBL,29,34,80,344.00,"27,520.00"
2019-07-17,2019071701004213,NBL,34,40,600,344.00,"206,400.00"
2019-07-17,2019071701004212,NBL,34,22,300,344.00,"103,200.00"
2019-07-17,2019071701004211,NBL,34,59,100,344.00,"34,400.00"
2019-07-17,2019071701004210,NBL,34,33,20,344.00,"6,880.00"
2019-07-17,2019071701004209,NBL,34,39,"1,000",344.00,"344,000.00"
2019-07-17,2019071701004208,NBL,34,51,400,344.00,"137,600.00"
2019-07-17,2019071701004361,NCCB,32,32,700,249.00,"174,300.00"
2019-07-17,2019071701004346,NCCB,21,32,100,249.00,"24,900.00"
2019-07-17,2019071701004309,NCCB,58,48,10,250.00,"2,500.00"
2019-07-17,2019071701004263,NCCB,13,46,25,249.00,"6,225.00"
2019-07-17,2019071701004262,NCCB,13,42,375,249.00,"93,375.00"
2019-07-17,2019071701004261,NCCB,13,39,100,249.00,"24,900.00"
2019-07-17,2019071701004092,NCCB,4,45,190,248.00,"47,120.00"
2019-07-17,2019071701004035,NCCB,39,45,10,248.00,"2,480.00"
2019-07-17,2019071701004260,NCCB,13,57,250,249.00,"62,250.00"
2019-07-17,2019071701004259,NCCB,13,6,102,249.00,"25,398.00"
2019-07-17,2019071701004258,NCCB,13,43,42,249.00,"10,458.00"
2019-07-17,2019071701004181,NCCB,17,43,291,249.00,"72,459.00"
2019-07-17,2019071701004180,NCCB,17,11,209,249.00,"52,041.00"
2019-07-17,2019071701004093,NCCB,4,45,"1,210",248.00,"300,080.00"
2019-07-17,2019071701004140,NIB,49,14,10,520.00,"5,200.00"
2019-07-17,2019071701004133,NIB,25,46,20,519.00,"10,380.00"
2019-07-17,2019071701004194,NIBPO,49,4,100,480.00,"48,000.00"
2019-07-17,2019071701004139,NIBPO,58,4,100,476.00,"47,600.00"
2019-07-17,2019071701004066,NIBPO,28,4,"2,000",480.00,"960,000.00"
2019-07-17,2019071701004065,NIBPO,28,39,"2,000",479.00,"958,000.00"
2019-07-17,2019071701004167,NICA,58,58,500,456.00,"228,000.00"
2019-07-17,2019071701004091,NICA,58,49,279,456.00,"127,224.00"
2019-07-17,2019071701004071,NICA,6,49,101,456.00,"46,056.00"
2019-07-17,2019071701004057,NICA,29,49,300,456.00,"136,800.00"
2019-07-17,2019071701004026,NICA,35,49,100,456.00,"45,600.00"
2019-07-17,2019071701003994,NICA,19,49,220,456.00,"100,320.00"
2019-07-17,2019071701003993,NICA,19,44,780,456.00,"355,680.00"
2019-07-17,2019071701003984,NICA,14,44,100,456.00,"45,600.00"
2019-07-17,2019071701004191,NICL,1,37,100,356.00,"35,600.00"
2019-07-17,2019071701004190,NICL,1,56,65,356.00,"23,140.00"
2019-07-17,2019071701003966,NICL,39,33,13,354.00,"4,602.00"
2019-07-17,2019071701004000,NIL,6,38,200,495.00,"99,000.00"
2019-07-17,2019071701003980,NIL,6,38,"1,000",495.00,"495,000.00"
2019-07-17,2019071701003968,NIL,6,11,100,495.00,"49,500.00"
2019-07-17,2019071701004360,NLBBL,19,19,"1,000",483.00,"483,000.00"
2019-07-17,2019071701004081,NLG,1,46,25,740.00,"18,500.00"
2019-07-17,2019071701004080,NLG,1,5,56,740.00,"41,440.00"
2019-07-17,2019071701004282,NLIC,38,4,300,900.00,"270,000.00"
2019-07-17,2019071701004281,NLIC,34,4,200,900.00,"180,000.00"
2019-07-17,2019071701004121,NTC,49,45,25,696.00,"17,400.00"
2019-07-17,2019071701004340,NUBL,45,25,26,857.00,"22,282.00"
2019-07-17,2019071701004363,OHL,45,59,70,626.00,"43,820.00"
2019-07-17,2019071701004348,OHL,45,18,50,623.00,"31,150.00"
2019-07-17,2019071701004335,OHL,58,49,100,625.00,"62,500.00"
2019-07-17,2019071701004334,OHL,58,59,200,624.00,"124,800.00"
2019-07-17,2019071701004323,OHL,45,59,150,623.00,"93,450.00"
2019-07-17,2019071701004240,OHL,42,1,10,620.00,"6,200.00"
2019-07-17,2019071701004315,OHL,58,25,500,622.00,"311,000.00"
2019-07-17,2019071701004314,OHL,58,59,150,622.00,"93,300.00"
2019-07-17,2019071701004279,OHL,42,42,"15,537",620.00,"9,632,940.00"
2019-07-17,2019071701004278,OHL,45,59,100,622.00,"62,200.00"
2019-07-17,2019071701004242,OHL,42,42,"4,000",620.00,"2,480,000.00"
2019-07-17,2019071701004241,OHL,42,40,500,620.00,"310,000.00"
2019-07-17,2019071701004111,PCBL,19,16,15,285.00,"4,275.00"
2019-07-17,2019071701004043,PCBL,33,35,100,283.00,"28,300.00"
2019-07-17,2019071701003917,PCBL,42,46,30,282.00,"8,460.00"
2019-07-17,2019071701004355,PIC,6,14,500,495.00,"247,500.00"
2019-07-17,2019071701004354,PIC,6,42,25,495.00,"12,375.00"
2019-07-17,2019071701004193,PIC,14,42,31,495.00,"15,345.00"
2019-07-17,2019071701004328,PLIC,38,53,10,446.00,"4,460.00"
2019-07-17,2019071701004327,PLIC,38,35,50,443.00,"22,150.00"
2019-07-17,2019071701004326,PLIC,38,13,70,442.00,"30,940.00"
2019-07-17,2019071701004285,PLIC,6,10,600,440.00,"264,000.00"
2019-07-17,2019071701004382,PMHPL,37,36,10,108.00,"1,080.00"
2019-07-17,2019071701004364,PMHPL,36,56,30,109.00,"3,270.00"
2019-07-17,2019071701004330,PMHPL,37,45,10,108.00,"1,080.00"
2019-07-17,2019071701004312,PMHPL,37,45,10,108.00,"1,080.00"
2019-07-17,2019071701003890,PMHPL,37,10,10,108.00,"1,080.00"
2019-07-17,2019071701004161,PPCL,6,59,10,136.00,"1,360.00"
2019-07-17,2019071701004149,PPCL,6,59,10,136.00,"1,360.00"
2019-07-17,2019071701004135,PPCL,6,59,10,136.00,"1,360.00"
2019-07-17,2019071701004112,PPCL,6,59,10,136.00,"1,360.00"
2019-07-17,2019071701004107,PPCL,6,59,10,136.00,"1,360.00"
2019-07-17,2019071701004096,PPCL,6,59,10,136.00,"1,360.00"
2019-07-17,2019071701003898,PPCL,6,41,30,137.00,"4,110.00"
2019-07-17,2019071701003903,PPCL,6,51,10,137.00,"1,370.00"
2019-07-17,2019071701003902,PPCL,6,41,30,137.00,"4,110.00"
2019-07-17,2019071701003901,PPCL,6,41,20,137.00,"2,740.00"
2019-07-17,2019071701003900,PPCL,6,41,20,137.00,"2,740.00"
2019-07-17,2019071701003899,PPCL,6,41,20,137.00,"2,740.00"
2019-07-17,2019071701004130,PRIN,32,57,120,374.00,"44,880.00"
2019-07-17,2019071701004074,PRIN,7,57,130,374.00,"48,620.00"
2019-07-17,2019071701004073,PRIN,7,41,20,374.00,"7,480.00"
2019-07-17,2019071701004310,PROFL,34,36,10,112.00,"1,120.00"
2019-07-17,2019071701004325,PRVU,49,8,100,271.00,"27,100.00"
2019-07-17,2019071701004115,PRVU,6,57,10,270.00,"2,700.00"
2019-07-17,2019071701004060,PRVU,25,57,10,270.00,"2,700.00"
2019-07-17,2019071701004059,PRVU,25,57,40,270.00,"10,800.00"
2019-07-17,2019071701004129,PRVU,56,17,193,271.00,"52,303.00"
2019-07-17,2019071701004128,PRVU,56,52,10,271.00,"2,710.00"
2019-07-17,2019071701004127,PRVU,56,58,258,270.00,"69,660.00"
2019-07-17,2019071701004126,PRVU,56,13,150,270.00,"40,500.00"
2019-07-17,2019071701004125,PRVU,56,8,100,270.00,"27,000.00"
2019-07-17,2019071701004124,PRVU,56,57,289,270.00,"78,030.00"
2019-07-17,2019071701004163,PRVU,49,56,246,271.00,"66,666.00"
2019-07-17,2019071701004160,PRVU,56,56,254,271.00,"68,834.00"
2019-07-17,2019071701004159,PRVU,56,36,100,271.00,"27,100.00"
2019-07-17,2019071701004158,PRVU,56,37,500,271.00,"135,500.00"
2019-07-17,2019071701004157,PRVU,56,14,146,271.00,"39,566.00"
2019-07-17,2019071701004371,RHPC,47,7,21,92.00,"1,932.00"
2019-07-17,2019071701004042,RSDC,7,28,200,345.00,"69,000.00"
2019-07-17,2019071701004269,SANIMA,14,38,150,354.00,"53,100.00"
2019-07-17,2019071701004268,SANIMA,14,45,250,354.00,"88,500.00"
2019-07-17,2019071701004267,SANIMA,14,13,60,354.00,"21,240.00"
2019-07-17,2019071701004171,SANIMA,17,53,234,353.00,"82,602.00"
2019-07-17,2019071701004170,SANIMA,17,53,250,353.00,"88,250.00"
2019-07-17,2019071701004169,SANIMA,17,53,250,353.00,"88,250.00"
2019-07-17,2019071701004131,SANIMA,6,13,10,354.00,"3,540.00"
2019-07-17,2019071701003997,SBI,42,43,490,474.00,"232,260.00"
2019-07-17,2019071701004251,SBL,49,42,111,324.00,"35,964.00"
2019-07-17,2019071701004234,SBL,49,42,83,324.00,"26,892.00"
2019-07-17,2019071701004204,SBL,35,57,100,325.00,"32,500.00"
2019-07-17,2019071701004203,SBL,35,28,229,325.00,"74,425.00"
2019-07-17,2019071701004202,SBL,35,33,"1,022",325.00,"332,150.00"
2019-07-17,2019071701004201,SBL,35,50,172,325.00,"55,900.00"
2019-07-17,2019071701004200,SBL,35,19,846,324.00,"274,104.00"
2019-07-17,2019071701004147,SBL,49,44,47,324.00,"15,228.00"
2019-07-17,2019071701004146,SBL,49,49,370,324.00,"119,880.00"
2019-07-17,2019071701004087,SBL,43,49,100,324.00,"32,400.00"
2019-07-17,2019071701004311,SCB,36,1,100,685.00,"68,500.00"
2019-07-17,2019071701004302,SCB,44,1,250,685.00,"171,250.00"
2019-07-17,2019071701004254,SCB,35,1,20,685.00,"13,700.00"
2019-07-17,2019071701004052,SCB,36,48,154,686.00,"105,644.00"
2019-07-17,2019071701004051,SCB,36,44,346,685.00,"237,010.00"
2019-07-17,2019071701004023,SCB,36,44,154,685.00,"105,490.00"
2019-07-17,2019071701003987,SCB,36,39,20,685.00,"13,700.00"
2019-07-17,2019071701003895,SCB,36,48,500,686.00,"343,000.00"
2019-07-17,2019071701004378,SDESI,45,41,10,587.00,"5,870.00"
2019-07-17,2019071701004377,SDESI,45,17,100,580.00,"58,000.00"
2019-07-17,2019071701004376,SDESI,45,11,100,579.00,"57,900.00"
2019-07-17,2019071701004375,SDESI,45,6,200,578.00,"115,600.00"
2019-07-17,2019071701004374,SDESI,45,11,50,578.00,"28,900.00"
2019-07-17,2019071701004373,SDESI,45,58,10,577.00,"5,770.00"
2019-07-17,2019071701004049,SEOS,26,10,"10,900",10.98,"119,682.00"
2019-07-17,2019071701004048,SEOS,26,33,100,10.98,"1,098.00"
2019-07-17,2019071701004047,SEOS,26,35,"4,000",10.97,"43,880.00"
2019-07-17,2019071701003992,SHINE,1,52,20,251.00,"5,020.00"
2019-07-17,2019071701003991,SHINE,49,52,200,251.00,"50,200.00"
2019-07-17,2019071701003990,SHINE,42,52,200,251.00,"50,200.00"
2019-07-17,2019071701004220,SHIVM,25,26,60,619.00,"37,140.00"
2019-07-17,2019071701004189,SHIVM,32,26,40,619.00,"24,760.00"
2019-07-17,2019071701004138,SHIVM,38,29,200,620.00,"124,000.00"
2019-07-17,2019071701004137,SHIVM,42,29,250,620.00,"155,000.00"
2019-07-17,2019071701004106,SHIVM,42,4,150,620.00,"93,000.00"
2019-07-17,2019071701004099,SHIVM,42,22,100,620.00,"62,000.00"
2019-07-17,2019071701003931,SHIVM,49,28,300,620.00,"186,000.00"
2019-07-17,2019071701003950,SHIVM,57,26,200,620.00,"124,000.00"
2019-07-17,2019071701003940,SHIVM,7,26,230,620.00,"142,600.00"
2019-07-17,2019071701003939,SHIVM,7,14,100,620.00,"62,000.00"
2019-07-17,2019071701003938,SHIVM,7,58,100,620.00,"62,000.00"
2019-07-17,2019071701003937,SHIVM,7,39,70,620.00,"43,400.00"
2019-07-17,2019071701003932,SHIVM,49,39,200,620.00,"124,000.00"
2019-07-17,2019071701003965,SHIVM,14,28,500,622.00,"311,000.00"
2019-07-17,2019071701003964,SHIVM,32,39,100,620.00,"62,000.00"
2019-07-17,2019071701003963,SHIVM,32,57,60,620.00,"37,200.00"
2019-07-17,2019071701003956,SHIVM,13,5,50,619.00,"30,950.00"
2019-07-17,2019071701003954,SHIVM,7,57,40,620.00,"24,800.00"
2019-07-17,2019071701003953,SHIVM,7,26,70,620.00,"43,400.00"
2019-07-17,2019071701004012,SHIVM,39,38,125,621.00,"77,625.00"
2019-07-17,2019071701004011,SHIVM,39,32,50,621.00,"31,050.00"
2019-07-17,2019071701004010,SHIVM,39,38,25,620.00,"15,500.00"
2019-07-17,2019071701004005,SHIVM,32,22,200,620.00,"124,000.00"
2019-07-17,2019071701003986,SHIVM,14,48,100,622.00,"62,200.00"
2019-07-17,2019071701003985,SHIVM,14,20,200,622.00,"124,400.00"
2019-07-17,2019071701004098,SHIVM,50,22,150,620.00,"93,000.00"
2019-07-17,2019071701004097,SHIVM,34,22,150,620.00,"93,000.00"
2019-07-17,2019071701004063,SHIVM,34,22,750,620.00,"465,000.00"
2019-07-17,2019071701004044,SHIVM,34,25,100,620.00,"62,000.00"
2019-07-17,2019071701004025,SHIVM,42,22,50,620.00,"31,000.00"
2019-07-17,2019071701004024,SHIVM,25,38,875,621.00,"543,375.00"
2019-07-17,2019071701004195,SHL,57,59,189,235.00,"44,415.00"
2019-07-17,2019071701003974,SHPC,49,39,39,251.00,"9,789.00"
2019-07-17,2019071701004109,SKBBL,39,28,200,973.00,"194,600.00"
2019-07-17,2019071701004108,SKBBL,6,28,200,974.00,"194,800.00"
2019-07-17,2019071701003906,SKBBL,7,28,100,974.00,"97,400.00"
2019-07-17,2019071701003905,SKBBL,45,28,50,974.00,"48,700.00"
2019-07-17,2019071701004307,SLBSL,52,49,10,532.00,"5,320.00"
2019-07-17,2019071701004120,SLBSL,55,39,10,540.00,"5,400.00"
2019-07-17,2019071701004119,SLBSL,55,53,10,540.00,"5,400.00"
2019-07-17,2019071701004333,SMFBS,48,54,10,474.00,"4,740.00"
2019-07-17,2019071701004332,SMFBS,48,13,10,474.00,"4,740.00"
2019-07-17,2019071701004331,SMFBS,48,17,10,474.00,"4,740.00"
2019-07-17,2019071701004301,SMFDB,58,55,50,535.00,"26,750.00"
2019-07-17,2019071701004292,SMFDB,58,55,20,530.00,"10,600.00"
2019-07-17,2019071701004291,SMFDB,58,49,28,529.00,"14,812.00"
2019-07-17,2019071701004290,SMFDB,58,5,13,529.00,"6,877.00"
2019-07-17,2019071701004154,SPDL,7,46,10,92.00,920.00
2019-07-17,2019071701004148,SRBL,28,22,10,255.00,"2,550.00"
2019-07-17,2019071701004079,SWBBL,58,14,50,903.00,"45,150.00"
2019-07-17,2019071701004078,SWBBL,58,56,100,903.00,"90,300.00"
2019-07-17,2019071701004077,SWBBL,58,29,50,902.00,"45,100.00"
2019-07-17,2019071701004017,SWBBL,45,13,89,900.00,"80,100.00"
2019-07-17,2019071701004016,SWBBL,45,35,100,900.00,"90,000.00"
2019-07-17,2019071701004253,UMHL,7,54,14,111.00,"1,554.00"
2019-07-17,2019071701004246,UPCL,33,20,50,91.00,"4,550.00"
2019-07-17,2019071701004196,UPCL,33,54,50,91.00,"4,550.00"
2019-07-17,2019071701003967,UPCL,33,58,100,92.00,"9,200.00"
2019-07-17,2019071701003960,UPCL,33,17,"1,000",91.00,"91,000.00"
2019-07-17,2019071701003959,UPCL,33,6,500,91.00,"45,500.00"
2019-07-17,2019071701003958,UPCL,33,6,500,91.00,"45,500.00"
2019-07-17,2019071701003957,UPCL,33,53,50,91.00,"4,550.00"
2019-07-17,2019071701003904,UPCL,7,5,100,90.00,"9,000.00"
2019-07-17,2019071701004384,UPPER,29,25,40,284.00,"11,360.00"
2019-07-17,2019071701004383,UPPER,29,42,40,284.00,"11,360.00"
2019-07-17,2019071701004286,UPPER,29,49,50,284.00,"14,200.00"
2019-07-17,2019071701004284,UPPER,44,44,8,279.00,"2,232.00"
2019-07-17,2019071701003973,UPPER,58,44,50,285.00,"14,250.00"
2019-07-17,2019071701003962,UPPER,58,59,40,285.00,"11,400.00"
2019-07-17,2019071701003952,UPPER,58,43,200,285.00,"57,000.00"
2019-07-17,2019071701003918,UPPER,58,19,200,285.00,"57,000.00"
2019-07-17,2019071701003897,UPPER,58,26,40,285.00,"11,400.00"
2019-07-17,2019071701003891,UPPER,58,39,175,285.00,"49,875.00"
2019-07-17,2019071701004021,UPPER,58,50,200,285.00,"57,000.00"
2019-07-17,2019071701004020,UPPER,58,25,100,285.00,"28,500.00"
2019-07-17,2019071701004019,UPPER,58,55,186,285.00,"53,010.00"
2019-07-17,2019071701004015,UPPER,4,55,200,285.00,"57,000.00"
2019-07-17,2019071701003989,UPPER,58,55,115,285.00,"32,775.00"
2019-07-17,2019071701004055,UPPER,14,36,40,285.00,"11,400.00"
2019-07-17,2019071701004054,UPPER,14,11,510,285.00,"145,350.00"
2019-07-17,2019071701004036,UPPER,58,11,"1,464",285.00,"417,240.00"
2019-07-17,2019071701004022,UPPER,58,36,50,285.00,"14,250.00"
2019-07-17,2019071701004100,UPPER,36,50,90,285.00,"25,650.00"
2019-07-17,2019071701004072,UPPER,13,44,40,284.00,"11,360.00"
2019-07-17,2019071701004174,UPPER,29,32,40,284.00,"11,360.00"
2019-07-17,2019071701004173,UPPER,29,54,30,284.00,"8,520.00"
2019-07-17,2019071701004150,UPPER,28,50,40,283.00,"11,320.00"
2019-07-17,2019071701004116,UPPER,45,54,50,284.00,"14,200.00"
2019-07-17,2019071701004102,UPPER,13,54,460,284.00,"130,640.00"
2019-07-17,2019071701004179,UPPER,29,44,40,284.00,"11,360.00"
2019-07-17,2019071701004176,UPPER,29,54,50,284.00,"14,200.00"
2019-07-17,2019071701004175,UPPER,29,32,50,284.00,"14,200.00"
2019-07-17,2019071701003787,ADBL,54,43,53,415.00,"21,995.00"
2019-07-17,2019071701003786,ADBL,54,49,200,415.00,"83,000.00"
2019-07-17,2019071701003785,ADBL,54,29,200,415.00,"83,000.00"
2019-07-17,2019071701003784,ADBL,54,58,377,415.00,"156,455.00"
2019-07-17,2019071701003725,ADBL,49,49,3,415.00,"1,245.00"
2019-07-17,2019071701003719,ADBL,35,39,100,414.00,"41,400.00"
2019-07-17,2019071701003396,ADBL,38,35,130,414.00,"53,820.00"
2019-07-17,2019071701003421,ADBL,29,58,23,415.00,"9,545.00"
2019-07-17,2019071701003417,ADBL,35,29,23,414.00,"9,522.00"
2019-07-17,2019071701003406,ADBL,35,35,"4,850",414.00,"2,007,900.00"
2019-07-17,2019071701003405,ADBL,33,35,150,414.00,"62,100.00"
2019-07-17,2019071701003398,ADBL,33,35,"1,850",414.00,"765,900.00"
2019-07-17,2019071701003397,ADBL,38,35,10,414.00,"4,140.00"
2019-07-17,2019071701003565,AHPC,45,34,39,109.00,"4,251.00"
2019-07-17,2019071701003855,AKJCL,26,26,10,71.00,710.00
2019-07-17,2019071701003851,AKPL,57,14,51,175.00,"8,925.00"
2019-07-17,2019071701003834,AKPL,57,14,103,175.00,"18,025.00"
2019-07-17,2019071701003833,AKPL,54,14,300,176.00,"52,800.00"
2019-07-17,2019071701003832,AKPL,34,14,148,176.00,"26,048.00"
2019-07-17,2019071701003810,AKPL,34,14,551,176.00,"96,976.00"
2019-07-17,2019071701003759,AKPL,34,14,301,176.00,"52,976.00"
2019-07-17,2019071701003736,AKPL,19,14,49,179.00,"8,771.00"
2019-07-17,2019071701003708,AKPL,19,14,451,179.00,"80,729.00"
2019-07-17,2019071701003707,AKPL,41,14,100,179.00,"17,900.00"
2019-07-17,2019071701003568,AKPL,45,7,13,179.00,"2,327.00"
2019-07-17,2019071701003758,AKPL,56,14,100,176.00,"17,600.00"
2019-07-17,2019071701003757,AKPL,39,14,150,177.00,"26,550.00"
2019-07-17,2019071701003749,AKPL,8,14,510,177.00,"90,270.00"
2019-07-17,2019071701003748,AKPL,16,14,33,178.00,"5,874.00"
2019-07-17,2019071701003738,AKPL,16,14,467,178.00,"83,126.00"
2019-07-17,2019071701003737,AKPL,54,14,35,178.00,"6,230.00"
2019-07-17,2019071701003468,API,57,26,32,143.00,"4,576.00"
2019-07-17,2019071701003467,API,57,57,318,143.00,"45,474.00"
2019-07-17,2019071701003741,BFC,13,25,50,102.00,"5,100.00"
2019-07-17,2019071701003549,BNT,49,38,10,"6,860.00","68,600.00"
2019-07-17,2019071701003657,BOKL,7,34,10,261.00,"2,610.00"
2019-07-17,2019071701003416,BOKL,43,34,30,261.00,"7,830.00"
2019-07-17,2019071701003789,BPCL,34,41,70,409.00,"28,630.00"
2019-07-17,2019071701003780,BPCL,34,41,110,409.00,"44,990.00"
2019-07-17,2019071701003774,BPCL,34,46,350,409.00,"143,150.00"
2019-07-17,2019071701003773,BPCL,46,46,100,409.00,"40,900.00"
2019-07-17,2019071701003772,BPCL,46,46,100,409.00,"40,900.00"
2019-07-17,2019071701003764,BPCL,58,41,40,410.00,"16,400.00"
2019-07-17,2019071701003752,BPCL,58,41,60,410.00,"24,600.00"
2019-07-17,2019071701003751,BPCL,20,41,50,410.00,"20,500.00"
2019-07-17,2019071701003669,BPCL,3,13,1,410.00,410.00
2019-07-17,2019071701003668,BPCL,41,13,10,410.00,"4,100.00"
2019-07-17,2019071701003698,CBBL,4,6,100,964.00,"96,400.00"
2019-07-17,2019071701003697,CBBL,4,34,200,964.00,"192,800.00"
2019-07-17,2019071701003696,CBBL,4,33,21,964.00,"20,244.00"
2019-07-17,2019071701003695,CBBL,4,13,59,964.00,"56,876.00"
2019-07-17,2019071701003694,CBBL,4,44,500,963.00,"481,500.00"
2019-07-17,2019071701003693,CBBL,4,55,100,963.00,"96,300.00"
2019-07-17,2019071701003692,CBBL,4,44,200,962.00,"192,400.00"
2019-07-17,2019071701003691,CBBL,4,44,100,960.00,"96,000.00"
2019-07-17,2019071701003729,CBL,57,11,500,158.00,"79,000.00"
2019-07-17,2019071701003728,CBL,57,16,328,158.00,"51,824.00"
2019-07-17,2019071701003545,CBL,35,16,100,158.00,"15,800.00"
2019-07-17,2019071701003544,CBL,11,16,100,158.00,"15,800.00"
2019-07-17,2019071701003543,CBL,39,16,266,158.00,"42,028.00"
2019-07-17,2019071701003542,CBL,6,16,30,158.00,"4,740.00"
2019-07-17,2019071701003535,CBL,14,16,200,158.00,"31,600.00"
2019-07-17,2019071701003534,CBL,56,16,50,158.00,"7,900.00"
2019-07-17,2019071701003533,CBL,57,16,23,158.00,"3,634.00"
2019-07-17,2019071701003541,CBL,29,16,50,158.00,"7,900.00"
2019-07-17,2019071701003540,CBL,29,16,200,158.00,"31,600.00"
2019-07-17,2019071701003539,CBL,28,16,500,158.00,"79,000.00"
2019-07-17,2019071701003538,CBL,14,16,30,158.00,"4,740.00"
2019-07-17,2019071701003537,CBL,21,16,20,158.00,"3,160.00"
2019-07-17,2019071701003536,CBL,57,16,103,158.00,"16,274.00"
2019-07-17,2019071701003807,CBLPO,34,37,"135,507",100.00,"13,550,700.00"
2019-07-17,2019071701003777,CCBL,53,45,500,179.00,"89,500.00"
2019-07-17,2019071701003747,CCBL,17,17,5,175.00,875.00
2019-07-17,2019071701003671,CCBL,17,17,1,179.00,179.00
2019-07-17,2019071701003654,CCBL,45,34,51,178.00,"9,078.00"
2019-07-17,2019071701003653,CCBL,17,34,123,178.00,"21,894.00"
2019-07-17,2019071701003616,CCBL,17,17,1,179.00,179.00
2019-07-17,2019071701003482,CCBL,29,29,1,177.00,177.00
2019-07-17,2019071701003432,CCBL,29,29,1,177.00,177.00
2019-07-17,2019071701003395,CCBL,43,45,30,179.00,"5,370.00"
2019-07-17,2019071701003394,CFCL,13,25,50,122.00,"6,100.00"
2019-07-17,2019071701003393,CFCL,13,25,50,122.00,"6,100.00"
2019-07-17,2019071701003850,CHCL,41,13,10,521.00,"5,210.00"
2019-07-17,2019071701003788,CLBSL,50,54,10,504.00,"5,040.00"
2019-07-17,2019071701003682,CLBSL,50,54,10,504.00,"5,040.00"
2019-07-17,2019071701003576,CLBSL,53,54,10,503.00,"5,030.00"
2019-07-17,2019071701003505,CLBSL,52,54,14,503.00,"7,042.00"
2019-07-17,2019071701003485,CLBSL,52,54,10,503.00,"5,030.00"
2019-07-17,2019071701003477,CLBSL,52,13,11,503.00,"5,533.00"
2019-07-17,2019071701003399,CLBSL,25,54,75,503.00,"37,725.00"
2019-07-17,2019071701003392,CLBSL,25,28,94,503.00,"47,282.00"
2019-07-17,2019071701003699,CORBL,34,42,50,121.00,"6,050.00"
2019-07-17,2019071701003685,CORBL,34,13,80,120.00,"9,600.00"
2019-07-17,2019071701003768,CZBIL,58,37,52,226.00,"11,752.00"
2019-07-17,2019071701003735,CZBIL,34,42,10,227.00,"2,270.00"
2019-07-17,2019071701003734,CZBIL,34,28,500,227.00,"113,500.00"
2019-07-17,2019071701003733,CZBIL,34,19,"1,201",227.00,"272,627.00"
2019-07-17,2019071701003732,CZBIL,34,19,126,227.00,"28,602.00"
2019-07-17,2019071701003731,CZBIL,34,57,"1,000",227.00,"227,000.00"
2019-07-17,2019071701003730,CZBIL,34,57,"1,374",227.00,"311,898.00"
2019-07-17,2019071701003667,CZBIL,58,44,10,226.00,"2,260.00"
2019-07-17,2019071701003652,CZBIL,58,44,10,226.00,"2,260.00"
2019-07-17,2019071701003433,CZBIL,58,56,130,226.00,"29,380.00"
2019-07-17,2019071701003408,CZBIL,22,17,1,226.00,226.00
2019-07-17,2019071701003666,DBBL,37,1,100,147.00,"14,700.00"
2019-07-17,2019071701003665,DBBL,37,57,"1,000",147.00,"147,000.00"
2019-07-17,2019071701003664,DBBL,37,25,200,147.00,"29,400.00"
2019-07-17,2019071701003663,DBBL,37,13,86,147.00,"12,642.00"
2019-07-17,2019071701003662,DBBL,37,56,"1,000",147.00,"147,000.00"
2019-07-17,2019071701003661,DBBL,37,41,12,147.00,"1,764.00"
2019-07-17,2019071701003660,DBBL,37,59,400,147.00,"58,800.00"
2019-07-17,2019071701003659,DBBL,37,38,600,147.00,"88,200.00"
2019-07-17,2019071701003658,DBBL,37,37,281,147.00,"41,307.00"
2019-07-17,2019071701003756,DDBL,4,28,361,733.00,"264,613.00"
2019-07-17,2019071701003755,DDBL,4,41,200,733.00,"146,600.00"
2019-07-17,2019071701003745,DDBL,26,5,198,732.00,"144,936.00"
2019-07-17,2019071701003744,DDBL,26,14,50,731.00,"36,550.00"
2019-07-17,2019071701003841,EBL,28,14,50,674.00,"33,700.00"
2019-07-17,2019071701003816,EBL,50,14,177,674.00,"119,298.00"
2019-07-17,2019071701003814,EBL,28,14,500,674.00,"337,000.00"
2019-07-17,2019071701003723,EBL,36,22,500,673.00,"336,500.00"
2019-07-17,2019071701003420,EBL,35,8,100,672.00,"67,200.00"
2019-07-17,2019071701003742,EIC,51,57,100,369.00,"36,900.00"
2019-07-17,2019071701003598,FMDBL,39,56,288,390.00,"112,320.00"
2019-07-17,2019071701003564,FMDBL,39,17,40,388.00,"15,520.00"
