Date,Transact. No.,Symbol,Buyer,Seller,Quantity,Rate,Amount
2020-07-13,2020071301015420,ADBL,49,34,100,375.00,"37,500.00"
2020-07-13,2020071301015447,AKJCL,48,35,20,48.10,962.00
2020-07-13,2020071301015384,AKJCL,48,35,10,48.10,481.00
2020-07-13,2020071301015115,AKJCL,48,38,10,48.10,481.00
2020-07-13,2020071301015043,AKJCL,48,34,10,48.10,481.00
2020-07-13,2020071301015333,AKPL,55,13,300,118.00,"35,400.00"
2020-07-13,2020071301015052,AKPL,41,55,10,119.00,"1,190.00"
2020-07-13,2020071301015273,ALBSL,16,48,10,772.00,"7,720.00"
2020-07-13,2020071301015272,ALBSL,16,35,11,757.00,"8,327.00"
2020-07-13,2020071301015271,ALBSL,16,35,11,757.00,"8,327.00"
2020-07-13,2020071301015045,ALBSL,16,18,10,757.00,"7,570.00"
2020-07-13,2020071301015469,ALICL,57,43,418,606.00,"253,308.00"
2020-07-13,2020071301015402,ALICL,5,22,100,608.00,"60,800.00"
2020-07-13,2020071301015354,ALICL,57,48,250,606.00,"151,500.00"
2020-07-13,2020071301015318,ALICL,57,45,132,606.00,"79,992.00"
2020-07-13,2020071301015317,ALICL,45,45,168,606.00,"101,808.00"
2020-07-13,2020071301015066,API,58,26,200,107.00,"21,400.00"
2020-07-13,2020071301015027,BFC,7,8,10,89.00,890.00
2020-07-13,2020071301015156,BOKL,34,10,200,214.00,"42,800.00"
2020-07-13,2020071301015155,BOKL,17,10,100,214.00,"21,400.00"
2020-07-13,2020071301015154,BOKL,45,10,200,215.00,"43,000.00"
2020-07-13,2020071301015129,BOKL,8,10,500,215.00,"107,500.00"
2020-07-13,2020071301015097,BOKL,51,10,50,215.00,"10,750.00"
2020-07-13,2020071301015096,BOKL,1,10,450,215.00,"96,750.00"
2020-07-13,2020071301015087,BOKL,1,10,50,215.00,"10,750.00"
2020-07-13,2020071301015086,BOKL,51,10,300,215.00,"64,500.00"
2020-07-13,2020071301015085,BOKL,58,10,50,215.00,"10,750.00"
2020-07-13,2020071301015084,BOKL,34,10,50,215.00,"10,750.00"
2020-07-13,2020071301015083,BOKL,40,10,50,215.00,"10,750.00"
2020-07-13,2020071301015446,CBBL,41,43,100,"1,087.00","108,700.00"
2020-07-13,2020071301015421,CBBL,38,11,85,"1,091.00","92,735.00"
2020-07-13,2020071301015418,CBBL,35,43,386,"1,090.00","420,740.00"
2020-07-13,2020071301015367,CBBL,35,49,114,"1,090.00","124,260.00"
2020-07-13,2020071301015366,CBBL,43,49,886,"1,090.00","965,740.00"
2020-07-13,2020071301015365,CBBL,43,34,50,"1,090.00","54,500.00"
2020-07-13,2020071301015364,CBBL,43,22,100,"1,089.00","108,900.00"
2020-07-13,2020071301015363,CBBL,43,48,64,"1,088.00","69,632.00"
2020-07-13,2020071301015303,CBBL,49,49,500,"1,088.00","544,000.00"
2020-07-13,2020071301015350,CHCL,8,43,150,382.00,"57,300.00"
2020-07-13,2020071301015136,CHCL,8,22,164,381.00,"62,484.00"
2020-07-13,2020071301015135,CHCL,26,22,50,381.00,"19,050.00"
2020-07-13,2020071301015065,CHCL,8,43,300,382.00,"114,600.00"
2020-07-13,2020071301015064,CHCL,48,43,30,382.00,"11,460.00"
2020-07-13,2020071301015063,CHCL,6,43,130,382.00,"49,660.00"
2020-07-13,2020071301015468,CIT,1,43,37,"2,450.00","90,650.00"
2020-07-13,2020071301015196,CIT,1,26,63,"2,450.00","154,350.00"
2020-07-13,2020071301015195,CIT,41,26,10,"2,450.00","24,500.00"
2020-07-13,2020071301015194,CIT,35,26,20,"2,450.00","49,000.00"
2020-07-13,2020071301015193,CIT,45,26,50,"2,451.00","122,550.00"
2020-07-13,2020071301015257,CLBSL,22,7,26,688.00,"17,888.00"
2020-07-13,2020071301015256,CLBSL,22,57,10,682.00,"6,820.00"
2020-07-13,2020071301015235,CLBSL,38,57,20,682.00,"13,640.00"
2020-07-13,2020071301015200,CLBSL,45,53,50,682.00,"34,100.00"
2020-07-13,2020071301015377,CZBIL,56,38,200,185.00,"37,000.00"
2020-07-13,2020071301015376,CZBIL,26,38,50,185.00,"9,250.00"
2020-07-13,2020071301015060,EBL,59,33,450,663.00,"298,350.00"
2020-07-13,2020071301015138,EDBL,19,4,78,295.00,"23,010.00"
2020-07-13,2020071301015137,EDBL,34,4,522,295.00,"153,990.00"
2020-07-13,2020071301015277,EIC,59,35,67,407.00,"27,269.00"
2020-07-13,2020071301015090,EIC,59,16,"1,000",407.00,"407,000.00"
2020-07-13,2020071301015484,FMDBL,28,39,100,540.00,"54,000.00"
2020-07-13,2020071301015456,FMDBL,50,39,50,540.00,"27,000.00"
2020-07-13,2020071301015375,FMDBL,57,38,531,539.00,"286,209.00"
2020-07-13,2020071301015306,FMDBL,57,39,80,539.00,"43,120.00"
2020-07-13,2020071301015262,FMDBL,35,39,100,540.00,"54,000.00"
2020-07-13,2020071301015241,FMDBL,1,39,460,540.00,"248,400.00"
2020-07-13,2020071301015218,FMDBL,1,26,40,540.00,"21,600.00"
2020-07-13,2020071301015217,FMDBL,52,26,40,540.00,"21,600.00"
2020-07-13,2020071301015343,FOWAD,45,19,50,"1,590.00","79,500.00"
2020-07-13,2020071301015342,FOWAD,45,42,13,"1,590.00","20,670.00"
2020-07-13,2020071301015341,FOWAD,45,47,22,"1,587.00","34,914.00"
2020-07-13,2020071301015340,FOWAD,45,46,48,"1,584.00","76,032.00"
2020-07-13,2020071301015285,FOWAD,44,3,33,"1,570.00","51,810.00"
2020-07-13,2020071301015284,FOWAD,56,3,50,"1,571.00","78,550.00"
2020-07-13,2020071301015283,FOWAD,16,3,50,"1,572.00","78,600.00"
2020-07-13,2020071301015177,FOWAD,26,46,72,"1,586.00","114,192.00"
2020-07-13,2020071301015397,GBIME,59,28,10,241.00,"2,410.00"
2020-07-13,2020071301015401,GBLBS,58,48,10,526.00,"5,260.00"
2020-07-13,2020071301015400,GBLBS,58,48,50,525.00,"26,250.00"
2020-07-13,2020071301015399,GBLBS,58,51,50,525.00,"26,250.00"
2020-07-13,2020071301015398,GBLBS,58,57,100,523.00,"52,300.00"
2020-07-13,2020071301015362,GBLBS,58,34,10,520.00,"5,200.00"
2020-07-13,2020071301015361,GBLBS,58,36,200,520.00,"104,000.00"
2020-07-13,2020071301015029,GBLBS,44,45,500,514.00,"257,000.00"
2020-07-13,2020071301015028,GBLBS,44,44,200,514.00,"102,800.00"
2020-07-13,2020071301015130,GBLBS,58,41,65,517.00,"33,605.00"
2020-07-13,2020071301015054,GBLBS,39,26,100,515.00,"51,500.00"
2020-07-13,2020071301015033,GBLBS,39,49,"1,000",515.00,"515,000.00"
2020-07-13,2020071301015032,GBLBS,39,3,15,515.00,"7,725.00"
2020-07-13,2020071301015031,GBLBS,39,57,500,515.00,"257,500.00"
2020-07-13,2020071301015030,GBLBS,44,48,300,515.00,"154,500.00"
2020-07-13,2020071301015360,GBLBS,58,38,15,520.00,"7,800.00"
2020-07-13,2020071301015359,GBLBS,58,54,15,520.00,"7,800.00"
2020-07-13,2020071301015358,GBLBS,58,52,35,520.00,"18,200.00"
2020-07-13,2020071301015133,GBLBS,58,52,15,520.00,"7,800.00"
2020-07-13,2020071301015132,GBLBS,58,41,10,519.00,"5,190.00"
2020-07-13,2020071301015131,GBLBS,58,48,45,518.00,"23,310.00"
2020-07-13,2020071301015428,GGBSL,3,56,50,794.00,"39,700.00"
2020-07-13,2020071301015282,GHL,25,34,20,52.00,"1,040.00"
2020-07-13,2020071301015419,GLBSL,43,45,95,717.00,"68,115.00"
2020-07-13,2020071301015019,GLICL,57,22,100,481.00,"48,100.00"
2020-07-13,2020071301015380,GMFBS,1,29,10,835.00,"8,350.00"
2020-07-13,2020071301015442,HDL,53,22,25,"1,637.00","40,925.00"
2020-07-13,2020071301015441,HDL,53,45,10,"1,636.00","16,360.00"
2020-07-13,2020071301015440,HDL,53,57,65,"1,630.00","105,950.00"
2020-07-13,2020071301015314,HDL,14,28,90,"1,627.00","146,430.00"
2020-07-13,2020071301015313,HDL,45,28,10,"1,627.00","16,270.00"
2020-07-13,2020071301015071,HDL,53,37,50,"1,630.00","81,500.00"
2020-07-13,2020071301015044,HDL,45,56,50,"1,630.00","81,500.00"
2020-07-13,2020071301015414,HGI,22,48,10,420.00,"4,200.00"
2020-07-13,2020071301015368,HGI,42,45,50,418.00,"20,900.00"
2020-07-13,2020071301015050,HGI,42,38,150,418.00,"62,700.00"
2020-07-13,2020071301015345,HIDCL,6,44,13,131.00,"1,703.00"
2020-07-13,2020071301015247,HPPL,45,14,20,138.00,"2,760.00"
2020-07-13,2020071301015413,ILBS,56,3,10,817.00,"8,170.00"
2020-07-13,2020071301015338,ILBS,56,42,10,810.00,"8,100.00"
2020-07-13,2020071301015315,ILBS,56,38,10,805.00,"8,050.00"
2020-07-13,2020071301015053,ILBS,45,51,10,803.00,"8,030.00"
2020-07-13,2020071301014994,JBBL,29,29,1,163.00,163.00
2020-07-13,2020071301015407,JSLBB,14,37,20,"1,670.00","33,400.00"
2020-07-13,2020071301015302,JSLBB,5,45,50,"1,650.00","82,500.00"
2020-07-13,2020071301015252,JSLBB,7,37,10,"1,670.00","16,700.00"
2020-07-13,2020071301015134,KBL,52,58,"3,000",185.00,"555,000.00"
2020-07-13,2020071301015023,KMCDB,52,38,10,799.00,"7,990.00"
2020-07-13,2020071301015459,KPCL,25,56,10,105.00,"1,050.00"
2020-07-13,2020071301015426,KPCL,26,29,10,102.00,"1,020.00"
2020-07-13,2020071301015347,KPCL,26,35,10,102.00,"1,020.00"
2020-07-13,2020071301015202,KPCL,26,32,10,102.00,"1,020.00"
2020-07-13,2020071301015438,LBBL,8,25,500,180.00,"90,000.00"
2020-07-13,2020071301015330,LBBL,21,17,10,181.00,"1,810.00"
2020-07-13,2020071301015230,LBBL,47,11,133,179.00,"23,807.00"
2020-07-13,2020071301015229,LBBL,56,11,100,179.00,"17,900.00"
2020-07-13,2020071301015228,LBBL,14,11,400,179.00,"71,600.00"
2020-07-13,2020071301015227,LBBL,32,11,235,179.00,"42,065.00"
2020-07-13,2020071301015226,LBBL,41,11,98,179.00,"17,542.00"
2020-07-13,2020071301015307,LBL,29,35,160,214.00,"34,240.00"
2020-07-13,2020071301015462,LEMF,21,55,"1,000",8.33,"8,330.00"
2020-07-13,2020071301015479,LICN,34,45,170,"1,338.00","227,460.00"
2020-07-13,2020071301015371,LLBS,16,25,10,"1,164.00","11,640.00"
2020-07-13,2020071301015079,LLBS,45,49,50,"1,142.00","57,100.00"
2020-07-13,2020071301015078,LLBS,45,34,50,"1,141.00","57,050.00"
2020-07-13,2020071301015077,LLBS,45,14,100,"1,140.00","114,000.00"
2020-07-13,2020071301015076,LLBS,45,58,100,"1,140.00","114,000.00"
2020-07-13,2020071301015075,LLBS,45,43,30,"1,139.00","34,170.00"
2020-07-13,2020071301015074,LLBS,45,13,200,"1,137.00","227,400.00"
2020-07-13,2020071301015026,LLBS,45,25,50,"1,130.00","56,500.00"
2020-07-13,2020071301015025,LLBS,45,18,27,"1,130.00","30,510.00"
2020-07-13,2020071301015024,LLBS,45,45,200,"1,125.00","225,000.00"
2020-07-13,2020071301015403,MBL,33,14,10,217.00,"2,170.00"
2020-07-13,2020071301015383,MBL,33,37,10,218.00,"2,180.00"
2020-07-13,2020071301015244,MBL,18,33,315,215.00,"67,725.00"
2020-07-13,2020071301015243,MBL,34,33,120,215.00,"25,800.00"
2020-07-13,2020071301015467,MEGA,43,1,10,208.00,"2,080.00"
2020-07-13,2020071301015466,MEGA,43,34,100,207.00,"20,700.00"
2020-07-13,2020071301015465,MEGA,43,33,10,207.00,"2,070.00"
2020-07-13,2020071301015464,MEGA,43,48,190,207.00,"39,330.00"
2020-07-13,2020071301015017,MEGA,51,38,240,206.00,"49,440.00"
2020-07-13,2020071301015016,MEGA,13,38,100,206.00,"20,600.00"
2020-07-13,2020071301015015,MEGA,32,38,160,206.00,"32,960.00"
2020-07-13,2020071301015205,MEGA,43,48,10,207.00,"2,070.00"
2020-07-13,2020071301015336,MERO,57,43,88,654.00,"57,552.00"
2020-07-13,2020071301015331,MERO,35,38,40,655.00,"26,200.00"
2020-07-13,2020071301015163,MFIL,43,42,10,305.00,"3,050.00"
2020-07-13,2020071301015162,MFIL,43,58,63,304.00,"19,152.00"
2020-07-13,2020071301015022,MFIL,43,58,63,304.00,"19,152.00"
2020-07-13,2020071301015021,MFIL,43,16,400,301.00,"120,400.00"
2020-07-13,2020071301015020,MFIL,43,16,100,300.00,"30,000.00"
2020-07-13,2020071301015265,MLBBL,45,50,240,812.00,"194,880.00"
2020-07-13,2020071301015264,MLBBL,45,33,100,812.00,"81,200.00"
2020-07-13,2020071301015240,MLBBL,45,28,100,811.00,"81,100.00"
2020-07-13,2020071301015239,MLBBL,45,33,41,810.00,"33,210.00"
2020-07-13,2020071301015238,MLBBL,45,51,236,809.00,"190,924.00"
2020-07-13,2020071301015237,MLBBL,45,14,100,808.00,"80,800.00"
2020-07-13,2020071301015236,MLBBL,45,32,15,808.00,"12,120.00"
2020-07-13,2020071301015206,MLBBL,45,41,32,807.00,"25,824.00"
2020-07-13,2020071301015186,MLBBL,45,22,46,806.00,"37,076.00"
2020-07-13,2020071301015225,MNBBL,25,13,50,308.00,"15,400.00"
2020-07-13,2020071301015072,MSMBS,49,51,50,704.00,"35,200.00"
2020-07-13,2020071301015346,NABIL,10,45,15,742.00,"11,130.00"
2020-07-13,2020071301015174,NABIL,10,25,48,742.00,"35,616.00"
2020-07-13,2020071301015173,NABIL,49,25,50,742.00,"37,100.00"
2020-07-13,2020071301015172,NABIL,16,25,20,742.00,"14,840.00"
2020-07-13,2020071301015171,NABIL,49,25,18,743.00,"13,374.00"
2020-07-13,2020071301015170,NABIL,25,25,20,743.00,"14,860.00"
2020-07-13,2020071301015169,NABIL,14,25,37,743.00,"27,491.00"
2020-07-13,2020071301015168,NABIL,54,25,30,743.00,"22,290.00"
2020-07-13,2020071301015167,NABIL,11,25,77,743.00,"57,211.00"
2020-07-13,2020071301015143,NABIL,42,29,30,744.00,"22,320.00"
2020-07-13,2020071301015142,NABIL,45,29,94,744.00,"69,936.00"
2020-07-13,2020071301015013,NABIL,45,42,10,744.00,"7,440.00"
2020-07-13,2020071301015393,NADEP,36,5,10,661.00,"6,610.00"
2020-07-13,2020071301015486,NBB,44,54,100,198.00,"19,800.00"
2020-07-13,2020071301015458,NBB,44,3,300,197.00,"59,100.00"
2020-07-13,2020071301015253,NBB,46,38,500,196.00,"98,000.00"
2020-07-13,2020071301015095,NBB,44,54,100,198.00,"19,800.00"
2020-07-13,2020071301015094,NBB,44,44,"2,000",197.00,"394,000.00"
2020-07-13,2020071301015491,NBL,33,44,200,240.00,"48,000.00"
2020-07-13,2020071301015490,NBL,33,44,"1,700",239.00,"406,300.00"
2020-07-13,2020071301015482,NBL,45,44,100,239.00,"23,900.00"
2020-07-13,2020071301015312,NBL,49,44,50,239.00,"11,950.00"
2020-07-13,2020071301015311,NBL,26,44,150,239.00,"35,850.00"
2020-07-13,2020071301015232,NBL,26,22,150,239.00,"35,850.00"
2020-07-13,2020071301015231,NBL,49,22,150,239.00,"35,850.00"
2020-07-13,2020071301014998,NBL,45,44,22,240.00,"5,280.00"
2020-07-13,2020071301015434,NCCB,44,58,10,185.00,"1,850.00"
2020-07-13,2020071301015326,NCCB,44,58,23,185.00,"4,255.00"
2020-07-13,2020071301015325,NCCB,44,14,67,185.00,"12,395.00"
2020-07-13,2020071301015324,NCCB,44,25,10,185.00,"1,850.00"
2020-07-13,2020071301015309,NCCB,44,21,338,184.00,"62,192.00"
2020-07-13,2020071301015292,NCCB,44,41,92,183.00,"16,836.00"
2020-07-13,2020071301015291,NCCB,44,25,109,183.00,"19,947.00"
2020-07-13,2020071301015290,NCCB,44,58,100,183.00,"18,300.00"
2020-07-13,2020071301015289,NCCB,44,59,100,183.00,"18,300.00"
2020-07-13,2020071301015288,NCCB,44,26,27,183.00,"4,941.00"
2020-07-13,2020071301015287,NCCB,44,29,"1,571",183.00,"287,493.00"
2020-07-13,2020071301015267,NCCB,58,29,10,183.00,"1,830.00"
2020-07-13,2020071301015461,NIB,35,17,15,434.00,"6,510.00"
2020-07-13,2020071301015460,NIB,57,17,64,435.00,"27,840.00"
2020-07-13,2020071301015450,NIB,32,38,200,437.00,"87,400.00"
2020-07-13,2020071301015378,NIB,57,45,15,435.00,"6,525.00"
2020-07-13,2020071301015356,NIB,57,58,21,435.00,"9,135.00"
2020-07-13,2020071301015355,NIB,6,58,82,435.00,"35,670.00"
2020-07-13,2020071301015091,NIB,6,42,15,435.00,"6,525.00"
2020-07-13,2020071301015406,NICA,33,28,500,516.00,"258,000.00"
2020-07-13,2020071301015370,NICA,44,29,250,515.00,"128,750.00"
2020-07-13,2020071301015208,NICA,34,29,"1,750",516.00,"903,000.00"
2020-07-13,2020071301015059,NICA,34,26,100,516.00,"51,600.00"
2020-07-13,2020071301014993,NICA,34,42,150,516.00,"77,400.00"
2020-07-13,2020071301014992,NICA,58,42,50,516.00,"25,800.00"
2020-07-13,2020071301015433,NICL,43,33,10,455.00,"4,550.00"
2020-07-13,2020071301015151,NICL,49,57,100,453.00,"45,300.00"
2020-07-13,2020071301015445,NIL,13,25,10,612.00,"6,120.00"
2020-07-13,2020071301015425,NIL,41,25,60,612.00,"36,720.00"
2020-07-13,2020071301015198,NIL,5,35,95,611.00,"58,045.00"
2020-07-13,2020071301015485,NLIC,49,16,100,"1,265.00","126,500.00"
2020-07-13,2020071301015463,NLIC,35,16,40,"1,265.00","50,600.00"
2020-07-13,2020071301015455,NLIC,3,16,50,"1,265.00","63,250.00"
2020-07-13,2020071301015454,NLIC,5,16,50,"1,265.00","63,250.00"
2020-07-13,2020071301015453,NLIC,36,16,200,"1,265.00","253,000.00"
2020-07-13,2020071301015452,NLIC,5,16,200,"1,265.00","253,000.00"
2020-07-13,2020071301015035,NLIC,42,4,50,"1,268.00","63,400.00"
2020-07-13,2020071301015034,NLIC,32,4,417,"1,268.00","528,756.00"
2020-07-13,2020071301015014,NLIC,49,49,"2,000","1,268.00","2,536,000.00"
2020-07-13,2020071301015002,NLIC,32,59,83,"1,268.00","105,244.00"
2020-07-13,2020071301015001,NLIC,16,59,200,"1,269.00","253,800.00"
2020-07-13,2020071301015000,NLIC,22,59,17,"1,269.00","21,573.00"
2020-07-13,2020071301015041,NLIC,52,4,100,"1,266.00","126,600.00"
2020-07-13,2020071301015040,NLIC,52,4,23,"1,266.00","29,118.00"
2020-07-13,2020071301015039,NLIC,33,4,50,"1,267.00","63,350.00"
2020-07-13,2020071301015038,NLIC,6,4,100,"1,267.00","126,700.00"
2020-07-13,2020071301015037,NLIC,37,4,100,"1,267.00","126,700.00"
2020-07-13,2020071301015036,NLIC,58,4,30,"1,268.00","38,040.00"
2020-07-13,2020071301015116,NLIC,59,4,430,"1,266.00","544,380.00"
2020-07-13,2020071301015058,NLIC,45,4,70,"1,266.00","88,620.00"
2020-07-13,2020071301015057,NLIC,35,45,18,"1,270.00","22,860.00"
2020-07-13,2020071301015056,NLIC,35,6,22,"1,270.00","27,940.00"
2020-07-13,2020071301015055,NLIC,45,5,800,"1,266.00","1,012,800.00"
2020-07-13,2020071301015042,NLIC,45,4,130,"1,266.00","164,580.00"
2020-07-13,2020071301015255,NLIC,34,59,50,"1,268.00","63,400.00"
2020-07-13,2020071301015254,NLIC,34,48,150,"1,267.00","190,050.00"
2020-07-13,2020071301015251,NLIC,49,6,22,"1,266.00","27,852.00"
2020-07-13,2020071301015220,NLIC,49,53,47,"1,266.00","59,502.00"
2020-07-13,2020071301015219,NLIC,59,53,53,"1,266.00","67,098.00"
2020-07-13,2020071301015119,NLIC,59,29,17,"1,266.00","21,522.00"
2020-07-13,2020071301015328,NLIC,22,6,22,"1,266.00","27,852.00"
2020-07-13,2020071301015327,NLIC,22,6,22,"1,266.00","27,852.00"
2020-07-13,2020071301015321,NLIC,39,6,22,"1,265.00","27,830.00"
2020-07-13,2020071301015316,NLIC,39,6,22,"1,265.00","27,830.00"
2020-07-13,2020071301015281,NLIC,39,6,22,"1,265.00","27,830.00"
2020-07-13,2020071301015259,NLIC,49,6,22,"1,266.00","27,852.00"
2020-07-13,2020071301015373,NLIC,49,6,10,"1,265.00","12,650.00"
2020-07-13,2020071301015372,NLIC,39,6,12,"1,265.00","15,180.00"
2020-07-13,2020071301015357,NLIC,39,6,22,"1,265.00","27,830.00"
2020-07-13,2020071301015337,NLIC,39,6,22,"1,265.00","27,830.00"
2020-07-13,2020071301015335,NLIC,39,6,22,"1,265.00","27,830.00"
2020-07-13,2020071301015329,NLIC,39,56,55,"1,265.00","69,575.00"
2020-07-13,2020071301015451,NLIC,53,16,110,"1,268.00","139,480.00"
2020-07-13,2020071301015439,NLIC,53,59,40,"1,268.00","50,720.00"
2020-07-13,2020071301015424,NLIC,57,14,10,"1,265.00","12,650.00"
2020-07-13,2020071301015423,NLIC,49,14,90,"1,265.00","113,850.00"
2020-07-13,2020071301015417,NLIC,49,6,22,"1,265.00","27,830.00"
2020-07-13,2020071301015374,NLIC,58,59,10,"1,268.00","12,680.00"
2020-07-13,2020071301015339,NLICL,57,44,205,663.00,"135,915.00"
2020-07-13,2020071301015152,NLICL,57,46,100,663.00,"66,300.00"
2020-07-13,2020071301015125,NLICL,57,44,695,663.00,"460,785.00"
2020-07-13,2020071301015124,NLICL,19,44,305,663.00,"202,215.00"
2020-07-13,2020071301015073,NLICL,14,44,50,665.00,"33,250.00"
2020-07-13,2020071301015049,NLICL,58,44,25,665.00,"16,625.00"
2020-07-13,2020071301015048,NLICL,1,44,370,665.00,"246,050.00"
2020-07-13,2020071301015391,NMB,41,4,873,382.00,"333,486.00"
2020-07-13,2020071301015390,NMB,56,4,100,382.00,"38,200.00"
2020-07-13,2020071301015389,NMB,42,4,350,382.00,"133,700.00"
2020-07-13,2020071301015388,NMB,6,4,500,382.00,"191,000.00"
2020-07-13,2020071301015387,NMB,47,4,41,382.00,"15,662.00"
2020-07-13,2020071301015386,NMB,41,4,136,383.00,"52,088.00"
2020-07-13,2020071301015379,NMB,41,33,364,383.00,"139,412.00"
2020-07-13,2020071301015213,NMB,45,33,426,383.00,"163,158.00"
2020-07-13,2020071301015188,NMB,45,35,44,383.00,"16,852.00"
2020-07-13,2020071301015018,NMB,45,45,30,383.00,"11,490.00"
2020-07-13,2020071301015344,NMBMF,43,14,100,804.00,"80,400.00"
2020-07-13,2020071301015483,NRIC,28,58,50,508.00,"25,400.00"
2020-07-13,2020071301015481,NRIC,28,35,10,508.00,"5,080.00"
2020-07-13,2020071301015478,NRIC,28,45,50,508.00,"25,400.00"
2020-07-13,2020071301015396,NRIC,28,26,40,508.00,"20,320.00"
2020-07-13,2020071301015395,NRIC,6,26,10,508.00,"5,080.00"
2020-07-13,2020071301015385,NRIC,6,34,"1,000",508.00,"508,000.00"
2020-07-13,2020071301015012,NRIC,34,38,40,507.00,"20,280.00"
2020-07-13,2020071301015003,NRIC,34,56,50,507.00,"25,350.00"
2020-07-13,2020071301015100,NRIC,34,21,40,507.00,"20,280.00"
2020-07-13,2020071301015099,NRIC,34,56,10,507.00,"5,070.00"
2020-07-13,2020071301015092,NRIC,34,38,50,507.00,"25,350.00"
2020-07-13,2020071301015069,NRIC,34,49,40,507.00,"20,280.00"
2020-07-13,2020071301015047,NRIC,34,38,50,507.00,"25,350.00"
2020-07-13,2020071301015046,NRIC,34,34,40,507.00,"20,280.00"
2020-07-13,2020071301015108,NRIC,6,58,40,508.00,"20,320.00"
2020-07-13,2020071301015107,NRIC,6,39,40,508.00,"20,320.00"
2020-07-13,2020071301015106,NRIC,6,58,40,508.00,"20,320.00"
2020-07-13,2020071301015105,NRIC,6,58,40,508.00,"20,320.00"
2020-07-13,2020071301015104,NRIC,6,58,50,508.00,"25,400.00"
2020-07-13,2020071301015103,NRIC,6,58,40,508.00,"20,320.00"
2020-07-13,2020071301015117,NRIC,6,48,50,508.00,"25,400.00"
2020-07-13,2020071301015113,NRIC,6,58,40,508.00,"20,320.00"
2020-07-13,2020071301015112,NRIC,6,39,40,508.00,"20,320.00"
2020-07-13,2020071301015111,NRIC,6,58,40,508.00,"20,320.00"
2020-07-13,2020071301015110,NRIC,6,58,40,508.00,"20,320.00"
2020-07-13,2020071301015109,NRIC,6,58,40,508.00,"20,320.00"
2020-07-13,2020071301015182,NRIC,50,58,40,509.00,"20,360.00"
2020-07-13,2020071301015179,NRIC,6,34,40,508.00,"20,320.00"
2020-07-13,2020071301015157,NRIC,6,5,40,508.00,"20,320.00"
2020-07-13,2020071301015150,NRIC,6,58,40,509.00,"20,360.00"
2020-07-13,2020071301015149,NRIC,6,13,160,509.00,"81,440.00"
2020-07-13,2020071301015145,NRIC,6,35,10,508.00,"5,080.00"
2020-07-13,2020071301015199,NRIC,6,49,40,508.00,"20,320.00"
2020-07-13,2020071301015197,NRIC,6,34,"1,000",508.00,"508,000.00"
2020-07-13,2020071301015189,NRIC,6,58,50,508.00,"25,400.00"
2020-07-13,2020071301015185,NRIC,50,4,130,509.00,"66,170.00"
2020-07-13,2020071301015184,NRIC,50,58,40,509.00,"20,360.00"
2020-07-13,2020071301015183,NRIC,50,58,40,509.00,"20,360.00"
2020-07-13,2020071301015268,NRIC,6,34,40,508.00,"20,320.00"
2020-07-13,2020071301015266,NRIC,6,35,30,508.00,"15,240.00"
2020-07-13,2020071301015234,NRIC,6,58,40,508.00,"20,320.00"
2020-07-13,2020071301015223,NRIC,6,48,40,508.00,"20,320.00"
2020-07-13,2020071301015212,NRIC,6,34,40,508.00,"20,320.00"
2020-07-13,2020071301015209,NRIC,33,4,100,509.00,"50,900.00"
2020-07-13,2020071301015320,NRIC,6,54,40,508.00,"20,320.00"
2020-07-13,2020071301015304,NRIC,28,4,500,509.00,"254,500.00"
2020-07-13,2020071301015301,NRIC,6,36,"1,700",508.00,"863,600.00"
2020-07-13,2020071301015300,NRIC,6,48,40,508.00,"20,320.00"
2020-07-13,2020071301015274,NRIC,6,54,40,508.00,"20,320.00"
2020-07-13,2020071301015269,NRIC,6,43,200,508.00,"101,600.00"
2020-07-13,2020071301015382,NRIC,36,34,730,509.00,"371,570.00"
2020-07-13,2020071301015381,NRIC,36,4,"1,270",509.00,"646,430.00"
2020-07-13,2020071301015353,NRIC,6,29,50,508.00,"25,400.00"
2020-07-13,2020071301015334,NRIC,6,8,40,508.00,"20,320.00"
2020-07-13,2020071301015332,NRIC,6,43,"1,000",508.00,"508,000.00"
2020-07-13,2020071301015322,NRIC,6,35,10,508.00,"5,080.00"
2020-07-13,2020071301015487,NTC,17,52,10,636.00,"6,360.00"
2020-07-13,2020071301015427,NUBL,28,34,170,980.00,"166,600.00"
2020-07-13,2020071301015293,NUBL,35,34,90,980.00,"88,200.00"
2020-07-13,2020071301015114,OHL,34,34,22,306.00,"6,732.00"
2020-07-13,2020071301015088,OHL,49,34,100,309.00,"30,900.00"
2020-07-13,2020071301014997,OHL,34,34,12,306.00,"3,672.00"
2020-07-13,2020071301014996,OHL,35,34,10,307.00,"3,070.00"
2020-07-13,2020071301015422,PCBL,11,57,98,252.00,"24,696.00"
2020-07-13,2020071301015323,PCBL,11,58,500,252.00,"126,000.00"
2020-07-13,2020071301015308,PCBL,11,58,104,252.00,"26,208.00"
2020-07-13,2020071301015297,PCBL,45,58,200,252.00,"50,400.00"
2020-07-13,2020071301015296,PCBL,25,58,"1,000",252.00,"252,000.00"
2020-07-13,2020071301015295,PCBL,1,58,500,252.00,"126,000.00"
2020-07-13,2020071301015120,PCBL,54,58,114,253.00,"28,842.00"
2020-07-13,2020071301015294,PCBL,1,58,196,252.00,"49,392.00"
2020-07-13,2020071301015261,PCBL,21,44,886,253.00,"224,158.00"
2020-07-13,2020071301015260,PCBL,21,58,114,253.00,"28,842.00"
2020-07-13,2020071301015181,PCBL,1,8,304,252.00,"76,608.00"
2020-07-13,2020071301015180,PCBL,11,8,643,252.00,"162,036.00"
2020-07-13,2020071301015121,PCBL,54,58,886,253.00,"224,158.00"
2020-07-13,2020071301015488,PIC,34,34,20,610.00,"12,200.00"
2020-07-13,2020071301015436,PIC,34,57,500,612.00,"306,000.00"
2020-07-13,2020071301015275,PIC,10,57,300,613.00,"183,900.00"
2020-07-13,2020071301015068,PIC,34,6,100,618.00,"61,800.00"
2020-07-13,2020071301015319,PMHPL,41,34,10,69.00,690.00
2020-07-13,2020071301015082,PMHPL,22,5,10,70.00,700.00
2020-07-13,2020071301015299,PPCL,14,35,10,107.00,"1,070.00"
2020-07-13,2020071301015178,PPCL,14,35,10,107.00,"1,070.00"
2020-07-13,2020071301014999,PPCL,14,34,10,107.00,"1,070.00"
2020-07-13,2020071301015412,PRIN,25,44,100,465.00,"46,500.00"
2020-07-13,2020071301015411,PRIN,5,44,300,465.00,"139,500.00"
2020-07-13,2020071301015410,PRIN,14,44,100,466.00,"46,600.00"
2020-07-13,2020071301015409,PRIN,16,44,80,466.00,"37,280.00"
2020-07-13,2020071301015394,PRIN,16,4,20,466.00,"9,320.00"
2020-07-13,2020071301015298,PRIN,59,4,500,467.00,"233,500.00"
2020-07-13,2020071301015416,PRVU,41,45,10,225.00,"2,250.00"
2020-07-13,2020071301015392,PRVU,54,46,500,226.00,"113,000.00"
2020-07-13,2020071301015305,PRVU,41,52,23,225.00,"5,175.00"
2020-07-13,2020071301015246,PRVU,14,46,986,226.00,"222,836.00"
2020-07-13,2020071301015245,PRVU,14,55,14,226.00,"3,164.00"
2020-07-13,2020071301015089,PRVU,41,45,504,225.00,"113,400.00"
2020-07-13,2020071301015070,PRVU,29,29,1,221.00,221.00
2020-07-13,2020071301015216,RADHI,38,14,10,179.00,"1,790.00"
2020-07-13,2020071301015009,RADHI,38,59,10,176.00,"1,760.00"
2020-07-13,2020071301015470,RHPC,37,21,200,82.00,"16,400.00"
2020-07-13,2020071301015351,RHPL,45,17,50,152.00,"7,600.00"
2020-07-13,2020071301015270,RHPL,45,35,10,152.00,"1,520.00"
2020-07-13,2020071301015201,RHPL,45,35,10,152.00,"1,520.00"
2020-07-13,2020071301015175,RHPL,45,29,10,152.00,"1,520.00"
2020-07-13,2020071301015004,RLFL,57,52,10,124.00,"1,240.00"
2020-07-13,2020071301015352,RMDC,50,22,150,701.00,"105,150.00"
2020-07-13,2020071301015349,RMDC,18,43,969,697.00,"675,393.00"
2020-07-13,2020071301015348,RMDC,58,43,75,698.00,"52,350.00"
2020-07-13,2020071301015280,RMDC,58,22,100,701.00,"70,100.00"
2020-07-13,2020071301015279,RMDC,58,58,270,701.00,"189,270.00"
2020-07-13,2020071301015192,RMDC,58,29,25,698.00,"17,450.00"
2020-07-13,2020071301014995,RMDC,58,58,30,701.00,"21,030.00"
2020-07-13,2020071301015430,SABSL,32,52,16,817.00,"13,072.00"
2020-07-13,2020071301015429,SABSL,32,25,200,817.00,"163,400.00"
2020-07-13,2020071301015203,SABSL,35,5,11,803.00,"8,833.00"
2020-07-13,2020071301015432,SAND2085,49,43,25,"1,056.00","26,400.00"
2020-07-13,2020071301015431,SAND2085,49,11,25,"1,055.00","26,375.00"
2020-07-13,2020071301015471,SBI,58,34,200,414.00,"82,800.00"
2020-07-13,2020071301015191,SBL,46,14,500,285.00,"142,500.00"
2020-07-13,2020071301015190,SBL,49,14,382,285.00,"108,870.00"
2020-07-13,2020071301015008,SBL,49,10,118,285.00,"33,630.00"
2020-07-13,2020071301015007,SBL,39,10,313,285.00,"89,205.00"
2020-07-13,2020071301015176,SCB,44,39,100,625.00,"62,500.00"
2020-07-13,2020071301015062,SCB,49,59,50,618.00,"30,900.00"
2020-07-13,2020071301015061,SCB,43,59,80,618.00,"49,440.00"
2020-07-13,2020071301015118,SHINE,33,4,"1,148",220.00,"252,560.00"
2020-07-13,2020071301015310,SHIVM,10,58,520,601.00,"312,520.00"
2020-07-13,2020071301015286,SHIVM,10,25,50,601.00,"30,050.00"
2020-07-13,2020071301015278,SHIVM,10,4,"3,000",601.00,"1,803,000.00"
2020-07-13,2020071301015415,SHPC,28,26,70,228.00,"15,960.00"
2020-07-13,2020071301015161,SHPC,28,26,915,228.00,"208,620.00"
2020-07-13,2020071301015160,SHPC,28,50,70,228.00,"15,960.00"
2020-07-13,2020071301015159,SHPC,28,33,100,227.00,"22,700.00"
2020-07-13,2020071301015158,SHPC,28,52,445,226.00,"100,570.00"
2020-07-13,2020071301015153,SHPC,28,57,130,224.00,"29,120.00"
2020-07-13,2020071301015435,SIC,48,33,94,706.00,"66,364.00"
2020-07-13,2020071301015457,SICL,50,54,25,"1,010.00","25,250.00"
2020-07-13,2020071301015102,SICL,42,54,25,"1,010.00","25,250.00"
2020-07-13,2020071301015093,SICL,19,58,370,"1,007.00","372,590.00"
2020-07-13,2020071301015101,SIL,34,44,10,579.00,"5,790.00"
2020-07-13,2020071301015081,SIL,44,44,10,579.00,"5,790.00"
2020-07-13,2020071301015449,SJCL,58,35,150,138.00,"20,700.00"
2020-07-13,2020071301015448,SJCL,45,35,90,138.00,"12,420.00"
2020-07-13,2020071301015408,SJCL,13,35,170,139.00,"23,630.00"
2020-07-13,2020071301015242,SJCL,13,35,10,139.00,"1,390.00"
2020-07-13,2020071301015210,SJCL,13,35,10,139.00,"1,390.00"
2020-07-13,2020071301015080,SJCL,13,29,10,139.00,"1,390.00"
2020-07-13,2020071301015067,SJCL,49,6,35,140.00,"4,900.00"
2020-07-13,2020071301015166,SKBBL,47,28,100,"1,274.00","127,400.00"
2020-07-13,2020071301015165,SKBBL,47,17,40,"1,274.00","50,960.00"
2020-07-13,2020071301015164,SKBBL,47,49,10,"1,273.00","12,730.00"
2020-07-13,2020071301015141,SKBBL,34,49,10,"1,273.00","12,730.00"
2020-07-13,2020071301015140,SKBBL,34,55,40,"1,272.00","50,880.00"
2020-07-13,2020071301015139,SKBBL,34,55,50,"1,272.00","63,600.00"
2020-07-13,2020071301015444,SLBBL,10,57,40,947.00,"37,880.00"
2020-07-13,2020071301015443,SLBBL,38,57,10,947.00,"9,470.00"
2020-07-13,2020071301015437,SLBBL,10,56,10,944.00,"9,440.00"
2020-07-13,2020071301015187,SLBBL,28,26,70,947.00,"66,290.00"
2020-07-13,2020071301015144,SLBBL,28,56,30,946.00,"28,380.00"
2020-07-13,2020071301015123,SLBBL,42,56,10,946.00,"9,460.00"
2020-07-13,2020071301015122,SLBBL,21,56,100,946.00,"94,600.00"
2020-07-13,2020071301015010,SLBBL,10,57,70,945.00,"66,150.00"
2020-07-13,2020071301015215,SLBBL,10,58,140,944.00,"132,160.00"
2020-07-13,2020071301015214,SLBBL,10,58,10,945.00,"9,450.00"
2020-07-13,2020071301015276,SLBBL,10,56,20,944.00,"18,880.00"
2020-07-13,2020071301015250,SLBBL,10,44,30,948.00,"28,440.00"
2020-07-13,2020071301015249,SLBBL,10,44,70,947.00,"66,290.00"
2020-07-13,2020071301015248,SLBBL,10,21,110,947.00,"104,170.00"
2020-07-13,2020071301015233,SLBBL,28,26,30,946.00,"28,380.00"
2020-07-13,2020071301015405,SLICL,38,40,50,456.00,"22,800.00"
2020-07-13,2020071301015404,SLICL,38,37,50,456.00,"22,800.00"
2020-07-13,2020071301015148,SLICL,38,51,500,455.00,"227,500.00"
2020-07-13,2020071301015147,SLICL,38,6,50,455.00,"22,750.00"
2020-07-13,2020071301015146,SLICL,38,57,35,455.00,"15,925.00"
2020-07-13,2020071301015051,SLICL,49,4,100,454.00,"45,400.00"
2020-07-13,2020071301015480,SPARS,45,35,10,900.00,"9,000.00"
2020-07-13,2020071301015006,SPARS,25,4,10,909.00,"9,090.00"
2020-07-13,2020071301015005,SPARS,25,7,30,900.00,"27,000.00"
2020-07-13,2020071301015489,SPDL,45,13,25,103.00,"2,575.00"
2020-07-13,2020071301015128,SRBL,28,14,419,226.00,"94,694.00"
2020-07-13,2020071301015127,SRBL,13,14,50,227.00,"11,350.00"
2020-07-13,2020071301015126,SRBL,11,14,80,227.00,"18,160.00"
2020-07-13,2020071301015477,SWBBL,58,51,18,"1,210.00","21,780.00"
2020-07-13,2020071301015476,SWBBL,58,26,12,"1,210.00","14,520.00"
2020-07-13,2020071301015475,SWBBL,58,54,50,"1,209.00","60,450.00"
2020-07-13,2020071301015474,SWBBL,58,25,70,"1,205.00","84,350.00"
2020-07-13,2020071301015473,SWBBL,58,21,50,"1,205.00","60,250.00"
2020-07-13,2020071301015472,SWBBL,58,22,100,"1,204.00","120,400.00"
2020-07-13,2020071301015224,SWBBL,34,14,100,"1,203.00","120,300.00"
2020-07-13,2020071301015011,SWBBL,52,14,100,"1,203.00","120,300.00"
2020-07-13,2020071301015207,TRH,52,4,420,193.00,"81,060.00"
2020-07-13,2020071301015369,UIC,1,57,500,376.00,"188,000.00"
2020-07-13,2020071301015263,UPCL,41,34,50,69.00,"3,450.00"
2020-07-13,2020071301015098,UPPER,41,5,40,231.00,"9,240.00"
2020-07-13,2020071301015222,UPPER,43,3,173,231.00,"39,963.00"
2020-07-13,2020071301015221,UPPER,41,3,27,231.00,"6,237.00"
2020-07-13,2020071301015204,UPPER,25,59,200,233.00,"46,600.00"
2020-07-13,2020071301015258,UPPER,25,59,50,233.00,"11,650.00"
2020-07-13,2020071301015211,VLBS,56,13,300,"1,005.00","301,500.00"
2020-07-13,2020071301014954,ADBL,49,34,252,375.00,"94,500.00"
2020-07-13,2020071301014759,ADBL,39,34,33,376.00,"12,408.00"
2020-07-13,2020071301014758,ADBL,39,43,67,376.00,"25,192.00"
2020-07-13,2020071301014569,ADBL,49,45,318,375.00,"119,250.00"
2020-07-13,2020071301014532,ADBL,11,34,36,376.00,"13,536.00"
2020-07-13,2020071301014948,AKJCL,48,35,20,48.10,962.00
2020-07-13,2020071301014898,AKJCL,48,35,20,48.10,962.00
2020-07-13,2020071301014884,AKJCL,48,35,20,48.02,960.40
2020-07-13,2020071301014831,ALICL,16,36,100,607.00,"60,700.00"
2020-07-13,2020071301014657,ALICL,38,43,500,608.00,"304,000.00"
2020-07-13,2020071301014626,ALICL,38,57,65,607.00,"39,455.00"
2020-07-13,2020071301014594,API,25,26,300,107.00,"32,100.00"
2020-07-13,2020071301014501,API,14,6,108,105.00,"11,340.00"
2020-07-13,2020071301014500,API,46,6,400,105.00,"42,000.00"
2020-07-13,2020071301014499,API,6,6,110,105.00,"11,550.00"
2020-07-13,2020071301014498,API,55,6,382,105.00,"40,110.00"
2020-07-13,2020071301014947,BFC,8,8,10,90.00,900.00
2020-07-13,2020071301014671,BOKL,20,16,10,217.00,"2,170.00"
2020-07-13,2020071301014784,CBBL,54,49,"1,000","1,090.00","1,090,000.00"
2020-07-13,2020071301014523,CBBL,43,34,542,"1,090.00","590,780.00"
2020-07-13,2020071301014920,CCBL,55,4,200,162.00,"32,400.00"
2020-07-13,2020071301014919,CCBL,35,4,134,162.00,"21,708.00"
2020-07-13,2020071301014894,CCBL,29,29,3,160.00,480.00
2020-07-13,2020071301014723,CCBL,35,33,366,162.00,"59,292.00"
2020-07-13,2020071301014715,CCBL,26,36,50,161.00,"8,050.00"
2020-07-13,2020071301014714,CCBL,1,36,400,161.00,"64,400.00"
2020-07-13,2020071301014713,CCBL,19,36,100,161.00,"16,100.00"
2020-07-13,2020071301014712,CCBL,47,36,64,161.00,"10,304.00"
2020-07-13,2020071301014648,CCBL,47,34,100,161.00,"16,100.00"
2020-07-13,2020071301014633,CCBL,35,33,500,162.00,"81,000.00"
2020-07-13,2020071301014585,CCBL,49,33,274,162.00,"44,388.00"
2020-07-13,2020071301014953,CHCL,29,29,1,376.00,376.00
2020-07-13,2020071301014804,CHCL,42,22,50,383.00,"19,150.00"
2020-07-13,2020071301014753,CHCL,40,13,"1,000",383.00,"383,000.00"
2020-07-13,2020071301014842,CIT,35,43,10,"2,450.00","24,500.00"
2020-07-13,2020071301014841,CIT,58,43,80,"2,450.00","196,000.00"
2020-07-13,2020071301014840,CIT,50,43,30,"2,451.00","73,530.00"
2020-07-13,2020071301014839,CIT,45,43,50,"2,451.00","122,550.00"
2020-07-13,2020071301014838,CIT,41,43,30,"2,455.00","73,650.00"
2020-07-13,2020071301014837,CIT,7,43,30,"2,456.00","73,680.00"
2020-07-13,2020071301014836,CIT,1,43,30,"2,456.00","73,680.00"
2020-07-13,2020071301014835,CIT,14,43,10,"2,457.00","24,570.00"
2020-07-13,2020071301014564,CZBIL,14,34,29,184.00,"5,336.00"
2020-07-13,2020071301014563,CZBIL,50,34,81,184.00,"14,904.00"
2020-07-13,2020071301014562,CZBIL,39,34,27,185.00,"4,995.00"
2020-07-13,2020071301014940,DDBL,39,44,50,865.00,"43,250.00"
2020-07-13,2020071301014939,DDBL,45,44,50,865.00,"43,250.00"
2020-07-13,2020071301014938,DDBL,25,44,30,865.00,"25,950.00"
2020-07-13,2020071301014937,DDBL,48,44,50,865.00,"43,250.00"
2020-07-13,2020071301014936,DDBL,34,44,145,865.00,"125,425.00"
2020-07-13,2020071301014935,DDBL,17,44,100,866.00,"86,600.00"
2020-07-13,2020071301014881,DDBL,25,25,30,867.00,"26,010.00"
2020-07-13,2020071301014880,DDBL,25,25,100,867.00,"86,700.00"
2020-07-13,2020071301014852,DDBL,6,25,50,869.00,"43,450.00"
2020-07-13,2020071301014799,EDBL,34,4,100,295.00,"29,500.00"
2020-07-13,2020071301014958,EIC,59,16,225,407.00,"91,575.00"
2020-07-13,2020071301014770,EIC,7,16,775,407.00,"315,425.00"
2020-07-13,2020071301014600,EIC,7,37,50,407.00,"20,350.00"
2020-07-13,2020071301014922,FMDBL,52,43,60,540.00,"32,400.00"
2020-07-13,2020071301014921,FMDBL,4,43,140,540.00,"75,600.00"
2020-07-13,2020071301014576,FMDBL,4,42,60,540.00,"32,400.00"
2020-07-13,2020071301014575,FMDBL,36,42,70,540.00,"37,800.00"
2020-07-13,2020071301014574,FMDBL,29,42,20,540.00,"10,800.00"
2020-07-13,2020071301014558,FOWAD,43,28,390,"1,586.00","618,540.00"
2020-07-13,2020071301014557,FOWAD,43,51,25,"1,585.00","39,625.00"
2020-07-13,2020071301014660,GBIME,29,36,100,240.00,"24,000.00"
2020-07-13,2020071301014608,GBIME,43,28,200,241.00,"48,200.00"
2020-07-13,2020071301014989,GBLBS,16,22,100,512.00,"51,200.00"
2020-07-13,2020071301014988,GBLBS,16,52,225,512.00,"115,200.00"
2020-07-13,2020071301014959,GBLBS,39,51,100,511.00,"51,100.00"
2020-07-13,2020071301014926,GBLBS,14,51,200,511.00,"102,200.00"
2020-07-13,2020071301014913,GBLBS,58,11,20,510.00,"10,200.00"
2020-07-13,2020071301014821,GBLBS,58,38,200,510.00,"102,000.00"
2020-07-13,2020071301014539,GBLBS,52,38,85,510.00,"43,350.00"
2020-07-13,2020071301014792,GBLBS,58,34,15,510.00,"7,650.00"
2020-07-13,2020071301014752,GBLBS,58,59,100,510.00,"51,000.00"
2020-07-13,2020071301014751,GBLBS,58,3,100,510.00,"51,000.00"
2020-07-13,2020071301014750,GBLBS,58,59,100,510.00,"51,000.00"
2020-07-13,2020071301014749,GBLBS,58,38,275,510.00,"140,250.00"
2020-07-13,2020071301014599,GBLBS,57,42,50,508.00,"25,400.00"
2020-07-13,2020071301014656,GGBSL,3,58,10,810.00,"8,100.00"
2020-07-13,2020071301014655,GGBSL,3,55,10,810.00,"8,100.00"
2020-07-13,2020071301014654,GGBSL,3,17,10,809.00,"8,090.00"
2020-07-13,2020071301014653,GGBSL,3,45,100,805.00,"80,500.00"
2020-07-13,2020071301014893,GHL,25,34,20,52.00,"1,040.00"
2020-07-13,2020071301014891,GHL,52,49,30,53.00,"1,590.00"
2020-07-13,2020071301014859,GHL,25,34,30,52.00,"1,560.00"
2020-07-13,2020071301014664,GIMES1,22,34,"2,500",8.00,"20,000.00"
2020-07-13,2020071301014896,GLBSL,43,11,13,717.00,"9,321.00"
2020-07-13,2020071301014736,GLBSL,43,35,10,717.00,"7,170.00"
2020-07-13,2020071301014834,GLICL,48,42,250,482.00,"120,500.00"
2020-07-13,2020071301014785,GLICL,48,42,50,482.00,"24,100.00"
2020-07-13,2020071301014606,GMFBS,41,56,10,850.00,"8,500.00"
2020-07-13,2020071301014605,GMFBS,41,52,10,849.00,"8,490.00"
2020-07-13,2020071301014738,GMFIL,34,36,162,125.00,"20,250.00"
2020-07-13,2020071301014987,HDL,45,37,50,"1,630.00","81,500.00"
2020-07-13,2020071301014679,HDL,45,42,100,"1,630.00","163,000.00"
2020-07-13,2020071301014678,HDL,42,42,150,"1,630.00","244,500.00"
2020-07-13,2020071301014677,HDL,41,42,130,"1,635.00","212,550.00"
2020-07-13,2020071301014644,HDL,41,28,100,"1,635.00","163,500.00"
2020-07-13,2020071301014624,HDL,40,21,85,"1,638.00","139,230.00"
2020-07-13,2020071301014623,HDL,40,5,90,"1,638.00","147,420.00"
2020-07-13,2020071301014622,HDL,40,45,25,"1,637.00","40,925.00"
2020-07-13,2020071301014621,HDL,40,14,50,"1,636.00","81,800.00"
2020-07-13,2020071301014620,HDL,40,21,50,"1,636.00","81,800.00"
2020-07-13,2020071301014547,HDL,17,26,25,"1,635.00","40,875.00"
2020-07-13,2020071301014629,HGI,10,38,250,419.00,"104,750.00"
2020-07-13,2020071301014628,HGI,10,3,200,418.00,"83,600.00"
2020-07-13,2020071301014627,HGI,10,3,50,418.00,"20,900.00"
2020-07-13,2020071301014912,HIDCL,52,25,500,132.00,"66,000.00"
2020-07-13,2020071301014911,HIDCL,52,34,26,132.00,"3,432.00"
2020-07-13,2020071301014910,HIDCL,52,50,61,132.00,"8,052.00"
2020-07-13,2020071301014909,HIDCL,52,34,17,132.00,"2,244.00"
2020-07-13,2020071301014908,HIDCL,52,8,46,132.00,"6,072.00"
2020-07-13,2020071301014572,HURJA,45,6,200,91.00,"18,200.00"
2020-07-13,2020071301014883,ILBS,45,5,11,803.00,"8,833.00"
2020-07-13,2020071301014705,JBBL,25,11,"2,885",166.00,"478,910.00"
2020-07-13,2020071301014704,JBBL,51,11,100,167.00,"16,700.00"
2020-07-13,2020071301014703,JBBL,14,11,15,167.00,"2,505.00"
2020-07-13,2020071301014617,JBBL,14,11,"1,000",167.00,"167,000.00"
2020-07-13,2020071301014979,JFL,5,45,34,157.00,"5,338.00"
2020-07-13,2020071301014978,JFL,6,45,100,158.00,"15,800.00"
2020-07-13,2020071301014589,JFL,6,52,34,160.00,"5,440.00"
2020-07-13,2020071301014856,KBL,49,58,500,184.00,"92,000.00"
2020-07-13,2020071301014844,KBL,49,58,"1,000",184.00,"184,000.00"
2020-07-13,2020071301014773,KBL,49,36,284,184.00,"52,256.00"
2020-07-13,2020071301014663,KBL,52,22,"2,876",185.00,"532,060.00"
2020-07-13,2020071301014598,KBL,58,22,10,185.00,"1,850.00"
2020-07-13,2020071301014597,KBL,1,22,114,185.00,"21,090.00"
2020-07-13,2020071301014963,KMCDB,52,35,10,799.00,"7,990.00"
2020-07-13,2020071301014559,KMCDB,7,6,10,800.00,"8,000.00"
2020-07-13,2020071301014901,KPCL,21,38,10,102.00,"1,020.00"
2020-07-13,2020071301014843,KPCL,21,34,10,102.00,"1,020.00"
2020-07-13,2020071301014755,KPCL,21,35,10,102.00,"1,020.00"
2020-07-13,2020071301014941,KSBBL,58,49,10,147.00,"1,470.00"
2020-07-13,2020071301014879,KSBBL,21,8,308,146.00,"44,968.00"
2020-07-13,2020071301014878,KSBBL,42,8,"1,500",146.00,"219,000.00"
2020-07-13,2020071301014877,KSBBL,53,8,100,146.00,"14,600.00"
2020-07-13,2020071301014876,KSBBL,21,8,119,146.00,"17,374.00"
2020-07-13,2020071301014899,LBBL,51,11,34,180.00,"6,120.00"
2020-07-13,2020071301014870,LBBL,51,42,466,180.00,"83,880.00"
2020-07-13,2020071301014869,LBBL,8,42,"1,534",180.00,"276,120.00"
2020-07-13,2020071301014861,LBBL,8,11,500,180.00,"90,000.00"
2020-07-13,2020071301014849,LBBL,8,11,945,180.00,"170,100.00"
2020-07-13,2020071301014848,LBBL,11,11,55,180.00,"9,900.00"
2020-07-13,2020071301014737,LBBL,29,17,21,181.00,"3,801.00"
2020-07-13,2020071301014722,LBBL,8,29,21,180.00,"3,780.00"
2020-07-13,2020071301014661,LBL,41,6,27,215.00,"5,805.00"
2020-07-13,2020071301014548,LBL,41,42,11,215.00,"2,365.00"
2020-07-13,2020071301014603,LGIL,5,17,300,455.00,"136,500.00"
2020-07-13,2020071301014602,LGIL,5,43,136,455.00,"61,880.00"
2020-07-13,2020071301014601,LGIL,5,13,85,454.00,"38,590.00"
2020-07-13,2020071301014814,LICN,39,49,15,"1,349.00","20,235.00"
2020-07-13,2020071301014813,LICN,39,45,40,"1,348.00","53,920.00"
2020-07-13,2020071301014716,LICN,20,45,10,"1,348.00","13,480.00"
2020-07-13,2020071301014763,LLBS,48,33,68,"1,120.00","76,160.00"
2020-07-13,2020071301014918,MEGA,51,51,10,206.00,"2,060.00"
2020-07-13,2020071301014917,MEGA,50,51,500,206.00,"103,000.00"
2020-07-13,2020071301014916,MEGA,52,51,10,206.00,"2,060.00"
2020-07-13,2020071301014915,MEGA,19,51,180,206.00,"37,080.00"
2020-07-13,2020071301014944,MERO,26,45,50,650.00,"32,500.00"
2020-07-13,2020071301014535,MERO,45,6,86,653.00,"56,158.00"
2020-07-13,2020071301014985,MFIL,48,57,"1,000",299.00,"299,000.00"
2020-07-13,2020071301014984,MFIL,55,57,500,299.00,"149,500.00"
2020-07-13,2020071301014983,MFIL,55,57,50,299.00,"14,950.00"
2020-07-13,2020071301014699,MFIL,55,57,50,299.00,"14,950.00"
2020-07-13,2020071301014698,MFIL,55,57,"1,000",299.00,"299,000.00"
2020-07-13,2020071301014697,MFIL,48,57,300,299.00,"89,700.00"
2020-07-13,2020071301014696,MFIL,38,57,"1,000",299.00,"299,000.00"
2020-07-13,2020071301014695,MFIL,33,57,100,299.00,"29,900.00"
2020-07-13,2020071301014694,MFIL,13,57,50,300.00,"15,000.00"
2020-07-13,2020071301014693,MFIL,43,57,"2,000",300.00,"600,000.00"
2020-07-13,2020071301014658,MFIL,43,16,200,301.00,"60,200.00"
2020-07-13,2020071301014586,MLBL,58,47,10,183.00,"1,830.00"
2020-07-13,2020071301014860,MNBBL,57,13,218,307.00,"66,926.00"
2020-07-13,2020071301014588,MSMBS,41,51,50,704.00,"35,200.00"
2020-07-13,2020071301014587,MSMBS,41,1,20,702.00,"14,040.00"
2020-07-13,2020071301014764,NABIL,17,4,100,746.00,"74,600.00"
2020-07-13,2020071301014652,NABIL,42,4,70,746.00,"52,220.00"
2020-07-13,2020071301014604,NABIL,48,4,10,746.00,"7,460.00"
2020-07-13,2020071301014534,NABIL,41,4,20,746.00,"14,920.00"
2020-07-13,2020071301014494,NABIL,21,4,30,746.00,"22,380.00"
2020-07-13,2020071301014892,NADEP,6,19,20,654.00,"13,080.00"
2020-07-13,2020071301014506,NADEP,36,18,23,650.00,"14,950.00"
2020-07-13,2020071301014812,NBB,44,29,592,197.00,"116,624.00"
2020-07-13,2020071301014798,NBB,44,36,196,195.00,"38,220.00"
2020-07-13,2020071301014686,NBB,42,38,200,196.00,"39,200.00"
2020-07-13,2020071301014928,NBL,45,34,10,240.00,"2,400.00"
2020-07-13,2020071301014927,NBL,45,33,268,240.00,"64,320.00"
2020-07-13,2020071301014827,NBL,14,33,232,240.00,"55,680.00"
2020-07-13,2020071301014826,NBL,14,33,368,240.00,"88,320.00"
2020-07-13,2020071301014819,NBL,26,44,303,239.00,"72,417.00"
2020-07-13,2020071301014781,NBL,34,44,600,239.00,"143,400.00"
2020-07-13,2020071301014512,NBL,43,44,"1,000",239.00,"239,000.00"
2020-07-13,2020071301014511,NBL,53,44,200,239.00,"47,800.00"
2020-07-13,2020071301014510,NBL,37,44,100,239.00,"23,900.00"
2020-07-13,2020071301014509,NBL,34,44,200,239.00,"47,800.00"
2020-07-13,2020071301014508,NBL,44,44,497,239.00,"118,783.00"
2020-07-13,2020071301014504,NBL,44,45,29,239.00,"6,931.00"
2020-07-13,2020071301014780,NBL,17,44,97,239.00,"23,183.00"
2020-07-13,2020071301014567,NBL,33,33,100,240.00,"24,000.00"
2020-07-13,2020071301014516,NBL,17,44,403,239.00,"96,317.00"
2020-07-13,2020071301014515,NBL,41,44,100,239.00,"23,900.00"
2020-07-13,2020071301014514,NBL,56,44,500,239.00,"119,500.00"
2020-07-13,2020071301014513,NBL,10,44,500,239.00,"119,500.00"
2020-07-13,2020071301014729,NCCB,20,29,10,183.00,"1,830.00"
2020-07-13,2020071301014708,NCCB,44,14,"2,537",182.00,"461,734.00"
2020-07-13,2020071301014707,NCCB,34,14,45,182.00,"8,190.00"
2020-07-13,2020071301014541,NCCB,34,32,225,182.00,"40,950.00"
2020-07-13,2020071301014496,NCCB,34,42,11,182.00,"2,002.00"
2020-07-13,2020071301014907,NIB,38,58,500,436.00,"218,000.00"
2020-07-13,2020071301014887,NIB,6,35,23,435.00,"10,005.00"
2020-07-13,2020071301014645,NIB,6,35,20,435.00,"8,700.00"
2020-07-13,2020071301014561,NIB,6,42,60,435.00,"26,100.00"
2020-07-13,2020071301014560,NIB,45,42,90,435.00,"39,150.00"
2020-07-13,2020071301014595,NIBPO,43,4,160,360.00,"57,600.00"
2020-07-13,2020071301014580,NIBPO,48,4,10,360.00,"3,600.00"
2020-07-13,2020071301014882,NICA,52,33,83,516.00,"42,828.00"
2020-07-13,2020071301014817,NICA,58,33,500,516.00,"258,000.00"
2020-07-13,2020071301014816,NICA,52,33,407,516.00,"210,012.00"
2020-07-13,2020071301014800,NICA,1,28,"1,800",517.00,"930,600.00"
2020-07-13,2020071301014728,NICA,1,26,200,517.00,"103,400.00"
2020-07-13,2020071301014615,NICA,52,42,93,516.00,"47,988.00"
2020-07-13,2020071301014614,NICA,35,42,25,516.00,"12,900.00"
2020-07-13,2020071301014613,NICA,45,42,12,516.00,"6,192.00"
2020-07-13,2020071301014566,NICA,48,33,10,518.00,"5,180.00"
2020-07-13,2020071301014632,NICGF,57,5,"3,000",9.85,"29,550.00"
2020-07-13,2020071301014518,NICGF,34,14,100,10.05,"1,005.00"
2020-07-13,2020071301014971,NICL,35,21,35,452.00,"15,820.00"
2020-07-13,2020071301014789,NICL,45,57,200,453.00,"90,600.00"
2020-07-13,2020071301014833,NIL,5,36,30,611.00,"18,330.00"
2020-07-13,2020071301014815,NIL,5,6,157,611.00,"95,927.00"
2020-07-13,2020071301014772,NIL,32,52,164,613.00,"100,532.00"
2020-07-13,2020071301014771,NIL,32,5,60,612.00,"36,720.00"
2020-07-13,2020071301014747,NIL,5,42,200,611.00,"122,200.00"
2020-07-13,2020071301014596,NIL,54,34,50,610.00,"30,500.00"
2020-07-13,2020071301014573,NIL,54,7,56,610.00,"34,160.00"
2020-07-13,2020071301014788,NLBBL,33,5,25,754.00,"18,850.00"
2020-07-13,2020071301014778,NLBBL,33,11,475,750.00,"356,250.00"
2020-07-13,2020071301014571,NLBBL,57,5,200,754.00,"150,800.00"
2020-07-13,2020071301014549,NLBBL,25,5,50,754.00,"37,700.00"
2020-07-13,2020071301014991,NLIC,22,11,20,"1,269.00","25,380.00"
2020-07-13,2020071301014966,NLIC,14,6,22,"1,270.00","27,940.00"
2020-07-13,2020071301014965,NLIC,14,33,19,"1,270.00","24,130.00"
2020-07-13,2020071301014897,NLIC,16,33,50,"1,270.00","63,500.00"
2020-07-13,2020071301014867,NLIC,22,36,22,"1,269.00","27,918.00"
2020-07-13,2020071301014866,NLIC,22,7,41,"1,269.00","52,029.00"
2020-07-13,2020071301014640,NLIC,57,17,50,"1,269.00","63,450.00"
2020-07-13,2020071301014639,NLIC,49,17,240,"1,269.00","304,560.00"
2020-07-13,2020071301014519,NLIC,50,33,200,"1,270.00","254,000.00"
2020-07-13,2020071301014865,NLIC,53,7,29,"1,269.00","36,801.00"
2020-07-13,2020071301014805,NLIC,5,33,100,"1,270.00","127,000.00"
2020-07-13,2020071301014787,NLIC,6,33,308,"1,270.00","391,160.00"
2020-07-13,2020071301014649,NLIC,53,7,62,"1,269.00","78,678.00"
2020-07-13,2020071301014642,NLIC,53,17,109,"1,269.00","138,321.00"
2020-07-13,2020071301014641,NLIC,35,17,100,"1,269.00","126,900.00"
2020-07-13,2020071301014952,NLICL,1,10,130,665.00,"86,450.00"
2020-07-13,2020071301014951,NLICL,57,10,100,666.00,"66,600.00"
2020-07-13,2020071301014950,NLICL,48,10,50,667.00,"33,350.00"
2020-07-13,2020071301014982,NMB,33,4,"2,000",383.00,"766,000.00"
2020-07-13,2020071301014981,NMB,33,5,15,383.00,"5,745.00"
2020-07-13,2020071301014980,NMB,33,44,313,383.00,"119,879.00"
2020-07-13,2020071301014886,NMB,47,10,40,382.00,"15,280.00"
2020-07-13,2020071301014797,NMB,21,44,50,383.00,"19,150.00"
2020-07-13,2020071301014756,NMB,43,44,637,383.00,"243,971.00"
2020-07-13,2020071301014552,NMB,47,16,"1,000",384.00,"384,000.00"
2020-07-13,2020071301014551,NMB,47,44,"1,000",383.00,"383,000.00"
2020-07-13,2020071301014538,NMB,36,17,141,383.00,"54,003.00"
2020-07-13,2020071301014526,NMB,47,16,"1,000",384.00,"384,000.00"
2020-07-13,2020071301014503,NMB,47,16,650,384.00,"249,600.00"
2020-07-13,2020071301014502,NMB,47,16,350,384.00,"134,400.00"
2020-07-13,2020071301014727,NMB,43,33,363,383.00,"139,029.00"
2020-07-13,2020071301014726,NMB,58,33,500,383.00,"191,500.00"
2020-07-13,2020071301014725,NMB,43,33,137,383.00,"52,471.00"
2020-07-13,2020071301014687,NMB,49,16,20,384.00,"7,680.00"
2020-07-13,2020071301014666,NMB,29,16,63,384.00,"24,192.00"
2020-07-13,2020071301014646,NMB,43,29,63,383.00,"24,129.00"
2020-07-13,2020071301014803,NMBMF,50,44,350,804.00,"281,400.00"
2020-07-13,2020071301014986,NRIC,34,46,40,507.00,"20,280.00"
2020-07-13,2020071301014977,NRIC,28,57,40,508.00,"20,320.00"
2020-07-13,2020071301014976,NRIC,28,39,40,508.00,"20,320.00"
2020-07-13,2020071301014975,NRIC,28,55,40,508.00,"20,320.00"
2020-07-13,2020071301014974,NRIC,28,38,40,508.00,"20,320.00"
2020-07-13,2020071301014973,NRIC,28,57,40,508.00,"20,320.00"
2020-07-13,2020071301014533,NRIC,6,29,40,508.00,"20,320.00"
2020-07-13,2020071301014531,NRIC,6,45,40,508.00,"20,320.00"
2020-07-13,2020071301014529,NRIC,6,48,30,508.00,"15,240.00"
2020-07-13,2020071301014505,NRIC,16,35,40,509.00,"20,360.00"
2020-07-13,2020071301014495,NRIC,16,58,50,509.00,"25,450.00"
2020-07-13,2020071301014493,NRIC,16,55,40,509.00,"20,360.00"
2020-07-13,2020071301014553,NRIC,26,29,40,509.00,"20,360.00"
2020-07-13,2020071301014546,NRIC,26,29,40,509.00,"20,360.00"
2020-07-13,2020071301014545,NRIC,26,58,40,509.00,"20,360.00"
2020-07-13,2020071301014544,NRIC,26,25,40,509.00,"20,360.00"
2020-07-13,2020071301014543,NRIC,26,17,50,509.00,"25,450.00"
2020-07-13,2020071301014542,NRIC,26,29,40,509.00,"20,360.00"
2020-07-13,2020071301014609,NRIC,26,56,40,509.00,"20,360.00"
2020-07-13,2020071301014592,NRIC,26,51,40,509.00,"20,360.00"
2020-07-13,2020071301014590,NRIC,26,40,770,509.00,"391,930.00"
2020-07-13,2020071301014577,NRIC,26,51,40,509.00,"20,360.00"
2020-07-13,2020071301014556,NRIC,26,51,40,509.00,"20,360.00"
2020-07-13,2020071301014555,NRIC,26,45,40,509.00,"20,360.00"
2020-07-13,2020071301014637,NRIC,6,49,40,508.00,"20,320.00"
2020-07-13,2020071301014636,NRIC,6,51,40,508.00,"20,320.00"
2020-07-13,2020071301014618,NRIC,26,59,40,509.00,"20,360.00"
2020-07-13,2020071301014616,NRIC,26,45,40,509.00,"20,360.00"
2020-07-13,2020071301014612,NRIC,57,57,10,510.00,"5,100.00"
2020-07-13,2020071301014611,NRIC,57,57,40,510.00,"20,400.00"
2020-07-13,2020071301014668,NRIC,6,54,"2,390",508.00,"1,214,120.00"
2020-07-13,2020071301014665,NRIC,6,21,40,508.00,"20,320.00"
2020-07-13,2020071301014662,NRIC,6,51,40,508.00,"20,320.00"
2020-07-13,2020071301014659,NRIC,6,1,40,508.00,"20,320.00"
2020-07-13,2020071301014647,NRIC,6,59,40,508.00,"20,320.00"
2020-07-13,2020071301014643,NRIC,6,21,40,508.00,"20,320.00"
2020-07-13,2020071301014690,NRIC,28,55,50,508.00,"25,400.00"
2020-07-13,2020071301014689,NRIC,28,54,60,508.00,"30,480.00"
2020-07-13,2020071301014688,NRIC,50,56,40,507.00,"20,280.00"
2020-07-13,2020071301014681,NRIC,50,34,40,507.00,"20,280.00"
2020-07-13,2020071301014672,NRIC,45,59,50,507.00,"25,350.00"
2020-07-13,2020071301014669,NRIC,17,54,50,508.00,"25,400.00"
2020-07-13,2020071301014710,NRIC,57,1,30,507.00,"15,210.00"
2020-07-13,2020071301014706,NRIC,57,41,40,507.00,"20,280.00"
2020-07-13,2020071301014702,NRIC,57,59,30,507.00,"15,210.00"
2020-07-13,2020071301014701,NRIC,50,59,20,507.00,"10,140.00"
2020-07-13,2020071301014692,NRIC,28,13,650,509.00,"330,850.00"
2020-07-13,2020071301014691,NRIC,28,19,40,509.00,"20,360.00"
2020-07-13,2020071301014739,NRIC,6,21,40,508.00,"20,320.00"
2020-07-13,2020071301014735,NRIC,6,26,50,508.00,"25,400.00"
2020-07-13,2020071301014734,NRIC,6,58,50,508.00,"25,400.00"
2020-07-13,2020071301014721,NRIC,6,45,50,508.00,"25,400.00"
2020-07-13,2020071301014720,NRIC,6,58,40,508.00,"20,320.00"
2020-07-13,2020071301014711,NRIC,34,1,10,507.00,"5,070.00"
2020-07-13,2020071301014760,NRIC,6,42,150,508.00,"76,200.00"
2020-07-13,2020071301014754,NRIC,6,17,50,508.00,"25,400.00"
2020-07-13,2020071301014748,NRIC,6,56,40,508.00,"20,320.00"
2020-07-13,2020071301014746,NRIC,6,59,40,508.00,"20,320.00"
2020-07-13,2020071301014741,NRIC,6,34,40,508.00,"20,320.00"
2020-07-13,2020071301014740,NRIC,6,34,20,508.00,"10,160.00"
2020-07-13,2020071301014806,NRIC,6,49,40,508.00,"20,320.00"
2020-07-13,2020071301014791,NRIC,6,59,40,508.00,"20,320.00"
2020-07-13,2020071301014790,NRIC,6,21,40,508.00,"20,320.00"
2020-07-13,2020071301014774,NRIC,6,59,40,508.00,"20,320.00"
2020-07-13,2020071301014769,NRIC,6,35,10,508.00,"5,080.00"
2020-07-13,2020071301014767,NRIC,6,21,40,508.00,"20,320.00"
2020-07-13,2020071301014845,NRIC,6,44,40,508.00,"20,320.00"
2020-07-13,2020071301014832,NRIC,6,59,40,508.00,"20,320.00"
2020-07-13,2020071301014820,NRIC,6,56,50,508.00,"25,400.00"
2020-07-13,2020071301014818,NRIC,6,5,40,508.00,"20,320.00"
2020-07-13,2020071301014810,NRIC,6,44,40,508.00,"20,320.00"
2020-07-13,2020071301014807,NRIC,6,17,10,508.00,"5,080.00"
2020-07-13,2020071301014862,NRIC,28,33,30,508.00,"15,240.00"
2020-07-13,2020071301014855,NRIC,17,33,100,508.00,"50,800.00"
2020-07-13,2020071301014854,NRIC,6,33,"1,870",508.00,"949,960.00"
2020-07-13,2020071301014851,NRIC,6,21,40,508.00,"20,320.00"
2020-07-13,2020071301014847,NRIC,6,34,50,508.00,"25,400.00"
2020-07-13,2020071301014846,NRIC,6,17,40,508.00,"20,320.00"
2020-07-13,2020071301014875,NRIC,28,21,50,508.00,"25,400.00"
2020-07-13,2020071301014872,NRIC,28,56,40,508.00,"20,320.00"
2020-07-13,2020071301014871,NRIC,28,17,40,508.00,"20,320.00"
2020-07-13,2020071301014868,NRIC,28,59,40,508.00,"20,320.00"
2020-07-13,2020071301014864,NRIC,28,20,50,508.00,"25,400.00"
2020-07-13,2020071301014863,NRIC,28,58,40,508.00,"20,320.00"
2020-07-13,2020071301014905,NRIC,28,36,40,508.00,"20,320.00"
2020-07-13,2020071301014904,NRIC,28,11,150,508.00,"76,200.00"
2020-07-13,2020071301014902,NRIC,28,56,10,508.00,"5,080.00"
2020-07-13,2020071301014900,NRIC,28,34,40,508.00,"20,320.00"
2020-07-13,2020071301014895,NRIC,28,39,40,508.00,"20,320.00"
2020-07-13,2020071301014889,NRIC,28,59,40,508.00,"20,320.00"
2020-07-13,2020071301014972,NRIC,28,21,40,508.00,"20,320.00"
2020-07-13,2020071301014970,NRIC,34,56,40,507.00,"20,280.00"
2020-07-13,2020071301014949,NRIC,34,49,10,507.00,"5,070.00"
2020-07-13,2020071301014925,NRIC,28,57,10,508.00,"5,080.00"
2020-07-13,2020071301014923,NRIC,28,17,40,508.00,"20,320.00"
2020-07-13,2020071301014906,NRIC,28,59,40,508.00,"20,320.00"
2020-07-13,2020071301014960,NSEWA,54,19,100,682.00,"68,200.00"
2020-07-13,2020071301014607,NSEWA,43,58,10,680.00,"6,800.00"
2020-07-13,2020071301014670,NTC,6,38,10,635.00,"6,350.00"
2020-07-13,2020071301014968,NUBL,35,34,20,980.00,"19,600.00"
2020-07-13,2020071301014967,NUBL,17,34,50,980.00,"49,000.00"
2020-07-13,2020071301014961,NUBL,26,43,20,981.00,"19,620.00"
2020-07-13,2020071301014890,NUBL,43,43,200,981.00,"196,200.00"
2020-07-13,2020071301014802,PCBL,11,51,357,252.00,"89,964.00"
2020-07-13,2020071301014801,PCBL,11,51,143,252.00,"36,036.00"
2020-07-13,2020071301014638,PCBL,11,42,90,252.00,"22,680.00"
2020-07-13,2020071301014570,PCBL,11,1,35,252.00,"8,820.00"
2020-07-13,2020071301014795,PLIC,57,29,200,545.00,"109,000.00"
2020-07-13,2020071301014794,PLIC,57,33,190,545.00,"103,550.00"
2020-07-13,2020071301014793,PLIC,57,48,200,544.00,"108,800.00"
2020-07-13,2020071301014782,PPCL,14,35,10,107.00,"1,070.00"
2020-07-13,2020071301014631,PPCL,14,36,110,107.00,"11,770.00"
2020-07-13,2020071301014630,PPCL,32,36,90,107.00,"9,630.00"
2020-07-13,2020071301014583,PRVU,41,36,16,225.00,"3,600.00"
2020-07-13,2020071301014522,RADHI,22,14,10,178.00,"1,780.00"
2020-07-13,2020071301014521,RADHI,22,45,90,175.00,"15,750.00"
2020-07-13,2020071301014700,RBCL,36,18,10,"9,180.00","91,800.00"
2020-07-13,2020071301014962,RHPL,45,33,40,152.00,"6,080.00"
2020-07-13,2020071301014796,RHPL,39,35,10,151.00,"1,510.00"
2020-07-13,2020071301014766,RHPL,39,56,10,151.00,"1,510.00"
2020-07-13,2020071301014765,RHPL,45,56,20,151.00,"3,020.00"
2020-07-13,2020071301014719,RHPL,45,56,30,151.00,"4,530.00"
2020-07-13,2020071301014584,RHPL,56,18,20,150.00,"3,000.00"
2020-07-13,2020071301014520,RHPL,56,18,20,150.00,"3,000.00"
2020-07-13,2020071301014888,RMDC,49,49,"1,087",698.00,"758,726.00"
2020-07-13,2020071301014850,RMDC,18,45,31,697.00,"21,607.00"
2020-07-13,2020071301014528,RSDC,8,25,10,524.00,"5,240.00"
2020-07-13,2020071301014924,SABSL,35,5,11,802.00,"8,822.00"
2020-07-13,2020071301014811,SABSL,45,35,11,802.00,"8,822.00"
2020-07-13,2020071301014582,SABSL,19,45,25,817.00,"20,425.00"
2020-07-13,2020071301014581,SABSL,19,45,25,817.00,"20,425.00"
2020-07-13,2020071301014507,SADBL,52,49,150,144.00,"21,600.00"
2020-07-13,2020071301014492,SANIMA,1,45,800,327.00,"261,600.00"
2020-07-13,2020071301014946,SBI,44,13,200,414.00,"82,800.00"
2020-07-13,2020071301014945,SBI,44,49,61,414.00,"25,254.00"
2020-07-13,2020071301014709,SBI,44,34,500,412.00,"206,000.00"
2020-07-13,2020071301014680,SBI,44,43,63,411.00,"25,893.00"
2020-07-13,2020071301014579,SBI,38,21,"1,000",410.00,"410,000.00"
2020-07-13,2020071301014578,SBI,38,21,"1,000",410.00,"410,000.00"
2020-07-13,2020071301014885,SCB,44,43,176,624.00,"109,824.00"
2020-07-13,2020071301014858,SCB,44,25,10,623.00,"6,230.00"
2020-07-13,2020071301014673,SCB,35,38,80,620.00,"49,600.00"
2020-07-13,2020071301014667,SCB,35,19,15,620.00,"9,300.00"
2020-07-13,2020071301014619,SCB,8,41,50,620.00,"31,000.00"
2020-07-13,2020071301014943,SDESI,25,45,23,963.00,"22,149.00"
2020-07-13,2020071301014942,SDESI,25,34,27,950.00,"25,650.00"
2020-07-13,2020071301014768,SDESI,57,45,100,945.00,"94,500.00"
2020-07-13,2020071301014676,SHINE,41,4,300,220.00,"66,000.00"
2020-07-13,2020071301014675,SHINE,56,4,502,220.00,"110,440.00"
2020-07-13,2020071301014674,SHINE,11,4,50,220.00,"11,000.00"
2020-07-13,2020071301014931,SHIVM,52,19,50,601.00,"30,050.00"
2020-07-13,2020071301014930,SHIVM,52,1,50,600.00,"30,000.00"
2020-07-13,2020071301014929,SHIVM,52,37,43,600.00,"25,800.00"
2020-07-13,2020071301014825,SHIVM,1,37,57,600.00,"34,200.00"
2020-07-13,2020071301014824,SHIVM,1,36,13,600.00,"7,800.00"
2020-07-13,2020071301014823,SHIVM,1,35,100,600.00,"60,000.00"
2020-07-13,2020071301014554,SHIVM,41,36,87,600.00,"52,200.00"
2020-07-13,2020071301014591,SHPC,48,52,25,226.00,"5,650.00"
2020-07-13,2020071301014517,SHPC,49,52,30,226.00,"6,780.00"
2020-07-13,2020071301014957,SICL,19,38,152,"1,007.00","153,064.00"
2020-07-13,2020071301014956,SICL,53,38,50,"1,007.00","50,350.00"
2020-07-13,2020071301014955,SICL,44,38,66,"1,008.00","66,528.00"
2020-07-13,2020071301014934,SICL,44,5,134,"1,008.00","135,072.00"
2020-07-13,2020071301014933,SICL,33,5,10,"1,008.00","10,080.00"
2020-07-13,2020071301014932,SICL,25,5,100,"1,009.00","100,900.00"
2020-07-13,2020071301014822,SJCL,45,35,10,138.00,"1,380.00"
2020-07-13,2020071301014779,SJCL,45,56,20,138.00,"2,760.00"
2020-07-13,2020071301014724,SJCL,45,56,20,138.00,"2,760.00"
2020-07-13,2020071301014593,SJCL,45,18,10,138.00,"1,380.00"
2020-07-13,2020071301014530,SJCL,49,18,20,138.00,"2,760.00"
2020-07-13,2020071301014969,SLBBL,13,44,100,948.00,"94,800.00"
2020-07-13,2020071301014914,SLBBL,10,44,20,945.00,"18,900.00"
2020-07-13,2020071301014536,SLBBL,42,14,195,950.00,"185,250.00"
2020-07-13,2020071301014684,SLBBL,42,42,55,947.00,"52,085.00"
2020-07-13,2020071301014683,SLBBL,34,42,20,950.00,"19,000.00"
2020-07-13,2020071301014682,SLBBL,42,42,25,950.00,"23,750.00"
2020-07-13,2020071301014537,SLBBL,42,26,280,950.00,"266,000.00"
2020-07-13,2020071301014809,SLBBL,17,44,200,945.00,"189,000.00"
2020-07-13,2020071301014808,SLBBL,54,53,20,945.00,"18,900.00"
2020-07-13,2020071301014757,SLBBL,10,44,420,946.00,"397,320.00"
2020-07-13,2020071301014733,SLBBL,10,52,80,946.00,"75,680.00"
2020-07-13,2020071301014732,SLBBL,42,52,20,947.00,"18,940.00"
2020-07-13,2020071301014783,SLBSL,26,25,40,892.00,"35,680.00"
2020-07-13,2020071301014497,SLBSL,53,42,10,892.00,"8,920.00"
2020-07-13,2020071301014786,SLICL,49,34,72,454.00,"32,688.00"
2020-07-13,2020071301014762,SLICL,58,57,10,455.00,"4,550.00"
2020-07-13,2020071301014761,SLICL,14,57,56,455.00,"25,480.00"
2020-07-13,2020071301014540,SLICL,29,29,1,450.00,450.00
2020-07-13,2020071301014990,SPARS,25,47,10,892.00,"8,920.00"
2020-07-13,2020071301014550,SPARS,45,35,10,880.00,"8,800.00"
2020-07-13,2020071301014857,SPDL,32,35,15,101.00,"1,515.00"
2020-07-13,2020071301014565,SPDL,45,13,25,103.00,"2,575.00"
2020-07-13,2020071301014743,SRBL,1,14,573,230.00,"131,790.00"
2020-07-13,2020071301014742,SRBL,1,41,77,229.00,"17,633.00"
2020-07-13,2020071301014568,SRBL,29,29,1,226.00,226.00
2020-07-13,2020071301014718,SWBBL,58,35,50,"1,200.00","60,000.00"
2020-07-13,2020071301014717,SWBBL,58,10,91,"1,200.00","109,200.00"
2020-07-13,2020071301014525,SWBBL,33,10,100,"1,193.00","119,300.00"
2020-07-13,2020071301014524,SWBBL,52,10,100,"1,194.00","119,400.00"
2020-07-13,2020071301014635,TRH,1,34,360,190.00,"68,400.00"
2020-07-13,2020071301014634,TRH,3,34,140,191.00,"26,740.00"
2020-07-13,2020071301014651,UFL,16,7,162,172.00,"27,864.00"
2020-07-13,2020071301014650,UFL,16,18,50,172.00,"8,600.00"
2020-07-13,2020071301014830,UIC,4,43,200,375.00,"75,000.00"
2020-07-13,2020071301014829,UIC,38,43,500,375.00,"187,500.00"
2020-07-13,2020071301014828,UIC,33,43,81,375.00,"30,375.00"
2020-07-13,2020071301014745,UIC,33,43,19,375.00,"7,125.00"
2020-07-13,2020071301014744,UIC,22,43,481,375.00,"180,375.00"
2020-07-13,2020071301014731,UIC,22,43,19,375.00,"7,125.00"
2020-07-13,2020071301014730,UIC,35,43,481,377.00,"181,337.00"
2020-07-13,2020071301014903,UPPER,41,47,50,231.00,"11,550.00"
2020-07-13,2020071301014853,UPPER,41,5,146,231.00,"33,726.00"
2020-07-13,2020071301014625,UPPER,41,56,40,231.00,"9,240.00"
2020-07-13,2020071301014610,UPPER,41,34,50,231.00,"11,550.00"
2020-07-13,2020071301014685,VLBS,40,13,100,"1,015.00","101,500.00"
2020-07-13,2020071301014527,VLBS,46,46,13,"1,020.00","13,260.00"
2020-07-13,2020071301014964,WOMI,58,48,50,"1,020.00","51,000.00"
2020-07-13,2020071301014874,WOMI,58,5,12,"1,020.00","12,240.00"
2020-07-13,2020071301014873,WOMI,18,5,43,"1,020.00","43,860.00"
2020-07-13,2020071301014777,WOMI,18,52,157,"1,020.00","160,140.00"
2020-07-13,2020071301014776,WOMI,34,52,43,"1,020.00","43,860.00"
2020-07-13,2020071301014775,WOMI,41,52,50,"1,021.00","51,050.00"
2020-07-13,2020071301014135,ADBL,49,26,20,375.00,"7,500.00"
2020-07-13,2020071301014134,ADBL,58,26,25,375.00,"9,375.00"
2020-07-13,2020071301014399,AKJCL,35,35,20,48.02,960.40
2020-07-13,2020071301014437,AKPL,55,18,10,118.00,"1,180.00"
2020-07-13,2020071301014302,AKPL,55,57,300,118.00,"35,400.00"
2020-07-13,2020071301014301,AKPL,55,36,710,118.00,"83,780.00"
2020-07-13,2020071301014481,ALICL,45,32,500,606.00,"303,000.00"
2020-07-13,2020071301014445,ALICL,45,55,312,606.00,"189,072.00"
2020-07-13,2020071301014029,ALICL,45,57,17,607.00,"10,319.00"
2020-07-13,2020071301014021,ALICL,45,16,10,606.00,"6,060.00"
2020-07-13,2020071301014473,API,51,1,200,106.00,"21,200.00"
2020-07-13,2020071301014420,API,55,6,100,105.00,"10,500.00"
2020-07-13,2020071301014462,BOKL,34,18,400,216.00,"86,400.00"
2020-07-13,2020071301014461,BOKL,22,18,10,216.00,"2,160.00"
2020-07-13,2020071301014460,BOKL,19,18,134,216.00,"28,944.00"
2020-07-13,2020071301014076,BPCL,10,48,145,353.00,"51,185.00"
2020-07-13,2020071301014398,CBBL,10,44,50,"1,086.00","54,300.00"
2020-07-13,2020071301014352,CBBL,53,21,36,"1,090.00","39,240.00"
2020-07-13,2020071301014351,CBBL,53,51,36,"1,090.00","39,240.00"
2020-07-13,2020071301014350,CBBL,53,41,285,"1,090.00","310,650.00"
2020-07-13,2020071301014273,CBBL,43,8,50,"1,086.00","54,300.00"
2020-07-13,2020071301014272,CBBL,43,14,55,"1,085.00","59,675.00"
2020-07-13,2020071301014194,CBBL,44,14,10,"1,085.00","10,850.00"
2020-07-13,2020071301014279,CBBL,43,41,15,"1,090.00","16,350.00"
2020-07-13,2020071301014278,CBBL,43,59,100,"1,090.00","109,000.00"
2020-07-13,2020071301014277,CBBL,43,44,400,"1,089.00","435,600.00"
2020-07-13,2020071301014276,CBBL,43,6,100,"1,088.00","108,800.00"
2020-07-13,2020071301014275,CBBL,43,48,60,"1,088.00","65,280.00"
2020-07-13,2020071301014274,CBBL,43,47,20,"1,087.00","21,740.00"
2020-07-13,2020071301014330,CBL,6,32,"1,100",136.00,"149,600.00"
2020-07-13,2020071301014035,CBL,28,7,45,135.00,"6,075.00"
2020-07-13,2020071301014034,CBL,45,7,88,135.00,"11,880.00"
2020-07-13,2020071301014026,CBL,45,51,400,135.00,"54,000.00"
2020-07-13,2020071301014480,CCBL,49,52,26,162.00,"4,212.00"
2020-07-13,2020071301014304,CCBL,51,52,50,162.00,"8,100.00"
2020-07-13,2020071301014122,CCBL,32,52,124,162.00,"20,088.00"
2020-07-13,2020071301014397,CHCL,48,10,20,383.00,"7,660.00"
2020-07-13,2020071301014258,CIT,1,19,20,"2,456.00","49,120.00"
2020-07-13,2020071301014257,CIT,25,19,40,"2,457.00","98,280.00"
2020-07-13,2020071301014256,CIT,14,19,40,"2,458.00","98,320.00"
2020-07-13,2020071301014303,CLBSL,49,44,100,681.00,"68,100.00"
2020-07-13,2020071301013993,CZBIL,39,34,173,185.00,"32,005.00"
2020-07-13,2020071301013992,CZBIL,20,34,136,185.00,"25,160.00"
2020-07-13,2020071301014007,DDBL,34,34,55,865.00,"47,575.00"
2020-07-13,2020071301014421,EBL,59,44,50,662.00,"33,100.00"
2020-07-13,2020071301014353,EIC,5,16,765,408.00,"312,120.00"
2020-07-13,2020071301014033,EIC,45,16,35,408.00,"14,280.00"
2020-07-13,2020071301014283,FMDBL,10,3,50,543.00,"27,150.00"
2020-07-13,2020071301014006,FMDBL,57,35,389,539.00,"209,671.00"
2020-07-13,2020071301014005,FMDBL,50,35,21,540.00,"11,340.00"
2020-07-13,2020071301014141,FOWAD,56,3,13,"1,587.00","20,631.00"
2020-07-13,2020071301014059,FOWAD,56,38,17,"1,575.00","26,775.00"
2020-07-13,2020071301014058,FOWAD,56,28,14,"1,570.00","21,980.00"
2020-07-13,2020071301014057,FOWAD,56,58,19,"1,570.00","29,830.00"
2020-07-13,2020071301014056,FOWAD,56,19,161,"1,569.00","252,609.00"
2020-07-13,2020071301014429,GBBL,22,55,200,220.00,"44,000.00"
2020-07-13,2020071301014388,GBIME,13,28,129,241.00,"31,089.00"
2020-07-13,2020071301014375,GBIME,13,28,124,241.00,"29,884.00"
2020-07-13,2020071301014374,GBIME,13,48,30,241.00,"7,230.00"
2020-07-13,2020071301014349,GBIME,29,40,100,240.00,"24,000.00"
2020-07-13,2020071301014295,GBIME,26,40,100,240.00,"24,000.00"
2020-07-13,2020071301014292,GBIME,42,40,200,240.00,"48,000.00"
2020-07-13,2020071301014453,GBLBS,58,52,15,512.00,"7,680.00"
2020-07-13,2020071301014452,GBLBS,58,48,150,511.00,"76,650.00"
2020-07-13,2020071301014451,GBLBS,58,45,15,510.00,"7,650.00"
2020-07-13,2020071301014340,GBLBS,57,52,189,508.00,"96,012.00"
2020-07-13,2020071301014339,GBLBS,57,52,500,508.00,"254,000.00"
2020-07-13,2020071301014062,GBLBS,58,52,50,511.00,"25,550.00"
2020-07-13,2020071301014055,GBLBS,1,45,15,509.00,"7,635.00"
2020-07-13,2020071301014044,GBLBS,58,52,50,511.00,"25,550.00"
2020-07-13,2020071301014019,GHL,25,34,30,52.00,"1,560.00"
2020-07-13,2020071301014482,GLBSL,43,18,10,717.00,"7,170.00"
2020-07-13,2020071301014289,GLBSL,43,48,15,717.00,"10,755.00"
2020-07-13,2020071301014476,GLICL,5,58,500,484.00,"242,000.00"
2020-07-13,2020071301014475,GLICL,5,34,10,484.00,"4,840.00"
2020-07-13,2020071301014474,GLICL,5,6,25,483.00,"12,075.00"
2020-07-13,2020071301014300,GMFBS,33,55,30,840.00,"25,200.00"
2020-07-13,2020071301014310,GUFL,42,51,28,120.00,"3,360.00"
2020-07-13,2020071301014309,GUFL,42,38,30,120.00,"3,600.00"
2020-07-13,2020071301014308,GUFL,42,4,30,120.00,"3,600.00"
2020-07-13,2020071301014307,GUFL,42,21,12,120.00,"1,440.00"
2020-07-13,2020071301014467,HDL,17,5,75,"1,635.00","122,625.00"
2020-07-13,2020071301014466,HDL,8,5,25,"1,635.00","40,875.00"
2020-07-13,2020071301014384,HDL,8,13,15,"1,635.00","24,525.00"
2020-07-13,2020071301014348,HDL,8,53,30,"1,635.00","49,050.00"
2020-07-13,2020071301014208,HDL,8,35,30,"1,635.00","49,050.00"
2020-07-13,2020071301014061,HDL,45,44,500,"1,630.00","815,000.00"
2020-07-13,2020071301014036,HDL,32,35,20,"1,635.00","32,700.00"
2020-07-13,2020071301014016,HDL,45,32,500,"1,633.00","816,500.00"
2020-07-13,2020071301014107,HGI,16,48,150,420.00,"63,000.00"
2020-07-13,2020071301014159,HPPL,45,42,20,136.00,"2,720.00"
2020-07-13,2020071301014158,HPPL,45,52,98,136.00,"13,328.00"
2020-07-13,2020071301014157,HPPL,45,42,10,135.00,"1,350.00"
2020-07-13,2020071301014156,HPPL,45,42,10,135.00,"1,350.00"
2020-07-13,2020071301014155,HPPL,45,21,10,135.00,"1,350.00"
2020-07-13,2020071301014154,HPPL,45,21,20,134.00,"2,680.00"
2020-07-13,2020071301014147,HPPL,45,21,10,134.00,"1,340.00"
2020-07-13,2020071301014146,HPPL,45,21,10,134.00,"1,340.00"
2020-07-13,2020071301014145,HPPL,45,33,115,134.00,"15,410.00"
2020-07-13,2020071301014153,HPPL,45,42,10,134.00,"1,340.00"
2020-07-13,2020071301014152,HPPL,45,34,10,134.00,"1,340.00"
2020-07-13,2020071301014151,HPPL,45,26,10,134.00,"1,340.00"
2020-07-13,2020071301014150,HPPL,45,41,10,134.00,"1,340.00"
2020-07-13,2020071301014149,HPPL,45,59,250,134.00,"33,500.00"
2020-07-13,2020071301014148,HPPL,45,29,10,134.00,"1,340.00"
2020-07-13,2020071301014231,ILBS,55,3,30,817.00,"24,510.00"
2020-07-13,2020071301014226,ILBS,16,16,100,816.00,"81,600.00"
2020-07-13,2020071301014363,JBBL,14,33,385,167.00,"64,295.00"
2020-07-13,2020071301014144,JBBL,14,26,247,167.00,"41,249.00"
2020-07-13,2020071301014050,JBBL,29,56,70,168.00,"11,760.00"
2020-07-13,2020071301014049,JBBL,29,47,10,168.00,"1,680.00"
2020-07-13,2020071301014031,JOSHI,25,34,20,50.00,"1,000.00"
2020-07-13,2020071301014143,JSLBB,57,34,10,"1,675.00","16,750.00"
2020-07-13,2020071301014365,KBL,14,6,210,186.00,"39,060.00"
2020-07-13,2020071301014364,KBL,14,26,90,186.00,"16,740.00"
2020-07-13,2020071301014438,KMCDB,52,7,10,799.00,"7,990.00"
2020-07-13,2020071301014045,KPCL,21,34,10,102.00,"1,020.00"
2020-07-13,2020071301014238,KSBBL,21,40,46,146.00,"6,716.00"
2020-07-13,2020071301014008,KSBBL,21,4,15,146.00,"2,190.00"
2020-07-13,2020071301014281,LGIL,38,43,100,453.00,"45,300.00"
2020-07-13,2020071301014068,LGIL,45,58,10,454.00,"4,540.00"
2020-07-13,2020071301014067,LGIL,10,43,10,455.00,"4,550.00"
2020-07-13,2020071301014108,LLBS,48,48,100,"1,120.00","112,000.00"
2020-07-13,2020071301014383,MBL,33,33,10,217.00,"2,170.00"
2020-07-13,2020071301014121,MBL,34,25,46,215.00,"9,890.00"
2020-07-13,2020071301014120,MBL,42,25,200,215.00,"43,000.00"
2020-07-13,2020071301014119,MBL,29,25,20,215.00,"4,300.00"
2020-07-13,2020071301014419,MEGA,38,28,15,207.00,"3,105.00"
2020-07-13,2020071301014418,MEGA,38,22,124,207.00,"25,668.00"
2020-07-13,2020071301014356,MEGA,29,22,500,207.00,"103,500.00"
2020-07-13,2020071301014106,MEGA,19,55,48,206.00,"9,888.00"
2020-07-13,2020071301014053,MEGA,45,22,325,207.00,"67,275.00"
2020-07-13,2020071301014052,MEGA,45,16,175,207.00,"36,225.00"
2020-07-13,2020071301014023,MEGA,19,49,10,206.00,"2,060.00"
2020-07-13,2020071301014129,MEGA,11,22,51,207.00,"10,557.00"
2020-07-13,2020071301014391,MFIL,50,18,395,304.00,"120,080.00"
2020-07-13,2020071301014207,MFIL,43,35,800,301.00,"240,800.00"
2020-07-13,2020071301014206,MFIL,28,35,500,301.00,"150,500.00"
2020-07-13,2020071301014205,MFIL,33,35,50,301.00,"15,050.00"
2020-07-13,2020071301014204,MFIL,3,35,300,301.00,"90,300.00"
2020-07-13,2020071301014203,MFIL,43,35,"1,000",302.00,"302,000.00"
2020-07-13,2020071301014202,MFIL,28,35,500,302.00,"151,000.00"
2020-07-13,2020071301014201,MFIL,50,35,100,303.00,"30,300.00"
2020-07-13,2020071301014200,MFIL,28,35,500,303.00,"151,500.00"
2020-07-13,2020071301014199,MFIL,28,35,250,303.00,"75,750.00"
2020-07-13,2020071301014280,MNBBL,1,43,300,309.00,"92,700.00"
2020-07-13,2020071301013998,MNBBL,59,13,300,308.00,"92,400.00"
2020-07-13,2020071301014369,NABIL,45,8,896,744.00,"666,624.00"
2020-07-13,2020071301014368,NABIL,22,8,25,744.00,"18,600.00"
2020-07-13,2020071301014367,NABIL,29,8,175,744.00,"130,200.00"
2020-07-13,2020071301014366,NABIL,26,8,100,745.00,"74,500.00"
2020-07-13,2020071301014133,NADEP,18,51,50,653.00,"32,650.00"
2020-07-13,2020071301014132,NADEP,18,50,103,653.00,"67,259.00"
2020-07-13,2020071301014131,NADEP,18,58,100,652.00,"65,200.00"
2020-07-13,2020071301014130,NADEP,18,36,100,652.00,"65,200.00"
2020-07-13,2020071301014042,NADEP,1,50,20,647.00,"12,940.00"
2020-07-13,2020071301014014,NADEP,16,50,100,647.00,"64,700.00"
2020-07-13,2020071301013999,NADEP,43,50,50,647.00,"32,350.00"
2020-07-13,2020071301014043,NADEP,1,51,91,647.00,"58,877.00"
2020-07-13,2020071301014236,NBB,44,28,322,197.00,"63,434.00"
2020-07-13,2020071301014235,NBB,44,50,"1,000",197.00,"197,000.00"
2020-07-13,2020071301014234,NBB,44,39,81,197.00,"15,957.00"
2020-07-13,2020071301014233,NBB,44,34,184,197.00,"36,248.00"
2020-07-13,2020071301014232,NBB,44,4,52,197.00,"10,244.00"
2020-07-13,2020071301014396,NBL,44,41,474,239.00,"113,286.00"
2020-07-13,2020071301014395,NBL,51,41,346,239.00,"82,694.00"
2020-07-13,2020071301014394,NBL,37,41,100,239.00,"23,900.00"
2020-07-13,2020071301014240,NBL,48,33,180,240.00,"43,200.00"
2020-07-13,2020071301014142,NBL,45,33,200,240.00,"48,000.00"
2020-07-13,2020071301014100,NBL,7,33,100,240.00,"24,000.00"
2020-07-13,2020071301014099,NBL,45,33,52,240.00,"12,480.00"
2020-07-13,2020071301014472,NCCB,52,29,408,183.00,"74,664.00"
2020-07-13,2020071301014471,NCCB,52,4,500,183.00,"91,500.00"
2020-07-13,2020071301014470,NCCB,52,57,92,183.00,"16,836.00"
2020-07-13,2020071301014250,NCCB,34,13,701,182.00,"127,582.00"
2020-07-13,2020071301014249,NCCB,34,13,18,182.00,"3,276.00"
2020-07-13,2020071301014003,NCCB,42,13,200,182.00,"36,400.00"
2020-07-13,2020071301014338,NGPL,52,33,100,117.00,"11,700.00"
2020-07-13,2020071301014337,NGPL,14,33,100,117.00,"11,700.00"
2020-07-13,2020071301013996,NHPC,38,34,175,52.00,"9,100.00"
2020-07-13,2020071301013995,NHPC,48,34,90,52.00,"4,680.00"
2020-07-13,2020071301014469,NIB,36,38,37,437.00,"16,169.00"
2020-07-13,2020071301014468,NIB,36,6,163,436.00,"71,068.00"
2020-07-13,2020071301014306,NIB,45,18,10,435.00,"4,350.00"
2020-07-13,2020071301014412,NIBLPF,44,34,"1,000",7.76,"7,760.00"
2020-07-13,2020071301014386,NIBLPF,44,34,"1,000",7.76,"7,760.00"
2020-07-13,2020071301014358,NIBLPF,44,34,242,7.76,"1,877.92"
2020-07-13,2020071301014357,NIBLPF,44,4,758,7.76,"5,882.08"
2020-07-13,2020071301014344,NICA,17,33,100,518.00,"51,800.00"
2020-07-13,2020071301014078,NICA,45,28,988,516.00,"509,808.00"
2020-07-13,2020071301014077,NICA,52,28,12,517.00,"6,204.00"
2020-07-13,2020071301014074,NICA,52,44,215,517.00,"111,155.00"
2020-07-13,2020071301014073,NICA,52,28,273,517.00,"141,141.00"
2020-07-13,2020071301014069,NICA,45,28,127,517.00,"65,659.00"
2020-07-13,2020071301014136,NICGF,42,26,"1,000",9.86,"9,860.00"
2020-07-13,2020071301014075,NICGF,42,43,"6,000",9.85,"59,100.00"
2020-07-13,2020071301014048,NICGF,42,57,800,9.66,"7,728.00"
2020-07-13,2020071301014454,NICL,52,5,100,458.00,"45,800.00"
2020-07-13,2020071301014392,NICL,26,6,100,456.00,"45,600.00"
2020-07-13,2020071301014413,NIL,45,16,500,611.00,"305,500.00"
2020-07-13,2020071301014105,NIL,38,37,24,612.00,"14,688.00"
2020-07-13,2020071301014046,NIL,35,6,100,611.00,"61,100.00"
2020-07-13,2020071301014013,NIL,3,38,112,611.00,"68,432.00"
2020-07-13,2020071301014478,NLBBL,25,25,450,754.00,"339,300.00"
2020-07-13,2020071301014477,NLBBL,48,25,50,754.00,"37,700.00"
2020-07-13,2020071301014426,NLIC,14,33,50,"1,270.00","63,500.00"
2020-07-13,2020071301014416,NLIC,6,33,100,"1,270.00","127,000.00"
2020-07-13,2020071301014415,NLIC,58,33,73,"1,270.00","92,710.00"
2020-07-13,2020071301014414,NLIC,26,33,100,"1,270.00","127,000.00"
2020-07-13,2020071301014393,NLIC,33,43,50,"1,272.00","63,600.00"
2020-07-13,2020071301014359,NLIC,58,1,10,"1,270.00","12,700.00"
2020-07-13,2020071301014054,NLIC,22,34,170,"1,270.00","215,900.00"
2020-07-13,2020071301014166,NLIC,45,6,22,"1,272.00","27,984.00"
2020-07-13,2020071301014165,NLIC,45,6,22,"1,272.00","27,984.00"
2020-07-13,2020071301014164,NLIC,45,6,22,"1,272.00","27,984.00"
2020-07-13,2020071301014163,NLIC,45,6,22,"1,272.00","27,984.00"
2020-07-13,2020071301014162,NLIC,45,6,22,"1,272.00","27,984.00"
2020-07-13,2020071301014161,NLIC,45,43,18,"1,272.00","22,896.00"
2020-07-13,2020071301014345,NLIC,58,53,17,"1,270.00","21,590.00"
2020-07-13,2020071301014342,NLIC,14,43,50,"1,272.00","63,600.00"
2020-07-13,2020071301014237,NLIC,45,44,"1,000","1,273.00","1,273,000.00"
2020-07-13,2020071301014169,NLIC,45,44,112,"1,273.00","142,576.00"
2020-07-13,2020071301014168,NLIC,45,6,22,"1,272.00","27,984.00"
2020-07-13,2020071301014167,NLIC,45,6,22,"1,272.00","27,984.00"
2020-07-13,2020071301014483,NMB,36,4,159,383.00,"60,897.00"
2020-07-13,2020071301014479,NMB,47,4,100,383.00,"38,300.00"
2020-07-13,2020071301014434,NMB,47,4,650,383.00,"248,950.00"
2020-07-13,2020071301014409,NMB,7,4,38,383.00,"14,554.00"
2020-07-13,2020071301014406,NMB,40,4,200,383.00,"76,600.00"
2020-07-13,2020071301014313,NMB,41,4,853,383.00,"326,699.00"
2020-07-13,2020071301014079,NMB,41,7,630,384.00,"241,920.00"
2020-07-13,2020071301014060,NMB,47,7,150,384.00,"57,600.00"
2020-07-13,2020071301014015,NMB,47,7,120,384.00,"46,080.00"
2020-07-13,2020071301014259,NMB,47,38,100,384.00,"38,400.00"
2020-07-13,2020071301014248,NMB,47,16,235,384.00,"90,240.00"
2020-07-13,2020071301014247,NMB,41,16,765,384.00,"293,760.00"
2020-07-13,2020071301014195,NMB,45,16,115,385.00,"44,275.00"
2020-07-13,2020071301014179,NMB,47,16,400,385.00,"154,000.00"
2020-07-13,2020071301014138,NMB,41,52,605,384.00,"232,320.00"
2020-07-13,2020071301014305,NMB,47,16,250,384.00,"96,000.00"
2020-07-13,2020071301014285,NMB,47,16,400,384.00,"153,600.00"
2020-07-13,2020071301014263,NMB,41,28,"1,147",383.00,"439,301.00"
2020-07-13,2020071301014262,NMB,25,28,500,383.00,"191,500.00"
2020-07-13,2020071301014261,NMB,38,28,60,383.00,"22,980.00"
2020-07-13,2020071301014260,NMB,47,28,265,384.00,"101,760.00"
2020-07-13,2020071301014440,NMBHF1,42,10,"1,000",9.38,"9,380.00"
2020-07-13,2020071301014449,NMBMF,41,44,150,804.00,"120,600.00"
2020-07-13,2020071301014224,NMBMF,45,33,200,800.00,"160,000.00"
2020-07-13,2020071301014032,NMBMF,10,44,10,805.00,"8,050.00"
2020-07-13,2020071301014018,NMBMF,26,44,33,805.00,"26,565.00"
2020-07-13,2020071301014017,NMBMF,26,7,27,800.00,"21,600.00"
2020-07-13,2020071301014178,NMFBS,33,39,10,"1,640.00","16,400.00"
2020-07-13,2020071301014098,NMFBS,14,38,10,"1,610.00","16,100.00"
2020-07-13,2020071301014491,NRIC,16,22,10,509.00,"5,090.00"
2020-07-13,2020071301014490,NRIC,16,33,50,509.00,"25,450.00"
2020-07-13,2020071301014489,NRIC,16,34,160,509.00,"81,440.00"
2020-07-13,2020071301014488,NRIC,6,29,40,508.00,"20,320.00"
2020-07-13,2020071301014484,NRIC,11,34,190,509.00,"96,710.00"
2020-07-13,2020071301014463,NRIC,6,29,40,508.00,"20,320.00"
2020-07-13,2020071301013994,NRIC,54,21,40,506.00,"20,240.00"
2020-07-13,2020071301014024,NRIC,41,22,40,507.00,"20,280.00"
2020-07-13,2020071301014022,NRIC,41,29,40,507.00,"20,280.00"
2020-07-13,2020071301014012,NRIC,41,16,40,507.00,"20,280.00"
2020-07-13,2020071301014011,NRIC,41,35,40,507.00,"20,280.00"
2020-07-13,2020071301014009,NRIC,54,29,40,506.00,"20,240.00"
2020-07-13,2020071301014002,NRIC,54,28,40,506.00,"20,240.00"
2020-07-13,2020071301014041,NRIC,54,44,40,506.00,"20,240.00"
2020-07-13,2020071301014040,NRIC,54,29,20,506.00,"10,120.00"
2020-07-13,2020071301014039,NRIC,41,29,20,507.00,"10,140.00"
2020-07-13,2020071301014028,NRIC,41,14,30,507.00,"15,210.00"
2020-07-13,2020071301014027,NRIC,41,16,40,507.00,"20,280.00"
2020-07-13,2020071301014025,NRIC,41,28,50,507.00,"25,350.00"
2020-07-13,2020071301014082,NRIC,16,17,30,508.00,"15,240.00"
2020-07-13,2020071301014081,NRIC,16,41,50,508.00,"25,400.00"
2020-07-13,2020071301014080,NRIC,16,13,50,508.00,"25,400.00"
2020-07-13,2020071301014072,NRIC,44,42,40,507.00,"20,280.00"
2020-07-13,2020071301014066,NRIC,44,29,40,507.00,"20,280.00"
2020-07-13,2020071301014065,NRIC,44,39,20,507.00,"10,140.00"
2020-07-13,2020071301014088,NRIC,16,19,40,508.00,"20,320.00"
2020-07-13,2020071301014087,NRIC,16,22,10,508.00,"5,080.00"
2020-07-13,2020071301014086,NRIC,16,38,40,508.00,"20,320.00"
2020-07-13,2020071301014085,NRIC,16,38,40,508.00,"20,320.00"
2020-07-13,2020071301014084,NRIC,16,38,40,508.00,"20,320.00"
2020-07-13,2020071301014083,NRIC,16,35,20,508.00,"10,160.00"
2020-07-13,2020071301014094,NRIC,16,16,40,508.00,"20,320.00"
2020-07-13,2020071301014093,NRIC,16,16,50,508.00,"25,400.00"
2020-07-13,2020071301014092,NRIC,16,49,40,508.00,"20,320.00"
2020-07-13,2020071301014091,NRIC,16,52,40,508.00,"20,320.00"
2020-07-13,2020071301014090,NRIC,16,8,40,508.00,"20,320.00"
2020-07-13,2020071301014089,NRIC,16,19,40,508.00,"20,320.00"
2020-07-13,2020071301014127,NRIC,44,21,40,507.00,"20,280.00"
2020-07-13,2020071301014110,NRIC,44,29,40,507.00,"20,280.00"
2020-07-13,2020071301014109,NRIC,16,35,50,508.00,"25,400.00"
2020-07-13,2020071301014097,NRIC,16,16,40,508.00,"20,320.00"
2020-07-13,2020071301014096,NRIC,16,40,300,508.00,"152,400.00"
2020-07-13,2020071301014095,NRIC,16,16,40,508.00,"20,320.00"
2020-07-13,2020071301014183,NRIC,6,10,50,508.00,"25,400.00"
2020-07-13,2020071301014171,NRIC,26,4,400,509.00,"203,600.00"
2020-07-13,2020071301014170,NRIC,6,29,40,508.00,"20,320.00"
2020-07-13,2020071301014160,NRIC,6,26,40,508.00,"20,320.00"
2020-07-13,2020071301014140,NRIC,45,34,20,507.00,"10,140.00"
2020-07-13,2020071301014139,NRIC,44,34,20,507.00,"10,140.00"
2020-07-13,2020071301014191,NRIC,28,39,20,509.00,"10,180.00"
2020-07-13,2020071301014190,NRIC,28,39,50,509.00,"25,450.00"
2020-07-13,2020071301014189,NRIC,28,39,50,509.00,"25,450.00"
2020-07-13,2020071301014188,NRIC,28,35,40,509.00,"20,360.00"
2020-07-13,2020071301014187,NRIC,28,14,40,509.00,"20,360.00"
2020-07-13,2020071301014186,NRIC,28,4,300,509.00,"152,700.00"
2020-07-13,2020071301014211,NRIC,28,39,40,509.00,"20,360.00"
2020-07-13,2020071301014210,NRIC,28,39,50,509.00,"25,450.00"
2020-07-13,2020071301014209,NRIC,28,35,320,509.00,"162,880.00"
2020-07-13,2020071301014197,NRIC,6,52,50,508.00,"25,400.00"
2020-07-13,2020071301014193,NRIC,6,29,40,508.00,"20,320.00"
2020-07-13,2020071301014192,NRIC,6,21,40,508.00,"20,320.00"
2020-07-13,2020071301014225,NRIC,6,21,40,508.00,"20,320.00"
2020-07-13,2020071301014222,NRIC,6,8,50,508.00,"25,400.00"
2020-07-13,2020071301014220,NRIC,6,29,40,508.00,"20,320.00"
2020-07-13,2020071301014214,NRIC,28,39,10,509.00,"5,090.00"
2020-07-13,2020071301014213,NRIC,28,39,40,509.00,"20,360.00"
2020-07-13,2020071301014212,NRIC,28,39,40,509.00,"20,360.00"
2020-07-13,2020071301014266,NRIC,47,39,40,509.00,"20,360.00"
2020-07-13,2020071301014246,NRIC,6,29,40,508.00,"20,320.00"
2020-07-13,2020071301014244,NRIC,6,21,40,508.00,"20,320.00"
2020-07-13,2020071301014239,NRIC,6,58,50,508.00,"25,400.00"
2020-07-13,2020071301014230,NRIC,6,29,40,508.00,"20,320.00"
2020-07-13,2020071301014228,NRIC,6,6,50,508.00,"25,400.00"
2020-07-13,2020071301014284,NRIC,6,21,40,508.00,"20,320.00"
2020-07-13,2020071301014271,NRIC,6,17,40,508.00,"20,320.00"
2020-07-13,2020071301014270,NRIC,6,29,40,508.00,"20,320.00"
2020-07-13,2020071301014269,NRIC,47,56,10,509.00,"5,090.00"
2020-07-13,2020071301014268,NRIC,47,35,40,509.00,"20,360.00"
2020-07-13,2020071301014267,NRIC,47,39,40,509.00,"20,360.00"
2020-07-13,2020071301014317,NRIC,16,58,40,509.00,"20,360.00"
2020-07-13,2020071301014316,NRIC,16,58,40,509.00,"20,360.00"
2020-07-13,2020071301014312,NRIC,6,19,50,508.00,"25,400.00"
2020-07-13,2020071301014311,NRIC,6,17,40,508.00,"20,320.00"
2020-07-13,2020071301014299,NRIC,6,21,40,508.00,"20,320.00"
2020-07-13,2020071301014291,NRIC,6,19,40,508.00,"20,320.00"
2020-07-13,2020071301014323,NRIC,16,34,130,509.00,"66,170.00"
2020-07-13,2020071301014322,NRIC,16,57,40,509.00,"20,360.00"
2020-07-13,2020071301014321,NRIC,16,57,40,509.00,"20,360.00"
2020-07-13,2020071301014320,NRIC,16,56,10,509.00,"5,090.00"
2020-07-13,2020071301014319,NRIC,16,58,40,509.00,"20,360.00"
2020-07-13,2020071301014318,NRIC,16,58,40,509.00,"20,360.00"
2020-07-13,2020071301014335,NRIC,6,4,"1,910",508.00,"970,280.00"
2020-07-13,2020071301014331,NRIC,6,19,50,508.00,"25,400.00"
2020-07-13,2020071301014329,NRIC,6,32,40,508.00,"20,320.00"
2020-07-13,2020071301014328,NRIC,6,58,50,508.00,"25,400.00"
2020-07-13,2020071301014327,NRIC,6,38,40,508.00,"20,320.00"
2020-07-13,2020071301014324,NRIC,6,35,10,508.00,"5,080.00"
2020-07-13,2020071301014372,NRIC,6,59,40,508.00,"20,320.00"
2020-07-13,2020071301014371,NRIC,45,21,30,507.00,"15,210.00"
2020-07-13,2020071301014370,NRIC,45,32,50,507.00,"25,350.00"
2020-07-13,2020071301014354,NRIC,45,32,50,507.00,"25,350.00"
2020-07-13,2020071301014341,NRIC,32,21,10,508.00,"5,080.00"
2020-07-13,2020071301014336,NRIC,32,4,90,508.00,"45,720.00"
2020-07-13,2020071301014390,NRIC,6,29,40,508.00,"20,320.00"
2020-07-13,2020071301014387,NRIC,6,32,40,508.00,"20,320.00"
2020-07-13,2020071301014379,NRIC,6,38,40,508.00,"20,320.00"
2020-07-13,2020071301014377,NRIC,6,40,40,508.00,"20,320.00"
2020-07-13,2020071301014376,NRIC,6,4,"2,000",508.00,"1,016,000.00"
2020-07-13,2020071301014373,NRIC,6,58,40,508.00,"20,320.00"
2020-07-13,2020071301014417,NRIC,6,29,40,508.00,"20,320.00"
2020-07-13,2020071301014411,NRIC,6,17,40,508.00,"20,320.00"
2020-07-13,2020071301014407,NRIC,6,58,40,508.00,"20,320.00"
2020-07-13,2020071301014404,NRIC,6,4,"2,500",508.00,"1,270,000.00"
2020-07-13,2020071301014403,NRIC,16,34,520,509.00,"264,680.00"
2020-07-13,2020071301014401,NRIC,6,29,40,508.00,"20,320.00"
2020-07-13,2020071301014432,NRIC,6,29,40,508.00,"20,320.00"
2020-07-13,2020071301014431,NRIC,6,29,40,508.00,"20,320.00"
2020-07-13,2020071301014430,NRIC,6,4,"1,800",508.00,"914,400.00"
2020-07-13,2020071301014427,NRIC,4,4,50,508.00,"25,400.00"
2020-07-13,2020071301014423,NRIC,7,4,50,508.00,"25,400.00"
2020-07-13,2020071301014422,NRIC,6,4,100,508.00,"50,800.00"
2020-07-13,2020071301014459,NRIC,6,35,50,508.00,"25,400.00"
2020-07-13,2020071301014458,NRIC,6,58,40,508.00,"20,320.00"
2020-07-13,2020071301014457,NRIC,6,17,40,508.00,"20,320.00"
2020-07-13,2020071301014455,NRIC,6,29,40,508.00,"20,320.00"
2020-07-13,2020071301014450,NRIC,6,17,50,508.00,"25,400.00"
2020-07-13,2020071301014436,NRIC,6,32,40,508.00,"20,320.00"
2020-07-13,2020071301014362,NSEWA,39,39,425,672.00,"285,600.00"
2020-07-13,2020071301014425,NUBL,26,43,50,981.00,"49,050.00"
2020-07-13,2020071301014252,NUBL,39,39,17,982.00,"16,694.00"
2020-07-13,2020071301014245,NUBL,39,43,350,982.00,"343,700.00"
2020-07-13,2020071301014010,NUBL,26,43,450,981.00,"441,450.00"
2020-07-13,2020071301014456,OHL,45,49,19,310.00,"5,890.00"
2020-07-13,2020071301014001,OHL,45,50,31,305.00,"9,455.00"
2020-07-13,2020071301014000,OHL,42,50,179,305.00,"54,595.00"
2020-07-13,2020071301014402,PCBL,22,58,100,253.00,"25,300.00"
2020-07-13,2020071301014400,PCBL,37,58,500,253.00,"126,500.00"
2020-07-13,2020071301014381,PCBL,51,58,500,253.00,"126,500.00"
2020-07-13,2020071301014380,PCBL,49,58,786,253.00,"198,858.00"
2020-07-13,2020071301014378,PCBL,51,17,300,254.00,"76,200.00"
2020-07-13,2020071301014332,PCBL,49,58,"1,000",253.00,"253,000.00"
2020-07-13,2020071301014254,PCBL,49,34,214,253.00,"54,142.00"
2020-07-13,2020071301014182,PCBL,49,19,40,253.00,"10,120.00"
2020-07-13,2020071301014181,PCBL,49,58,"1,000",253.00,"253,000.00"
2020-07-13,2020071301014180,PCBL,49,44,40,253.00,"10,120.00"
2020-07-13,2020071301013997,PCBL,11,48,224,252.00,"56,448.00"
2020-07-13,2020071301014242,PLIC,25,48,305,541.00,"165,005.00"
2020-07-13,2020071301014128,PLIC,59,48,13,541.00,"7,033.00"
2020-07-13,2020071301014064,PLIC,51,48,400,541.00,"216,400.00"
2020-07-13,2020071301014334,PPCL,32,35,10,107.00,"1,070.00"
2020-07-13,2020071301014441,PRVU,6,29,175,224.00,"39,200.00"
2020-07-13,2020071301014408,PRVU,33,46,"1,000",225.00,"225,000.00"
2020-07-13,2020071301014443,RADHI,22,45,10,175.00,"1,750.00"
2020-07-13,2020071301014428,RADHI,22,38,10,175.00,"1,750.00"
2020-07-13,2020071301014405,RADHI,22,38,10,172.00,"1,720.00"
2020-07-13,2020071301014333,RADHI,22,38,10,169.00,"1,690.00"
2020-07-13,2020071301014298,RADHI,22,38,10,166.00,"1,660.00"
2020-07-13,2020071301014176,RADHI,45,34,11,163.00,"1,793.00"
2020-07-13,2020071301014063,RADHI,6,14,190,178.00,"33,820.00"
2020-07-13,2020071301014243,RHPC,37,8,19,81.00,"1,539.00"
2020-07-13,2020071301014346,RHPL,56,35,10,150.00,"1,500.00"
2020-07-13,2020071301014326,RHPL,56,18,20,150.00,"3,000.00"
2020-07-13,2020071301014196,RHPL,56,34,10,150.00,"1,500.00"
2020-07-13,2020071301014227,RMDC,16,52,123,696.00,"85,608.00"
2020-07-13,2020071301014173,RMDC,18,43,500,702.00,"351,000.00"
2020-07-13,2020071301014172,RMDC,18,53,12,702.00,"8,424.00"
2020-07-13,2020071301014111,RMDC,49,44,500,700.00,"350,000.00"
2020-07-13,2020071301014177,RSDC,35,14,50,524.00,"26,200.00"
2020-07-13,2020071301014126,RSDC,36,53,18,524.00,"9,432.00"
2020-07-13,2020071301014433,SABSL,19,44,11,817.00,"8,987.00"
2020-07-13,2020071301014355,SABSL,19,18,11,805.00,"8,855.00"
2020-07-13,2020071301014293,SADBL,4,49,244,144.00,"35,136.00"
2020-07-13,2020071301014288,SAEF,42,48,"1,000",9.72,"9,720.00"
2020-07-13,2020071301014287,SAEF,42,54,"2,000",9.70,"19,400.00"
2020-07-13,2020071301014286,SAEF,42,58,"5,000",9.69,"48,450.00"
2020-07-13,2020071301014465,SAND2085,58,41,100,"1,037.00","103,700.00"
2020-07-13,2020071301014464,SAND2085,49,41,15,"1,037.00","15,555.00"
2020-07-13,2020071301014343,SAND2085,49,11,25,"1,037.00","25,925.00"
2020-07-13,2020071301014446,SANIMA,43,13,"1,000",326.00,"326,000.00"
2020-07-13,2020071301014360,SANIMA,1,45,165,327.00,"53,955.00"
2020-07-13,2020071301014410,SBL,39,10,30,285.00,"8,550.00"
2020-07-13,2020071301014118,SCB,8,18,244,620.00,"151,280.00"
2020-07-13,2020071301014117,SCB,58,18,40,620.00,"24,800.00"
2020-07-13,2020071301014020,SCB,50,8,20,622.00,"12,440.00"
2020-07-13,2020071301014116,SCB,38,18,30,620.00,"18,600.00"
2020-07-13,2020071301014115,SCB,56,18,50,620.00,"31,000.00"
2020-07-13,2020071301014114,SCB,17,18,200,620.00,"124,000.00"
2020-07-13,2020071301014113,SCB,13,18,106,621.00,"65,826.00"
2020-07-13,2020071301014112,SCB,50,18,30,622.00,"18,660.00"
2020-07-13,2020071301014030,SDESI,35,58,10,945.00,"9,450.00"
2020-07-13,2020071301014347,SEF,42,49,"4,100",9.20,"37,720.00"
2020-07-13,2020071301014389,SHIVM,41,1,13,600.00,"7,800.00"
2020-07-13,2020071301014175,SIC,3,34,20,703.00,"14,060.00"
2020-07-13,2020071301014037,SIC,3,38,30,702.00,"21,060.00"
2020-07-13,2020071301014447,SICL,6,54,50,"1,010.00","50,500.00"
2020-07-13,2020071301014435,SICL,6,22,50,"1,010.00","50,500.00"
2020-07-13,2020071301014071,SICL,18,38,432,"1,011.00","436,752.00"
2020-07-13,2020071301014070,SICL,18,13,68,"1,011.00","68,748.00"
2020-07-13,2020071301014004,SIL,44,38,991,568.00,"562,888.00"
2020-07-13,2020071301014448,SJCL,49,44,10,138.00,"1,380.00"
2020-07-13,2020071301014382,SJCL,49,18,20,138.00,"2,760.00"
2020-07-13,2020071301014361,SJCL,49,35,10,138.00,"1,380.00"
2020-07-13,2020071301014315,SJCL,49,49,10,138.00,"1,380.00"
2020-07-13,2020071301014229,SJCL,49,34,10,138.00,"1,380.00"
2020-07-13,2020071301014125,SJCL,11,57,470,139.00,"65,330.00"
2020-07-13,2020071301014124,SJCL,11,19,20,139.00,"2,780.00"
2020-07-13,2020071301014123,SJCL,11,14,10,139.00,"1,390.00"
2020-07-13,2020071301014251,SKBBL,33,34,"1,000","1,270.00","1,270,000.00"
2020-07-13,2020071301014221,SKBBL,37,34,15,"1,268.00","19,020.00"
2020-07-13,2020071301014051,SKBBL,36,45,200,"1,270.00","254,000.00"
2020-07-13,2020071301014038,SKBBL,37,52,99,"1,268.00","125,532.00"
2020-07-13,2020071301014294,SLBBL,34,14,100,950.00,"95,000.00"
2020-07-13,2020071301014290,SLBS,59,8,37,"1,065.00","39,405.00"
2020-07-13,2020071301014255,SLBSL,25,8,10,891.00,"8,910.00"
2020-07-13,2020071301014314,SLICL,44,40,95,457.00,"43,415.00"
2020-07-13,2020071301014265,SLICL,44,47,30,457.00,"13,710.00"
2020-07-13,2020071301014104,SLICL,44,11,25,457.00,"11,425.00"
2020-07-13,2020071301014174,SMFBS,11,34,20,970.00,"19,400.00"
2020-07-13,2020071301014442,SPARS,45,18,10,875.00,"8,750.00"
2020-07-13,2020071301014297,SPARS,51,46,190,892.00,"169,480.00"
2020-07-13,2020071301014282,SPARS,51,50,20,887.00,"17,740.00"
2020-07-13,2020071301014241,SPARS,51,56,50,879.00,"43,950.00"
2020-07-13,2020071301014219,SPARS,51,18,210,887.00,"186,270.00"
2020-07-13,2020071301014218,SPARS,51,4,15,887.00,"13,305.00"
2020-07-13,2020071301014217,SPARS,51,55,50,884.00,"44,200.00"
2020-07-13,2020071301014216,SPARS,51,26,30,883.00,"26,490.00"
2020-07-13,2020071301014215,SPARS,51,17,10,880.00,"8,800.00"
2020-07-13,2020071301014103,SPARS,51,48,10,877.00,"8,770.00"
2020-07-13,2020071301014102,SPARS,51,45,10,877.00,"8,770.00"
2020-07-13,2020071301014101,SPARS,51,21,10,877.00,"8,770.00"
2020-07-13,2020071301014047,SRBL,58,14,10,230.00,"2,300.00"
2020-07-13,2020071301014487,SWBBL,33,10,109,"1,200.00","130,800.00"
2020-07-13,2020071301014486,SWBBL,33,45,100,"1,200.00","120,000.00"
2020-07-13,2020071301014485,SWBBL,33,36,91,"1,200.00","109,200.00"
2020-07-13,2020071301014325,SWBBL,17,10,200,"1,199.00","239,800.00"
2020-07-13,2020071301014296,SWBBL,14,47,27,"1,195.00","32,265.00"
2020-07-13,2020071301014198,SWBBL,13,50,144,"1,193.00","171,792.00"
2020-07-13,2020071301014185,SWBBL,19,50,86,"1,193.00","102,598.00"
2020-07-13,2020071301014184,SWBBL,19,39,14,"1,192.00","16,688.00"
2020-07-13,2020071301014444,UIC,35,6,50,377.00,"18,850.00"
2020-07-13,2020071301014137,UIC,6,43,50,377.00,"18,850.00"
2020-07-13,2020071301014385,UPCL,41,4,270,69.00,"18,630.00"
2020-07-13,2020071301014253,UPCL,41,34,50,69.00,"3,450.00"
2020-07-13,2020071301014439,UPPER,41,10,57,231.00,"13,167.00"
2020-07-13,2020071301014264,UPPER,41,34,40,231.00,"9,240.00"
2020-07-13,2020071301014223,UPPER,41,34,40,231.00,"9,240.00"
2020-07-13,2020071301014424,WOMI,10,52,10,"1,024.00","10,240.00"
2020-07-13,2020071301013864,ADBL,58,16,55,375.00,"20,625.00"
2020-07-13,2020071301013863,ADBL,25,16,150,375.00,"56,250.00"
2020-07-13,2020071301013862,ADBL,47,16,53,375.00,"19,875.00"
2020-07-13,2020071301013861,ADBL,3,16,200,376.00,"75,200.00"
2020-07-13,2020071301013823,ADBL,14,34,163,376.00,"61,288.00"
2020-07-13,2020071301013605,ADBL,49,14,"10,000",375.00,"3,750,000.00"
2020-07-13,2020071301013822,ADBL,14,28,35,376.00,"13,160.00"
2020-07-13,2020071301013763,ADBL,33,28,50,376.00,"18,800.00"
2020-07-13,2020071301013639,AHPC,45,34,55,92.00,"5,060.00"
2020-07-13,2020071301013922,ALBSL,16,48,10,772.00,"7,720.00"
2020-07-13,2020071301013921,ALBSL,16,49,30,765.00,"22,950.00"
2020-07-13,2020071301013904,ALBSL,16,34,15,760.00,"11,400.00"
2020-07-13,2020071301013837,ALBSL,16,18,11,747.00,"8,217.00"
2020-07-13,2020071301013809,ALICL,45,16,10,606.00,"6,060.00"
2020-07-13,2020071301013545,ALICL,44,28,317,605.00,"191,785.00"
2020-07-13,2020071301013544,ALICL,51,28,273,606.00,"165,438.00"
2020-07-13,2020071301013893,API,55,18,11,105.00,"1,155.00"
2020-07-13,2020071301013900,BFC,8,29,"1,200",91.00,"109,200.00"
2020-07-13,2020071301013873,BOKL,19,51,136,216.00,"29,376.00"
2020-07-13,2020071301013513,BOKL,4,16,150,217.00,"32,550.00"
2020-07-13,2020071301013889,CBBL,53,43,500,"1,084.00","542,000.00"
2020-07-13,2020071301013880,CBBL,35,22,100,"1,084.00","108,400.00"
2020-07-13,2020071301013848,CBBL,49,44,98,"1,080.00","105,840.00"
2020-07-13,2020071301013820,CBBL,49,44,296,"1,080.00","319,680.00"
2020-07-13,2020071301013819,CBBL,49,35,50,"1,080.00","54,000.00"
2020-07-13,2020071301013818,CBBL,49,54,100,"1,080.00","108,000.00"
2020-07-13,2020071301013817,CBBL,49,49,13,"1,080.00","14,040.00"
2020-07-13,2020071301013816,CBBL,49,34,41,"1,080.00","44,280.00"
2020-07-13,2020071301013617,CBBL,35,34,59,"1,077.00","63,543.00"
2020-07-13,2020071301013885,CCBL,32,42,306,162.00,"49,572.00"
2020-07-13,2020071301013808,CCBL,32,56,20,162.00,"3,240.00"
2020-07-13,2020071301013785,CCBL,29,29,1,160.00,160.00
2020-07-13,2020071301013577,CCBL,32,45,20,162.00,"3,240.00"
2020-07-13,2020071301013582,CHCL,49,13,19,384.00,"7,296.00"
2020-07-13,2020071301013870,CIT,45,19,25,"2,463.00","61,575.00"
2020-07-13,2020071301013644,CIT,45,45,12,"2,460.00","29,520.00"
2020-07-13,2020071301013614,CIT,1,45,50,"2,460.00","123,000.00"
2020-07-13,2020071301013611,CIT,14,40,150,"2,458.00","368,700.00"
2020-07-13,2020071301013590,CIT,45,45,100,"2,460.00","246,000.00"
2020-07-13,2020071301013525,CIT,14,1,10,"2,458.00","24,580.00"
2020-07-13,2020071301013939,CMF1,42,19,800,9.70,"7,760.00"
2020-07-13,2020071301013938,CMF1,42,14,500,9.70,"4,850.00"
2020-07-13,2020071301013937,CMF1,42,41,"1,500",9.65,"14,475.00"
2020-07-13,2020071301013920,CMF1,42,4,700,9.51,"6,657.00"
2020-07-13,2020071301013872,CZBIL,20,34,164,185.00,"30,340.00"
2020-07-13,2020071301013799,EBL,36,51,150,665.00,"99,750.00"
2020-07-13,2020071301013609,EBL,29,43,19,660.00,"12,540.00"
2020-07-13,2020071301013522,EBL,58,51,12,665.00,"7,980.00"
2020-07-13,2020071301013521,EBL,58,47,260,665.00,"172,900.00"
2020-07-13,2020071301013520,EBL,58,34,39,665.00,"25,935.00"
2020-07-13,2020071301013519,EBL,58,39,224,665.00,"148,960.00"
2020-07-13,2020071301013518,EBL,58,19,12,664.00,"7,968.00"
2020-07-13,2020071301013517,EBL,58,51,199,664.00,"132,136.00"
2020-07-13,2020071301013516,EBL,58,25,192,664.00,"127,488.00"
2020-07-13,2020071301013515,EBL,58,22,12,663.00,"7,956.00"
2020-07-13,2020071301013514,EBL,58,34,50,663.00,"33,150.00"
2020-07-13,2020071301013505,EDBL,34,6,378,295.00,"111,510.00"
2020-07-13,2020071301013504,EDBL,46,6,10,295.00,"2,950.00"
2020-07-13,2020071301013503,EDBL,19,6,60,295.00,"17,700.00"
2020-07-13,2020071301013733,FMDBL,50,1,20,540.00,"10,800.00"
2020-07-13,2020071301013732,FMDBL,50,59,59,540.00,"31,860.00"
2020-07-13,2020071301013674,FMDBL,35,59,100,540.00,"54,000.00"
2020-07-13,2020071301013580,FMDBL,50,59,100,540.00,"54,000.00"
2020-07-13,2020071301013536,FMDBL,48,59,100,540.00,"54,000.00"
2020-07-13,2020071301013957,FOWAD,44,6,44,"1,568.00","68,992.00"
2020-07-13,2020071301013770,FOWAD,26,34,19,"1,555.00","29,545.00"
2020-07-13,2020071301013635,FOWAD,47,6,36,"1,568.00","56,448.00"
2020-07-13,2020071301013832,GBBL,29,44,200,221.00,"44,200.00"
2020-07-13,2020071301013831,GBBL,42,44,50,221.00,"11,050.00"
2020-07-13,2020071301013830,GBBL,13,44,19,221.00,"4,199.00"
2020-07-13,2020071301013877,GBIME,58,48,20,241.00,"4,820.00"
2020-07-13,2020071301013868,GBIME,18,48,10,241.00,"2,410.00"
2020-07-13,2020071301013838,GBIME,59,48,10,241.00,"2,410.00"
2020-07-13,2020071301013835,GBIME,8,48,30,241.00,"7,230.00"
2020-07-13,2020071301013779,GBIME,8,39,"2,867",241.00,"690,947.00"
2020-07-13,2020071301013778,GBIME,8,49,36,241.00,"8,676.00"
2020-07-13,2020071301013771,GBIME,8,4,424,240.00,"101,760.00"
2020-07-13,2020071301013750,GBIME,41,4,30,240.00,"7,200.00"
2020-07-13,2020071301013703,GBIME,41,4,275,240.00,"66,000.00"
2020-07-13,2020071301013702,GBIME,41,36,25,239.00,"5,975.00"
2020-07-13,2020071301013552,GBIME,59,36,10,239.00,"2,390.00"
2020-07-13,2020071301013777,GBIME,8,28,288,241.00,"69,408.00"
2020-07-13,2020071301013776,GBIME,8,44,500,241.00,"120,500.00"
2020-07-13,2020071301013775,GBIME,8,39,10,240.00,"2,400.00"
2020-07-13,2020071301013774,GBIME,8,42,200,240.00,"48,000.00"
2020-07-13,2020071301013773,GBIME,8,39,100,240.00,"24,000.00"
2020-07-13,2020071301013772,GBIME,8,1,10,240.00,"2,400.00"
2020-07-13,2020071301013888,GBLBS,1,1,92,508.00,"46,736.00"
2020-07-13,2020071301013846,GBLBS,51,22,300,508.00,"152,400.00"
2020-07-13,2020071301013594,GBLBS,51,45,100,510.00,"51,000.00"
2020-07-13,2020071301013564,GHL,25,34,30,52.00,"1,560.00"
2020-07-13,2020071301013827,GLBSL,43,7,17,717.00,"12,189.00"
2020-07-13,2020071301013753,HBL,14,10,60,511.00,"30,660.00"
2020-07-13,2020071301013886,HDL,3,1,10,"1,628.00","16,280.00"
2020-07-13,2020071301013718,HDL,21,21,90,"1,630.00","146,700.00"
2020-07-13,2020071301013663,HDL,21,21,10,"1,630.00","16,300.00"
2020-07-13,2020071301013661,HDL,57,21,100,"1,630.00","163,000.00"
2020-07-13,2020071301013660,HDL,58,21,100,"1,630.00","163,000.00"
2020-07-13,2020071301013586,HDL,57,5,10,"1,638.00","16,380.00"
2020-07-13,2020071301013731,HGI,6,48,50,420.00,"21,000.00"
2020-07-13,2020071301013855,ICFC,39,47,100,179.00,"17,900.00"
2020-07-13,2020071301013851,JBBL,29,29,1,165.00,165.00
2020-07-13,2020071301013849,JBBL,29,47,100,168.00,"16,800.00"
2020-07-13,2020071301013798,JSLBB,21,34,172,"1,675.00","288,100.00"
2020-07-13,2020071301013797,JSLBB,21,17,200,"1,670.00","334,000.00"
2020-07-13,2020071301013796,JSLBB,21,49,28,"1,670.00","46,760.00"
2020-07-13,2020071301013894,KBL,1,34,156,185.00,"28,860.00"
2020-07-13,2020071301013595,KBLPO,42,4,"6,879",109.00,"749,811.00"
2020-07-13,2020071301013836,KMCDB,49,16,10,784.00,"7,840.00"
2020-07-13,2020071301013626,KMCDB,36,47,10,796.00,"7,960.00"
2020-07-13,2020071301013714,KMCDB,49,4,10,784.00,"7,840.00"
2020-07-13,2020071301013668,KMCDB,10,25,10,798.00,"7,980.00"
2020-07-13,2020071301013662,KMCDB,10,34,10,796.00,"7,960.00"
