Date,Transact. No.,Symbol,Buyer,Seller,Quantity,Rate,Amount
2020-03-15,2020031501023675,ADBL,44,26,50,382.00,"19,100.00"
2020-03-15,2020031501023609,ADBL,16,50,453,381.00,"172,593.00"
2020-03-15,2020031501023607,ADBL,58,50,47,381.00,"17,907.00"
2020-03-15,2020031501023606,ADBL,45,50,450,379.00,"170,550.00"
2020-03-15,2020031501023605,ADBL,40,50,"1,450",379.00,"549,550.00"
2020-03-15,2020031501023556,ADBL,40,4,50,379.00,"18,950.00"
2020-03-15,2020031501023898,AKPL,57,40,"1,000",117.00,"117,000.00"
2020-03-15,2020031501023758,AKPL,36,35,661,116.00,"76,676.00"
2020-03-15,2020031501023757,AKPL,42,35,200,116.00,"23,200.00"
2020-03-15,2020031501023756,AKPL,58,35,"4,139",116.00,"480,124.00"
2020-03-15,2020031501023566,AKPL,58,46,"1,797",116.00,"208,452.00"
2020-03-15,2020031501023565,AKPL,45,46,"3,000",116.00,"348,000.00"
2020-03-15,2020031501023564,AKPL,32,46,50,116.00,"5,800.00"
2020-03-15,2020031501023563,AKPL,58,46,153,116.00,"17,748.00"
2020-03-15,2020031501023941,ALICL,25,52,200,507.00,"101,400.00"
2020-03-15,2020031501023750,ALICL,35,38,300,513.00,"153,900.00"
2020-03-15,2020031501023749,ALICL,35,17,50,512.00,"25,600.00"
2020-03-15,2020031501023726,ALICL,25,49,61,507.00,"30,927.00"
2020-03-15,2020031501023725,ALICL,57,49,50,508.00,"25,400.00"
2020-03-15,2020031501023724,ALICL,4,49,89,508.00,"45,212.00"
2020-03-15,2020031501023723,ALICL,45,49,200,509.00,"101,800.00"
2020-03-15,2020031501023722,ALICL,5,49,200,509.00,"101,800.00"
2020-03-15,2020031501023641,API,38,41,10,110.00,"1,100.00"
2020-03-15,2020031501023840,BOKL,5,57,10,231.00,"2,310.00"
2020-03-15,2020031501023678,BOKL,25,58,110,230.00,"25,300.00"
2020-03-15,2020031501023570,BOKL,49,58,500,230.00,"115,000.00"
2020-03-15,2020031501023569,BOKL,25,58,90,230.00,"20,700.00"
2020-03-15,2020031501023568,BOKL,29,58,200,230.00,"46,000.00"
2020-03-15,2020031501023567,BOKL,1,58,100,230.00,"23,000.00"
2020-03-15,2020031501024027,CBBL,25,34,26,993.00,"25,818.00"
2020-03-15,2020031501023975,CBBL,13,7,100,985.00,"98,500.00"
2020-03-15,2020031501023924,CBBL,41,34,10,993.00,"9,930.00"
2020-03-15,2020031501023633,CBBL,13,29,21,985.00,"20,685.00"
2020-03-15,2020031501023632,CBBL,49,29,79,985.00,"77,815.00"
2020-03-15,2020031501023590,CBBL,49,45,100,985.00,"98,500.00"
2020-03-15,2020031501023892,CCBL,45,4,38,165.00,"6,270.00"
2020-03-15,2020031501023709,CCBL,45,4,223,165.00,"36,795.00"
2020-03-15,2020031501023623,CCBL,58,4,162,166.00,"26,892.00"
2020-03-15,2020031501023595,CCBL,58,48,500,166.00,"83,000.00"
2020-03-15,2020031501023961,CHCL,25,6,10,378.00,"3,780.00"
2020-03-15,2020031501023939,CHCL,25,3,10,378.00,"3,780.00"
2020-03-15,2020031501023849,CIT,43,36,57,"2,525.00","143,925.00"
2020-03-15,2020031501023710,CIT,58,34,10,"2,526.00","25,260.00"
2020-03-15,2020031501023635,CMF1,43,17,100,9.39,939.00
2020-03-15,2020031501023655,CORBL,17,33,10,120.00,"1,200.00"
2020-03-15,2020031501023950,CZBIL,45,34,"1,405",190.00,"266,950.00"
2020-03-15,2020031501023949,CZBIL,45,58,"1,000",189.00,"189,000.00"
2020-03-15,2020031501023948,CZBIL,45,58,95,189.00,"17,955.00"
2020-03-15,2020031501023588,CZBIL,57,58,50,189.00,"9,450.00"
2020-03-15,2020031501023577,DDBL,57,56,10,809.00,"8,090.00"
2020-03-15,2020031501023546,DDBL,44,44,10,803.00,"8,030.00"
2020-03-15,2020031501023545,DDBL,44,44,40,803.00,"32,120.00"
2020-03-15,2020031501023744,EBL,14,4,45,652.00,"29,340.00"
2020-03-15,2020031501023676,EBL,26,4,50,654.00,"32,700.00"
2020-03-15,2020031501023673,EBL,26,52,50,654.00,"32,700.00"
2020-03-15,2020031501023672,EBL,26,52,50,655.00,"32,750.00"
2020-03-15,2020031501023665,EBL,26,45,100,655.00,"65,500.00"
2020-03-15,2020031501023841,EDBL,39,39,50,384.00,"19,200.00"
2020-03-15,2020031501023544,EIC,38,52,500,362.00,"181,000.00"
2020-03-15,2020031501023543,EIC,44,52,300,363.00,"108,900.00"
2020-03-15,2020031501023542,EIC,45,52,400,363.00,"145,200.00"
2020-03-15,2020031501023943,FMDBL,19,29,25,472.00,"11,800.00"
2020-03-15,2020031501023712,FMDBL,57,45,110,471.00,"51,810.00"
2020-03-15,2020031501023991,GBBL,59,4,100,233.00,"23,300.00"
2020-03-15,2020031501023634,GBBL,57,25,50,235.00,"11,750.00"
2020-03-15,2020031501023596,GBBL,38,51,100,234.00,"23,400.00"
2020-03-15,2020031501023940,GBIME,35,39,50,266.00,"13,300.00"
2020-03-15,2020031501023934,GBIME,34,32,100,268.00,"26,800.00"
2020-03-15,2020031501023752,GBIME,58,57,"1,696",267.00,"452,832.00"
2020-03-15,2020031501023649,GBIME,35,39,"1,000",266.00,"266,000.00"
2020-03-15,2020031501024021,GBLBS,4,42,80,465.00,"37,200.00"
2020-03-15,2020031501024020,GBLBS,4,22,30,465.00,"13,950.00"
2020-03-15,2020031501024019,GBLBS,4,26,200,464.00,"92,800.00"
2020-03-15,2020031501024018,GBLBS,4,35,45,463.00,"20,835.00"
2020-03-15,2020031501024017,GBLBS,4,50,130,460.00,"59,800.00"
2020-03-15,2020031501024016,GBLBS,4,1,15,460.00,"6,900.00"
2020-03-15,2020031501023558,GBLBS,44,51,300,459.00,"137,700.00"
2020-03-15,2020031501024015,GBLBS,4,44,300,460.00,"138,000.00"
2020-03-15,2020031501024014,GBLBS,4,52,100,458.00,"45,800.00"
2020-03-15,2020031501023978,GBLBS,39,52,300,458.00,"137,400.00"
2020-03-15,2020031501023755,GBLBS,45,4,10,458.00,"4,580.00"
2020-03-15,2020031501023705,GBLBS,50,13,50,459.00,"22,950.00"
2020-03-15,2020031501023704,GBLBS,44,13,360,459.00,"165,240.00"
2020-03-15,2020031501023977,GILB,36,7,10,"1,234.00","12,340.00"
2020-03-15,2020031501023679,GILB,13,21,350,"1,211.00","423,850.00"
2020-03-15,2020031501023631,GILB,13,44,"1,000","1,230.00","1,230,000.00"
2020-03-15,2020031501023630,GILB,13,21,16,"1,229.00","19,664.00"
2020-03-15,2020031501023629,GILB,13,7,50,"1,229.00","61,450.00"
2020-03-15,2020031501023594,GILB,13,57,138,"1,211.00","167,118.00"
2020-03-15,2020031501023965,GLICL,14,57,20,420.00,"8,400.00"
2020-03-15,2020031501023743,GLICL,41,1,50,418.00,"20,900.00"
2020-03-15,2020031501023862,HDL,45,58,50,"1,434.00","71,700.00"
2020-03-15,2020031501023861,HDL,56,58,100,"1,435.00","143,500.00"
2020-03-15,2020031501023860,HDL,58,58,100,"1,437.00","143,700.00"
2020-03-15,2020031501023859,HDL,7,58,100,"1,437.00","143,700.00"
2020-03-15,2020031501023858,HDL,57,58,200,"1,440.00","288,000.00"
2020-03-15,2020031501023857,HDL,40,58,50,"1,440.00","72,000.00"
2020-03-15,2020031501023660,HDL,56,57,50,"1,442.00","72,100.00"
2020-03-15,2020031501023638,HDL,4,34,100,"1,441.00","144,100.00"
2020-03-15,2020031501023604,HDL,4,57,45,"1,441.00","64,845.00"
2020-03-15,2020031501023603,HDL,33,57,50,"1,442.00","72,100.00"
2020-03-15,2020031501023602,HDL,45,57,200,"1,442.00","288,400.00"
2020-03-15,2020031501023601,HDL,43,57,30,"1,443.00","43,290.00"
2020-03-15,2020031501023856,HDL,5,58,100,"1,440.00","144,000.00"
2020-03-15,2020031501023831,HDL,38,57,155,"1,442.00","223,510.00"
2020-03-15,2020031501023830,HDL,38,57,45,"1,441.00","64,845.00"
2020-03-15,2020031501023829,HDL,4,57,155,"1,441.00","223,355.00"
2020-03-15,2020031501023735,HDL,55,57,100,"1,442.00","144,200.00"
2020-03-15,2020031501023699,HDL,4,50,700,"1,441.00","1,008,700.00"
2020-03-15,2020031501024037,HGI,6,22,25,360.00,"9,000.00"
2020-03-15,2020031501024036,HGI,49,22,10,360.00,"3,600.00"
2020-03-15,2020031501024035,HGI,34,22,200,360.00,"72,000.00"
2020-03-15,2020031501024034,HGI,59,22,200,360.00,"72,000.00"
2020-03-15,2020031501024033,HGI,57,22,100,360.00,"36,000.00"
2020-03-15,2020031501024032,HGI,42,22,150,360.00,"54,000.00"
2020-03-15,2020031501024031,HGI,13,22,50,360.00,"18,000.00"
2020-03-15,2020031501024030,HGI,6,22,178,360.00,"64,080.00"
2020-03-15,2020031501023929,HGI,6,49,100,360.00,"36,000.00"
2020-03-15,2020031501023842,HGI,6,49,100,360.00,"36,000.00"
2020-03-15,2020031501024013,HURJA,13,38,20,99.00,"1,980.00"
2020-03-15,2020031501023677,IGI,44,28,20,377.00,"7,540.00"
2020-03-15,2020031501023919,ILBS,6,36,10,720.00,"7,200.00"
2020-03-15,2020031501023683,ILBS,6,55,45,715.00,"32,175.00"
2020-03-15,2020031501024040,JBBL,14,39,50,176.00,"8,800.00"
2020-03-15,2020031501023908,JBBL,47,39,400,176.00,"70,400.00"
2020-03-15,2020031501023620,JBBL,25,49,100,175.00,"17,500.00"
2020-03-15,2020031501023700,JSLBB,44,34,100,"1,396.00","139,600.00"
2020-03-15,2020031501023910,KBL,44,36,75,193.00,"14,475.00"
2020-03-15,2020031501023578,KBL,56,36,10,193.00,"1,930.00"
2020-03-15,2020031501023938,KMCDB,33,57,10,819.00,"8,190.00"
2020-03-15,2020031501023896,KMCDB,33,35,10,810.00,"8,100.00"
2020-03-15,2020031501023820,KMCDB,33,25,10,807.00,"8,070.00"
2020-03-15,2020031501023963,KSBBL,14,38,114,156.00,"17,784.00"
2020-03-15,2020031501023962,KSBBL,28,38,486,156.00,"75,816.00"
2020-03-15,2020031501023774,LBBL,42,40,480,182.00,"87,360.00"
2020-03-15,2020031501023773,LBBL,42,45,20,182.00,"3,640.00"
2020-03-15,2020031501023932,LBL,57,55,100,213.00,"21,300.00"
2020-03-15,2020031501023931,LBL,57,32,30,213.00,"6,390.00"
2020-03-15,2020031501023897,LBL,58,4,182,212.00,"38,584.00"
2020-03-15,2020031501023662,LBL,58,34,392,212.00,"83,104.00"
2020-03-15,2020031501023708,LGIL,5,25,900,430.00,"387,000.00"
2020-03-15,2020031501024023,LICN,14,32,103,"1,281.00","131,943.00"
2020-03-15,2020031501024022,LICN,40,32,50,"1,294.00","64,700.00"
2020-03-15,2020031501023967,LICN,11,59,15,"1,296.00","19,440.00"
2020-03-15,2020031501023966,LICN,35,59,21,"1,296.00","27,216.00"
2020-03-15,2020031501023741,LICN,35,37,100,"1,296.00","129,600.00"
2020-03-15,2020031501023740,LICN,38,37,100,"1,297.00","129,700.00"
2020-03-15,2020031501023739,LICN,22,37,100,"1,297.00","129,700.00"
2020-03-15,2020031501023664,LLBS,28,49,90,991.00,"89,190.00"
2020-03-15,2020031501023663,LLBS,19,49,10,992.00,"9,920.00"
2020-03-15,2020031501023973,MDB,49,40,500,333.00,"166,500.00"
2020-03-15,2020031501023717,MEGA,29,41,100,213.00,"21,300.00"
2020-03-15,2020031501023716,MEGA,29,32,30,213.00,"6,390.00"
2020-03-15,2020031501023715,MEGA,29,34,169,213.00,"35,997.00"
2020-03-15,2020031501023671,MEGA,57,34,331,213.00,"70,503.00"
2020-03-15,2020031501023640,MEGA,57,36,469,212.00,"99,428.00"
2020-03-15,2020031501023639,MEGA,57,50,400,212.00,"84,800.00"
2020-03-15,2020031501023980,MERO,35,26,10,592.00,"5,920.00"
2020-03-15,2020031501023754,MLBBL,46,58,42,667.00,"28,014.00"
2020-03-15,2020031501023753,MLBBL,14,58,58,667.00,"38,686.00"
2020-03-15,2020031501023734,MLBL,1,54,500,200.00,"100,000.00"
2020-03-15,2020031501023733,MLBL,41,54,100,200.00,"20,000.00"
2020-03-15,2020031501023732,MLBL,13,54,50,200.00,"10,000.00"
2020-03-15,2020031501023731,MLBL,37,54,250,200.00,"50,000.00"
2020-03-15,2020031501023730,MLBL,21,54,10,200.00,"2,000.00"
2020-03-15,2020031501023729,MLBL,46,54,10,200.00,"2,000.00"
2020-03-15,2020031501023819,MNBBL,14,36,100,315.00,"31,500.00"
2020-03-15,2020031501023818,MNBBL,28,58,470,314.00,"147,580.00"
2020-03-15,2020031501023817,MNBBL,28,58,30,314.00,"9,420.00"
2020-03-15,2020031501023659,MNBBL,57,36,50,315.00,"15,750.00"
2020-03-15,2020031501023613,MNBBL,7,36,100,315.00,"31,500.00"
2020-03-15,2020031501023637,MPFL,18,1,348,120.00,"41,760.00"
2020-03-15,2020031501023589,MPFL,58,1,600,120.00,"72,000.00"
2020-03-15,2020031501023575,MPFL,58,56,"1,400",120.00,"168,000.00"
2020-03-15,2020031501023574,MPFL,43,56,100,121.00,"12,100.00"
2020-03-15,2020031501023747,MSMBS,32,44,10,775.00,"7,750.00"
2020-03-15,2020031501023707,MSMBS,25,35,22,774.00,"17,028.00"
2020-03-15,2020031501023674,MSMBS,25,22,22,760.00,"16,720.00"
2020-03-15,2020031501023648,MSMBS,32,25,10,749.00,"7,490.00"
2020-03-15,2020031501023996,NABIL,4,39,100,750.00,"75,000.00"
2020-03-15,2020031501023821,NABIL,4,49,17,750.00,"12,750.00"
2020-03-15,2020031501023736,NABIL,6,37,100,749.00,"74,900.00"
2020-03-15,2020031501023622,NABIL,4,49,191,750.00,"143,250.00"
2020-03-15,2020031501024012,NBB,4,57,385,205.00,"78,925.00"
2020-03-15,2020031501024011,NBB,49,57,40,205.00,"8,200.00"
2020-03-15,2020031501024010,NBB,48,57,"1,000",205.00,"205,000.00"
2020-03-15,2020031501024009,NBB,59,57,100,205.00,"20,500.00"
2020-03-15,2020031501024008,NBB,21,57,200,205.00,"41,000.00"
2020-03-15,2020031501024007,NBB,28,57,500,205.00,"102,500.00"
2020-03-15,2020031501023720,NBB,34,47,869,205.00,"178,145.00"
2020-03-15,2020031501023719,NBB,29,47,"1,000",206.00,"206,000.00"
2020-03-15,2020031501023608,NBB,34,47,995,205.00,"203,975.00"
2020-03-15,2020031501023562,NBB,41,47,205,206.00,"42,230.00"
2020-03-15,2020031501023953,NBB,34,47,50,205.00,"10,250.00"
2020-03-15,2020031501023952,NBB,34,47,"1,136",205.00,"232,880.00"
2020-03-15,2020031501023951,NBB,29,47,798,206.00,"164,388.00"
2020-03-15,2020031501023925,NBB,29,4,202,206.00,"41,612.00"
2020-03-15,2020031501023891,NBB,57,57,50,208.00,"10,400.00"
2020-03-15,2020031501024006,NBB,29,57,25,205.00,"5,125.00"
2020-03-15,2020031501024005,NBB,34,57,200,205.00,"41,000.00"
2020-03-15,2020031501023957,NBB,46,47,15,205.00,"3,075.00"
2020-03-15,2020031501023956,NBB,51,47,"1,000",205.00,"205,000.00"
2020-03-15,2020031501023955,NBB,49,47,200,205.00,"41,000.00"
2020-03-15,2020031501023954,NBB,1,47,100,205.00,"20,500.00"
2020-03-15,2020031501024028,NBL,33,47,20,266.00,"5,320.00"
2020-03-15,2020031501023964,NBL,43,47,10,266.00,"2,660.00"
2020-03-15,2020031501023890,NBL,56,47,576,263.00,"151,488.00"
2020-03-15,2020031501023889,NBL,45,47,100,263.00,"26,300.00"
2020-03-15,2020031501023888,NBL,44,47,"10,000",263.00,"2,630,000.00"
2020-03-15,2020031501023887,NBL,25,47,100,263.00,"26,300.00"
2020-03-15,2020031501023612,NBL,43,47,10,266.00,"2,660.00"
2020-03-15,2020031501023587,NBL,8,47,"4,200",264.00,"1,108,800.00"
2020-03-15,2020031501023692,NBL,47,47,10,263.00,"2,630.00"
2020-03-15,2020031501023691,NBL,59,47,220,264.00,"58,080.00"
2020-03-15,2020031501023690,NBL,7,47,500,264.00,"132,000.00"
2020-03-15,2020031501023689,NBL,34,47,100,264.00,"26,400.00"
2020-03-15,2020031501023688,NBL,22,47,500,264.00,"132,000.00"
2020-03-15,2020031501023687,NBL,8,47,111,264.00,"29,304.00"
2020-03-15,2020031501023698,NBL,22,47,"1,286",263.00,"338,218.00"
2020-03-15,2020031501023697,NBL,20,47,30,263.00,"7,890.00"
2020-03-15,2020031501023696,NBL,6,47,200,263.00,"52,600.00"
2020-03-15,2020031501023695,NBL,25,47,"1,000",263.00,"263,000.00"
2020-03-15,2020031501023694,NBL,52,47,100,263.00,"26,300.00"
2020-03-15,2020031501023693,NBL,4,47,500,263.00,"131,500.00"
2020-03-15,2020031501023868,NBL,11,47,50,263.00,"13,150.00"
2020-03-15,2020031501023867,NBL,56,47,100,263.00,"26,300.00"
2020-03-15,2020031501023866,NBL,22,47,200,263.00,"52,600.00"
2020-03-15,2020031501023865,NBL,50,47,300,263.00,"78,900.00"
2020-03-15,2020031501023864,NBL,59,47,200,263.00,"52,600.00"
2020-03-15,2020031501023863,NBL,22,47,714,263.00,"187,782.00"
2020-03-15,2020031501023874,NBL,56,47,50,263.00,"13,150.00"
2020-03-15,2020031501023873,NBL,44,47,200,263.00,"52,600.00"
2020-03-15,2020031501023872,NBL,56,47,50,263.00,"13,150.00"
2020-03-15,2020031501023871,NBL,54,47,49,263.00,"12,887.00"
2020-03-15,2020031501023870,NBL,48,47,100,263.00,"26,300.00"
2020-03-15,2020031501023869,NBL,6,47,100,263.00,"26,300.00"
2020-03-15,2020031501023880,NBL,11,47,100,263.00,"26,300.00"
2020-03-15,2020031501023879,NBL,1,47,100,263.00,"26,300.00"
2020-03-15,2020031501023878,NBL,16,47,"1,000",263.00,"263,000.00"
2020-03-15,2020031501023877,NBL,4,47,500,263.00,"131,500.00"
2020-03-15,2020031501023876,NBL,22,47,200,263.00,"52,600.00"
2020-03-15,2020031501023875,NBL,57,47,20,263.00,"5,260.00"
2020-03-15,2020031501023886,NBL,17,47,100,263.00,"26,300.00"
2020-03-15,2020031501023885,NBL,45,47,100,263.00,"26,300.00"
2020-03-15,2020031501023884,NBL,29,47,300,263.00,"78,900.00"
2020-03-15,2020031501023883,NBL,36,47,500,263.00,"131,500.00"
2020-03-15,2020031501023882,NBL,29,47,300,263.00,"78,900.00"
2020-03-15,2020031501023881,NBL,52,47,"2,000",263.00,"526,000.00"
2020-03-15,2020031501023993,NCCB,56,8,10,186.00,"1,860.00"
2020-03-15,2020031501023992,NCCB,56,37,"1,000",185.00,"185,000.00"
2020-03-15,2020031501023843,NCCB,55,33,"2,465",184.00,"453,560.00"
2020-03-15,2020031501023770,NCCB,51,6,200,183.00,"36,600.00"
2020-03-15,2020031501023686,NCCB,51,56,50,183.00,"9,150.00"
2020-03-15,2020031501023685,NCCB,1,56,500,183.00,"91,500.00"
2020-03-15,2020031501023684,NCCB,52,56,100,183.00,"18,300.00"
2020-03-15,2020031501023713,NGPL,41,28,"1,054",112.00,"118,048.00"
2020-03-15,2020031501024004,NIB,36,48,100,388.00,"38,800.00"
2020-03-15,2020031501023998,NIB,21,48,50,388.00,"19,400.00"
2020-03-15,2020031501023997,NIB,57,55,60,387.00,"23,220.00"
2020-03-15,2020031501023960,NIB,57,52,49,387.00,"18,963.00"
2020-03-15,2020031501023650,NIB,21,48,20,388.00,"7,760.00"
2020-03-15,2020031501023586,NIB,41,48,100,388.00,"38,800.00"
2020-03-15,2020031501023928,NICA,29,58,202,518.00,"104,636.00"
2020-03-15,2020031501023927,NICA,35,58,100,518.00,"51,800.00"
2020-03-15,2020031501023918,NICA,45,58,200,518.00,"103,600.00"
2020-03-15,2020031501023917,NICA,45,58,500,518.00,"259,000.00"
2020-03-15,2020031501023916,NICA,45,58,500,518.00,"259,000.00"
2020-03-15,2020031501023915,NICA,39,58,100,518.00,"51,800.00"
2020-03-15,2020031501023682,NICA,25,41,413,521.00,"215,173.00"
2020-03-15,2020031501023681,NICA,25,39,937,521.00,"488,177.00"
2020-03-15,2020031501023680,NICA,25,54,150,520.00,"78,000.00"
2020-03-15,2020031501023636,NICA,41,54,200,520.00,"104,000.00"
2020-03-15,2020031501023914,NICA,45,58,500,518.00,"259,000.00"
2020-03-15,2020031501023913,NICA,45,58,871,518.00,"451,178.00"
2020-03-15,2020031501023912,NICA,25,58,500,519.00,"259,500.00"
2020-03-15,2020031501023899,NICA,14,41,30,521.00,"15,630.00"
2020-03-15,2020031501023822,NICA,25,49,440,519.00,"228,360.00"
2020-03-15,2020031501023742,NICA,25,49,300,519.00,"155,700.00"
2020-03-15,2020031501024041,NICL,55,58,20,402.00,"8,040.00"
2020-03-15,2020031501024029,NICL,55,19,100,402.00,"40,200.00"
2020-03-15,2020031501023853,NICL,4,52,100,402.00,"40,200.00"
2020-03-15,2020031501023576,NICL,43,58,10,409.00,"4,090.00"
2020-03-15,2020031501023852,NICL,14,52,200,402.00,"80,400.00"
2020-03-15,2020031501023851,NICL,53,52,100,402.00,"40,200.00"
2020-03-15,2020031501023850,NICL,39,52,20,404.00,"8,080.00"
2020-03-15,2020031501023972,NIL,41,4,38,516.00,"19,608.00"
2020-03-15,2020031501023971,NIL,45,4,20,516.00,"10,320.00"
2020-03-15,2020031501023970,NIL,55,4,20,516.00,"10,320.00"
2020-03-15,2020031501023579,NIL,55,17,100,516.00,"51,600.00"
2020-03-15,2020031501023718,NLBBL,16,40,10,672.00,"6,720.00"
2020-03-15,2020031501023610,NLBBL,41,57,16,680.00,"10,880.00"
2020-03-15,2020031501023979,NLG,25,52,10,597.00,"5,970.00"
2020-03-15,2020031501023946,NLG,25,52,110,597.00,"65,670.00"
2020-03-15,2020031501023945,NLG,25,7,40,588.00,"23,520.00"
2020-03-15,2020031501023944,NLG,25,7,100,585.00,"58,500.00"
2020-03-15,2020031501023644,NLG,29,7,10,588.00,"5,880.00"
2020-03-15,2020031501023561,NLG,34,49,144,577.00,"83,088.00"
2020-03-15,2020031501023560,NLG,34,49,100,577.00,"57,700.00"
2020-03-15,2020031501023559,NLG,38,49,10,578.00,"5,780.00"
2020-03-15,2020031501024039,NLIC,45,45,20,"1,100.00","22,000.00"
2020-03-15,2020031501023990,NLIC,16,45,10,"1,100.00","11,000.00"
2020-03-15,2020031501023989,NLIC,10,45,200,"1,100.00","220,000.00"
2020-03-15,2020031501023988,NLIC,41,45,50,"1,100.00","55,000.00"
2020-03-15,2020031501023987,NLIC,57,45,30,"1,100.00","33,000.00"
2020-03-15,2020031501023986,NLIC,25,45,20,"1,100.00","22,000.00"
2020-03-15,2020031501023611,NLIC,28,58,140,"1,110.00","155,400.00"
2020-03-15,2020031501023593,NLIC,35,49,50,"1,105.00","55,250.00"
2020-03-15,2020031501023592,NLIC,22,49,10,"1,110.00","11,100.00"
2020-03-15,2020031501023591,NLIC,59,49,60,"1,110.00","66,600.00"
2020-03-15,2020031501023775,NLIC,44,58,180,"1,105.00","198,900.00"
2020-03-15,2020031501023658,NLIC,55,58,50,"1,110.00","55,500.00"
2020-03-15,2020031501023654,NLIC,44,17,20,"1,105.00","22,100.00"
2020-03-15,2020031501023653,NLIC,51,17,100,"1,106.00","110,600.00"
2020-03-15,2020031501023652,NLIC,52,17,50,"1,106.00","55,300.00"
2020-03-15,2020031501023651,NLIC,41,17,30,"1,107.00","33,210.00"
2020-03-15,2020031501023781,NLIC,21,58,50,"1,103.00","55,150.00"
2020-03-15,2020031501023780,NLIC,42,58,10,"1,103.00","11,030.00"
2020-03-15,2020031501023779,NLIC,53,58,200,"1,103.00","220,600.00"
2020-03-15,2020031501023778,NLIC,1,58,100,"1,104.00","110,400.00"
2020-03-15,2020031501023777,NLIC,32,58,50,"1,105.00","55,250.00"
2020-03-15,2020031501023776,NLIC,38,58,50,"1,105.00","55,250.00"
2020-03-15,2020031501023787,NLIC,45,58,46,"1,101.00","50,646.00"
2020-03-15,2020031501023786,NLIC,36,58,20,"1,102.00","22,040.00"
2020-03-15,2020031501023785,NLIC,5,58,20,"1,102.00","22,040.00"
2020-03-15,2020031501023784,NLIC,6,58,100,"1,102.00","110,200.00"
2020-03-15,2020031501023783,NLIC,39,58,20,"1,102.00","22,040.00"
2020-03-15,2020031501023782,NLIC,33,58,100,"1,102.00","110,200.00"
2020-03-15,2020031501023793,NLIC,42,58,20,"1,100.00","22,000.00"
2020-03-15,2020031501023792,NLIC,51,58,100,"1,100.00","110,000.00"
2020-03-15,2020031501023791,NLIC,44,58,50,"1,100.00","55,000.00"
2020-03-15,2020031501023790,NLIC,34,58,114,"1,100.00","125,400.00"
2020-03-15,2020031501023789,NLIC,36,58,"1,000","1,101.00","1,101,000.00"
2020-03-15,2020031501023788,NLIC,58,58,200,"1,101.00","220,200.00"
2020-03-15,2020031501023799,NLIC,19,58,30,"1,100.00","33,000.00"
2020-03-15,2020031501023798,NLIC,51,58,200,"1,100.00","220,000.00"
2020-03-15,2020031501023797,NLIC,10,58,20,"1,100.00","22,000.00"
2020-03-15,2020031501023796,NLIC,52,58,50,"1,100.00","55,000.00"
2020-03-15,2020031501023795,NLIC,44,58,100,"1,100.00","110,000.00"
2020-03-15,2020031501023794,NLIC,35,58,100,"1,100.00","110,000.00"
2020-03-15,2020031501023805,NLIC,14,58,400,"1,100.00","440,000.00"
2020-03-15,2020031501023804,NLIC,56,58,100,"1,100.00","110,000.00"
2020-03-15,2020031501023803,NLIC,19,58,100,"1,100.00","110,000.00"
2020-03-15,2020031501023802,NLIC,14,58,100,"1,100.00","110,000.00"
2020-03-15,2020031501023801,NLIC,45,58,50,"1,100.00","55,000.00"
2020-03-15,2020031501023800,NLIC,34,58,10,"1,100.00","11,000.00"
2020-03-15,2020031501023811,NLIC,50,58,100,"1,100.00","110,000.00"
2020-03-15,2020031501023810,NLIC,1,58,20,"1,100.00","22,000.00"
2020-03-15,2020031501023809,NLIC,34,58,200,"1,100.00","220,000.00"
2020-03-15,2020031501023808,NLIC,49,58,500,"1,100.00","550,000.00"
2020-03-15,2020031501023807,NLIC,34,58,200,"1,100.00","220,000.00"
2020-03-15,2020031501023806,NLIC,25,58,100,"1,100.00","110,000.00"
2020-03-15,2020031501023900,NLIC,55,26,16,"1,109.00","17,744.00"
2020-03-15,2020031501023816,NLIC,45,58,10,"1,100.00","11,000.00"
2020-03-15,2020031501023815,NLIC,38,58,10,"1,100.00","11,000.00"
2020-03-15,2020031501023814,NLIC,57,58,20,"1,100.00","22,000.00"
2020-03-15,2020031501023813,NLIC,35,58,50,"1,100.00","55,000.00"
2020-03-15,2020031501023812,NLIC,57,58,100,"1,100.00","110,000.00"
2020-03-15,2020031501023985,NLIC,1,45,13,"1,100.00","14,300.00"
2020-03-15,2020031501023984,NLIC,58,45,200,"1,100.00","220,000.00"
2020-03-15,2020031501023983,NLIC,45,45,90,"1,100.00","99,000.00"
2020-03-15,2020031501023982,NLIC,34,45,100,"1,105.00","110,500.00"
2020-03-15,2020031501023942,NLIC,55,58,384,"1,110.00","426,240.00"
2020-03-15,2020031501023901,NLIC,55,34,100,"1,109.00","110,900.00"
2020-03-15,2020031501024002,NLICL,21,25,23,629.00,"14,467.00"
2020-03-15,2020031501023933,NLICL,57,17,100,626.00,"62,600.00"
2020-03-15,2020031501023706,NLICL,57,45,65,626.00,"40,690.00"
2020-03-15,2020031501023911,NMB,10,59,10,414.00,"4,140.00"
2020-03-15,2020031501023553,NMB,52,58,228,410.00,"93,480.00"
2020-03-15,2020031501023552,NMB,17,58,100,410.00,"41,000.00"
2020-03-15,2020031501023551,NMB,42,58,50,410.00,"20,500.00"
2020-03-15,2020031501023550,NMB,25,58,110,410.00,"45,100.00"
2020-03-15,2020031501023549,NMB,57,58,100,411.00,"41,100.00"
2020-03-15,2020031501023548,NMB,33,58,112,413.00,"46,256.00"
2020-03-15,2020031501023893,NMBMF,41,40,101,760.00,"76,760.00"
2020-03-15,2020031501023909,NTC,50,50,290,617.00,"178,930.00"
2020-03-15,2020031501023994,PCBL,11,22,200,278.00,"55,600.00"
2020-03-15,2020031501023935,PIC,47,17,50,519.00,"25,950.00"
2020-03-15,2020031501023661,PIC,10,10,200,518.00,"103,600.00"
2020-03-15,2020031501023906,PLIC,49,53,195,533.00,"103,935.00"
2020-03-15,2020031501023905,PLIC,45,53,200,534.00,"106,800.00"
2020-03-15,2020031501023904,PLIC,42,53,500,534.00,"267,000.00"
2020-03-15,2020031501023903,PLIC,34,53,200,535.00,"107,000.00"
2020-03-15,2020031501023902,PLIC,39,53,30,539.00,"16,170.00"
2020-03-15,2020031501023926,PPCL,58,52,200,110.00,"22,000.00"
2020-03-15,2020031501023580,PRIN,11,46,50,394.00,"19,700.00"
2020-03-15,2020031501023746,PRVU,35,55,950,235.00,"223,250.00"
2020-03-15,2020031501023745,PRVU,42,55,50,236.00,"11,800.00"
2020-03-15,2020031501023714,PRVU,57,48,50,237.00,"11,850.00"
2020-03-15,2020031501023557,PRVU,35,39,66,235.00,"15,510.00"
2020-03-15,2020031501023748,RBCL,46,39,20,"9,216.00","184,320.00"
2020-03-15,2020031501023599,RBCL,28,39,10,"9,225.00","92,250.00"
2020-03-15,2020031501023598,RBCL,52,39,10,"9,225.00","92,250.00"
2020-03-15,2020031501023702,RHPL,50,21,370,153.00,"56,610.00"
2020-03-15,2020031501023769,RSDC,20,47,30,454.00,"13,620.00"
2020-03-15,2020031501023768,RSDC,45,47,50,454.00,"22,700.00"
2020-03-15,2020031501023767,RSDC,55,47,100,455.00,"45,500.00"
2020-03-15,2020031501023766,RSDC,45,47,20,455.00,"9,100.00"
2020-03-15,2020031501023765,RSDC,19,47,50,455.00,"22,750.00"
2020-03-15,2020031501023764,RSDC,38,47,50,456.00,"22,800.00"
2020-03-15,2020031501023759,SABSL,6,57,11,740.00,"8,140.00"
2020-03-15,2020031501023968,SADBL,44,36,100,155.00,"15,500.00"
2020-03-15,2020031501023923,SADBL,44,42,80,156.00,"12,480.00"
2020-03-15,2020031501023922,SADBL,44,45,143,156.00,"22,308.00"
2020-03-15,2020031501023921,SADBL,44,32,800,156.00,"124,800.00"
2020-03-15,2020031501024000,SAND2085,47,43,95,932.00,"88,540.00"
2020-03-15,2020031501023999,SAND2085,34,43,100,933.00,"93,300.00"
2020-03-15,2020031501023721,SAPDBL,44,42,100,130.00,"13,000.00"
2020-03-15,2020031501023995,SBI,8,40,500,419.00,"209,500.00"
2020-03-15,2020031501023981,SBL,5,39,20,300.00,"6,000.00"
2020-03-15,2020031501023826,SBL,44,17,15,298.00,"4,470.00"
2020-03-15,2020031501023825,SBL,1,17,185,298.00,"55,130.00"
2020-03-15,2020031501023824,SBL,35,17,100,299.00,"29,900.00"
2020-03-15,2020031501023823,SBL,1,17,100,299.00,"29,900.00"
2020-03-15,2020031501023711,SBL,35,39,200,300.00,"60,000.00"
2020-03-15,2020031501023838,SCB,11,43,65,627.00,"40,755.00"
2020-03-15,2020031501023837,SCB,8,43,30,627.00,"18,810.00"
2020-03-15,2020031501023836,SCB,34,43,100,627.00,"62,700.00"
2020-03-15,2020031501023835,SCB,55,43,20,627.00,"12,540.00"
2020-03-15,2020031501023834,SCB,33,43,259,628.00,"162,652.00"
2020-03-15,2020031501023833,SCB,41,43,10,629.00,"6,290.00"
2020-03-15,2020031501023832,SCB,58,43,16,630.00,"10,080.00"
2020-03-15,2020031501023701,SCB,58,49,84,630.00,"52,920.00"
2020-03-15,2020031501023600,SCB,33,39,26,628.00,"16,328.00"
2020-03-15,2020031501023771,SHINE,57,19,50,281.00,"14,050.00"
2020-03-15,2020031501024038,SHIVM,48,16,10,549.00,"5,490.00"
2020-03-15,2020031501023959,SHIVM,14,38,25,539.00,"13,475.00"
2020-03-15,2020031501023958,SHIVM,49,38,25,540.00,"13,500.00"
2020-03-15,2020031501023907,SHIVM,19,16,112,549.00,"61,488.00"
2020-03-15,2020031501023894,SHIVM,19,19,500,549.00,"274,500.00"
2020-03-15,2020031501023854,SHIVM,19,34,300,549.00,"164,700.00"
2020-03-15,2020031501023643,SHIVM,14,37,49,539.00,"26,411.00"
2020-03-15,2020031501023642,SHIVM,21,37,51,539.00,"27,489.00"
2020-03-15,2020031501023772,SHIVM,19,19,500,549.00,"274,500.00"
2020-03-15,2020031501023670,SHIVM,19,38,500,549.00,"274,500.00"
2020-03-15,2020031501023669,SHIVM,19,16,980,549.00,"538,020.00"
2020-03-15,2020031501023668,SHIVM,19,51,500,548.00,"274,000.00"
2020-03-15,2020031501023667,SHIVM,19,41,30,545.00,"16,350.00"
2020-03-15,2020031501023666,SHIVM,19,40,78,545.00,"42,510.00"
2020-03-15,2020031501024026,SHPC,16,38,10,208.00,"2,080.00"
2020-03-15,2020031501023855,SHPC,33,21,100,204.00,"20,400.00"
2020-03-15,2020031501023585,SIC,29,1,31,613.00,"19,003.00"
2020-03-15,2020031501023584,SIC,53,1,17,613.00,"10,421.00"
2020-03-15,2020031501023583,SIC,54,1,50,613.00,"30,650.00"
2020-03-15,2020031501023582,SIC,38,1,27,613.00,"16,551.00"
2020-03-15,2020031501023581,SIC,36,1,50,614.00,"30,700.00"
2020-03-15,2020031501024024,SICL,5,19,10,875.00,"8,750.00"
2020-03-15,2020031501023763,SICL,10,43,130,866.00,"112,580.00"
2020-03-15,2020031501023762,SICL,50,43,60,867.00,"52,020.00"
2020-03-15,2020031501023761,SICL,35,43,300,870.00,"261,000.00"
2020-03-15,2020031501023760,SICL,35,43,10,870.00,"8,700.00"
2020-03-15,2020031501023976,SIL,25,33,50,508.00,"25,400.00"
2020-03-15,2020031501023751,SIL,25,6,200,499.00,"99,800.00"
2020-03-15,2020031501023621,SLBBL,57,38,10,798.00,"7,980.00"
2020-03-15,2020031501023597,SLBBL,6,38,10,783.00,"7,830.00"
2020-03-15,2020031501024001,SLICL,58,4,166,401.00,"66,566.00"
2020-03-15,2020031501023703,SLICL,39,21,43,400.00,"17,200.00"
2020-03-15,2020031501023657,SLICL,39,39,50,400.00,"20,000.00"
2020-03-15,2020031501023937,SMATA,34,32,32,686.00,"21,952.00"
2020-03-15,2020031501023936,SMATA,34,40,28,675.00,"18,900.00"
2020-03-15,2020031501023895,SMATA,6,40,20,675.00,"13,500.00"
2020-03-15,2020031501023828,SMATA,34,40,10,675.00,"6,750.00"
2020-03-15,2020031501023827,SMATA,34,28,50,670.00,"33,500.00"
2020-03-15,2020031501023656,SMATA,19,28,50,670.00,"33,500.00"
2020-03-15,2020031501023947,SMFBS,59,6,190,913.00,"173,470.00"
2020-03-15,2020031501023920,SMFBS,34,25,10,931.00,"9,310.00"
2020-03-15,2020031501023728,SMFBS,59,7,10,913.00,"9,130.00"
2020-03-15,2020031501023848,SRBL,48,38,200,234.00,"46,800.00"
2020-03-15,2020031501023847,SRBL,16,38,"2,500",234.00,"585,000.00"
2020-03-15,2020031501023846,SRBL,55,38,500,234.00,"117,000.00"
2020-03-15,2020031501023845,SRBL,14,38,200,234.00,"46,800.00"
2020-03-15,2020031501023844,SRBL,45,38,838,234.00,"196,092.00"
2020-03-15,2020031501023619,SRBL,45,38,50,235.00,"11,750.00"
2020-03-15,2020031501023618,SRBL,59,38,300,235.00,"70,500.00"
2020-03-15,2020031501023617,SRBL,53,38,100,235.00,"23,500.00"
2020-03-15,2020031501023616,SRBL,49,38,200,235.00,"47,000.00"
2020-03-15,2020031501023615,SRBL,58,38,"1,000",235.00,"235,000.00"
2020-03-15,2020031501023614,SRBL,4,38,300,236.00,"70,800.00"
2020-03-15,2020031501024003,STC,42,34,10,"2,487.00","24,870.00"
2020-03-15,2020031501023839,STC,5,52,10,"2,495.00","24,950.00"
2020-03-15,2020031501023969,UIC,44,58,136,334.00,"45,424.00"
2020-03-15,2020031501023930,UIC,11,58,50,334.00,"16,700.00"
2020-03-15,2020031501023738,UIC,21,58,200,334.00,"66,800.00"
2020-03-15,2020031501023737,UIC,48,58,14,335.00,"4,690.00"
2020-03-15,2020031501023647,UIC,48,36,286,335.00,"95,810.00"
2020-03-15,2020031501023646,UIC,45,36,20,335.00,"6,700.00"
2020-03-15,2020031501023573,UIC,10,40,446,335.00,"149,410.00"
2020-03-15,2020031501023572,UIC,33,40,200,335.00,"67,000.00"
2020-03-15,2020031501023571,UIC,34,40,34,335.00,"11,390.00"
2020-03-15,2020031501023645,UIC,45,36,394,335.00,"131,990.00"
2020-03-15,2020031501023628,UIC,45,36,606,335.00,"203,010.00"
2020-03-15,2020031501023627,UIC,45,36,20,335.00,"6,700.00"
2020-03-15,2020031501023626,UIC,19,36,300,335.00,"100,500.00"
2020-03-15,2020031501023625,UIC,45,36,20,335.00,"6,700.00"
2020-03-15,2020031501023624,UIC,10,36,54,335.00,"18,090.00"
2020-03-15,2020031501023727,UPPER,46,6,300,228.00,"68,400.00"
2020-03-15,2020031501023547,UPPER,25,44,50,230.00,"11,500.00"
2020-03-15,2020031501024025,WOMI,58,19,12,860.00,"10,320.00"
2020-03-15,2020031501023974,WOMI,29,50,45,850.00,"38,250.00"
2020-03-15,2020031501023555,WOMI,51,50,20,850.00,"17,000.00"
2020-03-15,2020031501023554,WOMI,13,50,20,850.00,"17,000.00"
2020-03-15,2020031501023519,ADBL,40,17,300,379.00,"113,700.00"
2020-03-15,2020031501023518,ADBL,6,17,200,380.00,"76,000.00"
2020-03-15,2020031501023416,ADBL,40,58,500,380.00,"190,000.00"
2020-03-15,2020031501023415,ADBL,40,5,200,380.00,"76,000.00"
2020-03-15,2020031501023358,ADBL,49,21,775,378.00,"292,950.00"
2020-03-15,2020031501023357,ADBL,47,21,100,379.00,"37,900.00"
2020-03-15,2020031501023066,ADBL,34,14,100,380.00,"38,000.00"
2020-03-15,2020031501023065,ADBL,39,14,200,380.00,"76,000.00"
2020-03-15,2020031501023064,ADBL,21,14,50,380.00,"19,000.00"
2020-03-15,2020031501023170,ADBL,5,14,300,380.00,"114,000.00"
2020-03-15,2020031501023071,ADBL,6,14,100,380.00,"38,000.00"
2020-03-15,2020031501023070,ADBL,37,14,100,380.00,"38,000.00"
2020-03-15,2020031501023069,ADBL,42,14,30,380.00,"11,400.00"
2020-03-15,2020031501023068,ADBL,56,14,"1,000",380.00,"380,000.00"
2020-03-15,2020031501023067,ADBL,34,14,100,380.00,"38,000.00"
2020-03-15,2020031501023356,ADBL,34,21,25,379.00,"9,475.00"
2020-03-15,2020031501023355,ADBL,52,21,"1,000",379.00,"379,000.00"
2020-03-15,2020031501023354,ADBL,42,21,100,379.00,"37,900.00"
2020-03-15,2020031501023353,ADBL,59,21,500,379.00,"189,500.00"
2020-03-15,2020031501023499,AKPL,41,40,100,117.00,"11,700.00"
2020-03-15,2020031501023498,AKPL,1,40,100,117.00,"11,700.00"
2020-03-15,2020031501023247,ALICL,32,22,313,509.00,"159,317.00"
2020-03-15,2020031501023059,ALICL,4,58,111,508.00,"56,388.00"
2020-03-15,2020031501023413,API,25,41,46,110.00,"5,060.00"
2020-03-15,2020031501023405,API,42,22,500,109.00,"54,500.00"
2020-03-15,2020031501023326,API,45,41,50,110.00,"5,500.00"
2020-03-15,2020031501023198,BFC,25,22,677,100.00,"67,700.00"
2020-03-15,2020031501023270,BOKL,59,57,50,231.00,"11,550.00"
2020-03-15,2020031501023196,CBBL,49,29,70,985.00,"68,950.00"
2020-03-15,2020031501023195,CBBL,1,29,30,986.00,"29,580.00"
2020-03-15,2020031501023377,CBL,5,22,50,140.00,"7,000.00"
2020-03-15,2020031501023427,CCBL,58,39,100,166.00,"16,600.00"
2020-03-15,2020031501023346,CCBL,58,33,238,166.00,"39,508.00"
2020-03-15,2020031501023535,CFCL,37,45,79,130.00,"10,270.00"
2020-03-15,2020031501023534,CFCL,51,45,171,130.00,"22,230.00"
2020-03-15,2020031501023537,CIT,6,57,16,"2,527.00","40,432.00"
2020-03-15,2020031501023497,CIT,6,59,24,"2,527.00","60,648.00"
2020-03-15,2020031501023488,CIT,6,51,10,"2,526.00","25,260.00"
2020-03-15,2020031501023153,CZBIL,6,52,24,187.00,"4,488.00"
2020-03-15,2020031501023152,CZBIL,29,52,200,187.00,"37,400.00"
2020-03-15,2020031501023151,CZBIL,45,52,100,187.00,"18,700.00"
2020-03-15,2020031501023150,CZBIL,56,52,100,187.00,"18,700.00"
2020-03-15,2020031501023149,CZBIL,38,52,100,187.00,"18,700.00"
2020-03-15,2020031501023148,CZBIL,32,52,10,187.00,"1,870.00"
2020-03-15,2020031501023054,CZBIL,39,21,100,188.00,"18,800.00"
2020-03-15,2020031501023147,CZBIL,10,52,"1,000",187.00,"187,000.00"
2020-03-15,2020031501023146,CZBIL,6,52,100,187.00,"18,700.00"
2020-03-15,2020031501023145,CZBIL,53,52,50,187.00,"9,350.00"
2020-03-15,2020031501023144,CZBIL,32,52,50,187.00,"9,350.00"
2020-03-15,2020031501023143,CZBIL,36,52,266,187.00,"49,742.00"
2020-03-15,2020031501023055,CZBIL,36,21,690,187.00,"129,030.00"
2020-03-15,2020031501023384,DDBL,57,37,200,809.00,"161,800.00"
2020-03-15,2020031501023073,DDBL,29,37,100,805.00,"80,500.00"
2020-03-15,2020031501023527,EBL,45,41,100,654.00,"65,400.00"
2020-03-15,2020031501023265,EBL,42,45,20,655.00,"13,100.00"
2020-03-15,2020031501023263,EBL,25,45,80,655.00,"52,400.00"
2020-03-15,2020031501023457,EDBL,39,39,50,384.00,"19,200.00"
2020-03-15,2020031501023266,EIC,45,52,100,363.00,"36,300.00"
2020-03-15,2020031501023466,FMDBL,16,42,50,471.00,"23,550.00"
2020-03-15,2020031501023369,FMDBL,59,41,"1,000",470.00,"470,000.00"
2020-03-15,2020031501023368,FMDBL,59,56,300,470.00,"141,000.00"
2020-03-15,2020031501023367,FMDBL,59,34,37,470.00,"17,390.00"
2020-03-15,2020031501023128,FMDBL,59,45,45,469.00,"21,105.00"
2020-03-15,2020031501023393,GBBL,59,14,133,233.00,"30,989.00"
2020-03-15,2020031501023308,GBBL,34,14,367,233.00,"85,511.00"
2020-03-15,2020031501023259,GBBL,34,54,"1,600",233.00,"372,800.00"
2020-03-15,2020031501023171,GBBL,34,34,33,233.00,"7,689.00"
2020-03-15,2020031501023484,GBIME,35,13,"2,000",266.00,"532,000.00"
2020-03-15,2020031501023409,GBIME,54,57,200,267.00,"53,400.00"
2020-03-15,2020031501023184,GBIME,35,58,"1,161",266.00,"308,826.00"
2020-03-15,2020031501023168,GBIME,35,39,142,266.00,"37,772.00"
2020-03-15,2020031501023135,GBIME,35,58,371,266.00,"98,686.00"
2020-03-15,2020031501023134,GBIME,34,58,50,266.00,"13,300.00"
2020-03-15,2020031501023133,GBIME,48,58,300,266.00,"79,800.00"
2020-03-15,2020031501023132,GBIME,52,58,10,266.00,"2,660.00"
2020-03-15,2020031501023131,GBIME,32,58,200,266.00,"53,200.00"
2020-03-15,2020031501023130,GBIME,49,58,230,266.00,"61,180.00"
2020-03-15,2020031501023437,GBLBS,45,52,183,458.00,"83,814.00"
2020-03-15,2020031501023436,GBLBS,38,52,117,458.00,"53,586.00"
2020-03-15,2020031501023230,GILB,13,7,50,"1,229.00","61,450.00"
2020-03-15,2020031501023465,HBL,13,19,20,549.00,"10,980.00"
2020-03-15,2020031501023464,HBL,10,19,30,549.00,"16,470.00"
2020-03-15,2020031501023463,HBL,34,19,30,549.00,"16,470.00"
2020-03-15,2020031501023462,HBL,45,19,50,550.00,"27,500.00"
2020-03-15,2020031501023461,HBL,33,19,127,550.00,"69,850.00"
2020-03-15,2020031501023072,HBL,33,43,131,550.00,"72,050.00"
2020-03-15,2020031501023467,HDL,4,49,15,"1,444.00","21,660.00"
2020-03-15,2020031501023422,HDL,57,37,50,"1,445.00","72,250.00"
2020-03-15,2020031501023407,HDL,13,11,50,"1,445.00","72,250.00"
2020-03-15,2020031501023267,HDL,4,57,"1,200","1,444.00","1,732,800.00"
2020-03-15,2020031501023231,HDL,4,32,150,"1,444.00","216,600.00"
2020-03-15,2020031501023192,HDL,4,58,25,"1,444.00","36,100.00"
2020-03-15,2020031501023164,HDL,5,3,90,"1,445.00","130,050.00"
2020-03-15,2020031501023163,HDL,57,3,10,"1,445.00","14,450.00"
2020-03-15,2020031501023157,HDL,57,11,10,"1,445.00","14,450.00"
2020-03-15,2020031501023155,HDL,57,34,30,"1,445.00","43,350.00"
2020-03-15,2020031501023154,HDL,11,34,270,"1,445.00","390,150.00"
2020-03-15,2020031501023191,HDL,28,58,15,"1,445.00","21,675.00"
2020-03-15,2020031501023190,HDL,58,58,100,"1,445.00","144,500.00"
2020-03-15,2020031501023189,HDL,54,58,10,"1,445.00","14,450.00"
2020-03-15,2020031501023188,HDL,11,58,100,"1,446.00","144,600.00"
2020-03-15,2020031501023179,HDL,54,34,30,"1,445.00","43,350.00"
2020-03-15,2020031501023178,HDL,5,34,10,"1,445.00","14,450.00"
2020-03-15,2020031501023058,HGI,6,49,60,360.00,"21,600.00"
2020-03-15,2020031501023528,HIDCL,44,21,61,132.00,"8,052.00"
2020-03-15,2020031501023485,HIDCL,22,37,200,132.00,"26,400.00"
2020-03-15,2020031501023314,ICFC,34,57,444,176.00,"78,144.00"
2020-03-15,2020031501023313,ICFC,52,57,56,176.00,"9,856.00"
2020-03-15,2020031501023312,ICFC,52,57,500,177.00,"88,500.00"
2020-03-15,2020031501023366,JSLBB,45,6,41,"1,395.00","57,195.00"
2020-03-15,2020031501023365,JSLBB,42,6,10,"1,395.00","13,950.00"
2020-03-15,2020031501023364,JSLBB,17,6,100,"1,395.00","139,500.00"
2020-03-15,2020031501023363,JSLBB,5,6,10,"1,395.00","13,950.00"
2020-03-15,2020031501023362,JSLBB,40,6,100,"1,395.00","139,500.00"
2020-03-15,2020031501023361,JSLBB,13,6,10,"1,396.00","13,960.00"
2020-03-15,2020031501023382,KBL,35,48,199,186.00,"37,014.00"
2020-03-15,2020031501023381,KBL,50,48,400,186.00,"74,400.00"
2020-03-15,2020031501023380,KBL,44,48,75,187.00,"14,025.00"
2020-03-15,2020031501023379,KBL,5,48,50,187.00,"9,350.00"
2020-03-15,2020031501023075,KBL,41,48,150,187.00,"28,050.00"
2020-03-15,2020031501023074,KBL,59,48,350,187.00,"65,450.00"
2020-03-15,2020031501023053,KBL,59,48,650,187.00,"121,550.00"
2020-03-15,2020031501023052,KBL,58,48,50,187.00,"9,350.00"
2020-03-15,2020031501023051,KBL,26,48,"1,000",187.00,"187,000.00"
2020-03-15,2020031501023050,KBL,32,48,200,187.00,"37,400.00"
2020-03-15,2020031501023049,KBL,39,48,572,187.00,"106,964.00"
2020-03-15,2020031501023048,KBL,25,48,500,188.00,"94,000.00"
2020-03-15,2020031501023344,KMCDB,26,52,200,792.00,"158,400.00"
2020-03-15,2020031501023303,KMCDB,33,52,100,792.00,"79,200.00"
2020-03-15,2020031501023129,KRBL,57,57,500,102.00,"51,000.00"
2020-03-15,2020031501023392,KSBBL,14,33,414,159.00,"65,826.00"
2020-03-15,2020031501023391,KSBBL,14,21,530,158.00,"83,740.00"
2020-03-15,2020031501023390,KSBBL,14,21,200,157.00,"31,400.00"
2020-03-15,2020031501023389,KSBBL,14,22,70,157.00,"10,990.00"
2020-03-15,2020031501023339,LBBL,41,34,46,181.00,"8,326.00"
2020-03-15,2020031501023338,LBBL,13,34,200,181.00,"36,200.00"
2020-03-15,2020031501023337,LBBL,45,34,70,181.00,"12,670.00"
2020-03-15,2020031501023336,LBBL,48,34,184,181.00,"33,304.00"
2020-03-15,2020031501023446,LBL,25,26,282,211.00,"59,502.00"
2020-03-15,2020031501023445,LBL,47,26,50,211.00,"10,550.00"
2020-03-15,2020031501023444,LBL,16,26,785,211.00,"165,635.00"
2020-03-15,2020031501023424,LBL,35,51,260,212.00,"55,120.00"
2020-03-15,2020031501023271,LBL,55,51,200,212.00,"42,400.00"
2020-03-15,2020031501023217,LBL,59,51,200,212.00,"42,400.00"
2020-03-15,2020031501023239,LICN,25,26,20,"1,300.00","26,000.00"
2020-03-15,2020031501023322,MBL,22,48,300,222.00,"66,600.00"
2020-03-15,2020031501023321,MBL,48,48,400,222.00,"88,800.00"
2020-03-15,2020031501023320,MBL,56,48,"1,000",222.00,"222,000.00"
2020-03-15,2020031501023319,MBL,33,48,"2,000",222.00,"444,000.00"
2020-03-15,2020031501023318,MBL,50,48,"1,000",222.00,"222,000.00"
2020-03-15,2020031501023317,MBL,11,48,100,222.00,"22,200.00"
2020-03-15,2020031501023316,MBL,37,48,150,222.00,"33,300.00"
2020-03-15,2020031501023315,MBL,38,48,50,223.00,"11,150.00"
2020-03-15,2020031501023063,MDB,49,34,200,335.00,"67,000.00"
2020-03-15,2020031501023538,MEGA,14,50,100,212.00,"21,200.00"
2020-03-15,2020031501023291,MEGA,59,33,200,212.00,"42,400.00"
2020-03-15,2020031501023268,MEGA,43,33,10,212.00,"2,120.00"
2020-03-15,2020031501023078,MEGA,58,52,800,211.00,"168,800.00"
2020-03-15,2020031501023077,MEGA,58,33,570,211.00,"120,270.00"
2020-03-15,2020031501023325,MLBL,40,21,50,201.00,"10,050.00"
2020-03-15,2020031501023324,MLBL,56,21,200,201.00,"40,200.00"
2020-03-15,2020031501023323,MLBL,55,21,314,201.00,"63,114.00"
2020-03-15,2020031501023487,MNBBL,28,52,470,314.00,"147,580.00"
2020-03-15,2020031501023486,MNBBL,47,52,30,314.00,"9,420.00"
2020-03-15,2020031501023468,MNBBL,54,36,50,315.00,"15,750.00"
2020-03-15,2020031501023414,MNBBL,47,6,470,314.00,"147,580.00"
2020-03-15,2020031501023156,MNBBL,14,6,30,315.00,"9,450.00"
2020-03-15,2020031501023516,NABIL,51,29,76,751.00,"57,076.00"
2020-03-15,2020031501023515,NABIL,51,1,24,751.00,"18,024.00"
2020-03-15,2020031501023423,NABIL,33,1,100,751.00,"75,100.00"
2020-03-15,2020031501023386,NABIL,4,50,48,750.00,"36,000.00"
2020-03-15,2020031501023375,NABIL,4,44,261,750.00,"195,750.00"
2020-03-15,2020031501023360,NABIL,38,45,12,748.00,"8,976.00"
2020-03-15,2020031501023218,NABIL,45,1,10,751.00,"7,510.00"
2020-03-15,2020031501023277,NABIL,41,44,200,750.00,"150,000.00"
2020-03-15,2020031501023276,NABIL,49,44,60,750.00,"45,000.00"
2020-03-15,2020031501023275,NABIL,51,44,10,750.00,"7,500.00"
2020-03-15,2020031501023274,NABIL,14,44,25,750.00,"18,750.00"
2020-03-15,2020031501023273,NABIL,49,44,100,750.00,"75,000.00"
2020-03-15,2020031501023272,NABIL,40,44,34,750.00,"25,500.00"
2020-03-15,2020031501023283,NABIL,46,44,110,750.00,"82,500.00"
2020-03-15,2020031501023282,NABIL,36,44,50,750.00,"37,500.00"
2020-03-15,2020031501023281,NABIL,39,44,50,750.00,"37,500.00"
2020-03-15,2020031501023280,NABIL,32,44,200,750.00,"150,000.00"
2020-03-15,2020031501023279,NABIL,25,44,10,750.00,"7,500.00"
2020-03-15,2020031501023278,NABIL,49,44,200,750.00,"150,000.00"
2020-03-15,2020031501023359,NABIL,22,45,100,749.00,"74,900.00"
2020-03-15,2020031501023309,NABIL,4,44,500,750.00,"375,000.00"
2020-03-15,2020031501023287,NABIL,56,44,50,750.00,"37,500.00"
2020-03-15,2020031501023286,NABIL,38,44,20,750.00,"15,000.00"
2020-03-15,2020031501023285,NABIL,4,44,100,750.00,"75,000.00"
2020-03-15,2020031501023284,NABIL,49,44,20,750.00,"15,000.00"
2020-03-15,2020031501023199,NADEP,17,21,11,595.00,"6,545.00"
2020-03-15,2020031501023514,NBB,41,47,95,206.00,"19,570.00"
2020-03-15,2020031501023513,NBB,51,47,100,206.00,"20,600.00"
2020-03-15,2020031501023512,NBB,26,47,50,206.00,"10,300.00"
2020-03-15,2020031501023511,NBB,58,47,200,206.00,"41,200.00"
2020-03-15,2020031501023510,NBB,48,47,"1,000",206.00,"206,000.00"
2020-03-15,2020031501023509,NBB,26,47,100,206.00,"20,600.00"
2020-03-15,2020031501023248,NBB,59,57,200,208.00,"41,600.00"
2020-03-15,2020031501023482,NBB,25,47,"1,185",206.00,"244,110.00"
2020-03-15,2020031501023481,NBB,11,47,100,206.00,"20,600.00"
2020-03-15,2020031501023480,NBB,21,47,765,206.00,"157,590.00"
2020-03-15,2020031501023479,NBB,14,47,200,207.00,"41,400.00"
2020-03-15,2020031501023508,NBB,11,47,70,206.00,"14,420.00"
2020-03-15,2020031501023507,NBB,8,47,200,206.00,"41,200.00"
2020-03-15,2020031501023506,NBB,21,47,250,206.00,"51,500.00"
2020-03-15,2020031501023505,NBB,42,47,100,206.00,"20,600.00"
2020-03-15,2020031501023504,NBB,39,47,20,206.00,"4,120.00"
2020-03-15,2020031501023503,NBB,25,47,815,206.00,"167,890.00"
2020-03-15,2020031501023533,NBL,8,47,620,264.00,"163,680.00"
2020-03-15,2020031501023532,NBL,33,47,500,265.00,"132,500.00"
2020-03-15,2020031501023531,NBL,32,47,100,265.00,"26,500.00"
2020-03-15,2020031501023501,NBL,32,42,400,265.00,"106,000.00"
2020-03-15,2020031501023496,NBL,8,33,69,264.00,"18,216.00"
2020-03-15,2020031501023495,NBL,44,33,500,264.00,"132,000.00"
2020-03-15,2020031501023335,NBL,29,33,200,265.00,"53,000.00"
2020-03-15,2020031501023264,NBL,59,33,100,265.00,"26,500.00"
2020-03-15,2020031501023261,NBL,47,33,730,265.00,"193,450.00"
2020-03-15,2020031501023141,NBL,43,37,119,264.00,"31,416.00"
2020-03-15,2020031501023140,NBL,16,37,381,264.00,"100,584.00"
2020-03-15,2020031501023494,NBL,52,33,100,264.00,"26,400.00"
2020-03-15,2020031501023493,NBL,43,33,231,264.00,"60,984.00"
2020-03-15,2020031501023430,NBL,10,37,500,265.00,"132,500.00"
2020-03-15,2020031501023429,NBL,10,33,470,265.00,"124,550.00"
2020-03-15,2020031501023408,NBL,43,33,500,265.00,"132,500.00"
2020-03-15,2020031501023378,NBL,43,54,150,264.00,"39,600.00"
2020-03-15,2020031501023539,NCCB,52,33,200,184.00,"36,800.00"
2020-03-15,2020031501023394,NFS,28,51,538,126.00,"67,788.00"
2020-03-15,2020031501023460,NHPC,41,6,20,53.00,"1,060.00"
2020-03-15,2020031501023459,NHPC,45,6,430,53.00,"22,790.00"
2020-03-15,2020031501023458,NHPC,6,6,50,54.00,"2,700.00"
2020-03-15,2020031501023076,NIB,6,48,20,388.00,"7,760.00"
2020-03-15,2020031501023057,NIB,36,48,50,388.00,"19,400.00"
2020-03-15,2020031501023056,NIB,36,48,150,388.00,"58,200.00"
2020-03-15,2020031501023523,NICA,45,50,129,518.00,"66,822.00"
2020-03-15,2020031501023522,NICA,45,50,271,518.00,"140,378.00"
2020-03-15,2020031501023521,NICA,39,50,200,519.00,"103,800.00"
2020-03-15,2020031501023520,NICA,52,50,500,519.00,"259,500.00"
2020-03-15,2020031501023478,NICA,45,58,100,520.00,"52,000.00"
2020-03-15,2020031501023477,NICA,57,58,40,520.00,"20,800.00"
2020-03-15,2020031501023142,NICA,49,46,940,521.00,"489,740.00"
2020-03-15,2020031501023433,NICA,36,56,545,520.00,"283,400.00"
2020-03-15,2020031501023398,NICA,45,39,20,521.00,"10,420.00"
2020-03-15,2020031501023250,NICA,4,39,"1,000",521.00,"521,000.00"
2020-03-15,2020031501023249,NICA,49,39,25,521.00,"13,025.00"
2020-03-15,2020031501023246,NICA,45,25,100,523.00,"52,300.00"
2020-03-15,2020031501023245,NICA,45,39,90,522.00,"46,980.00"
2020-03-15,2020031501023476,NICA,16,58,800,520.00,"416,000.00"
2020-03-15,2020031501023475,NICA,45,58,400,520.00,"208,000.00"
2020-03-15,2020031501023474,NICA,33,58,100,520.00,"52,000.00"
2020-03-15,2020031501023473,NICA,58,58,87,520.00,"45,240.00"
2020-03-15,2020031501023435,NICA,58,56,13,520.00,"6,760.00"
2020-03-15,2020031501023434,NICA,44,56,"3,000",520.00,"1,560,000.00"
2020-03-15,2020031501023431,NICGF,43,14,150,9.38,"1,407.00"
2020-03-15,2020031501023500,NICL,53,33,100,402.00,"40,200.00"
2020-03-15,2020031501023404,NICL,45,58,45,401.00,"18,045.00"
2020-03-15,2020031501023403,NICL,52,58,20,401.00,"8,020.00"
2020-03-15,2020031501023399,NICL,33,33,55,405.00,"22,275.00"
2020-03-15,2020031501023334,NICL,52,58,15,409.00,"6,135.00"
2020-03-15,2020031501023139,NICL,33,34,365,405.00,"147,825.00"
2020-03-15,2020031501023138,NICL,33,58,180,404.00,"72,720.00"
2020-03-15,2020031501023530,NIL,55,49,180,516.00,"92,880.00"
2020-03-15,2020031501023529,NIL,8,49,200,516.00,"103,200.00"
2020-03-15,2020031501023432,NIL,54,29,100,522.00,"52,200.00"
2020-03-15,2020031501023341,NIL,37,29,138,522.00,"72,036.00"
2020-03-15,2020031501023340,NIL,37,14,12,520.00,"6,240.00"
2020-03-15,2020031501023441,NLG,29,16,100,585.00,"58,500.00"
2020-03-15,2020031501023440,NLG,29,7,50,584.00,"29,200.00"
2020-03-15,2020031501023253,NLG,29,7,20,581.00,"11,620.00"
2020-03-15,2020031501023517,NLIC,59,50,140,"1,110.00","155,400.00"
2020-03-15,2020031501023489,NLIC,26,50,10,"1,110.00","11,100.00"
2020-03-15,2020031501023469,NLIC,14,50,50,"1,110.00","55,500.00"
2020-03-15,2020031501023428,NLIC,52,13,65,"1,110.00","72,150.00"
2020-03-15,2020031501023412,NLIC,44,42,200,"1,105.00","221,000.00"
2020-03-15,2020031501023411,NLIC,21,13,335,"1,110.00","371,850.00"
2020-03-15,2020031501023080,NLIC,38,45,10,"1,105.00","11,050.00"
2020-03-15,2020031501023079,NLIC,26,45,28,"1,105.00","30,940.00"
2020-03-15,2020031501023086,NLIC,45,45,50,"1,102.00","55,100.00"
2020-03-15,2020031501023085,NLIC,34,45,50,"1,103.00","55,150.00"
2020-03-15,2020031501023084,NLIC,42,45,100,"1,103.00","110,300.00"
2020-03-15,2020031501023083,NLIC,55,45,200,"1,105.00","221,000.00"
2020-03-15,2020031501023082,NLIC,33,45,100,"1,105.00","110,500.00"
2020-03-15,2020031501023081,NLIC,44,45,20,"1,105.00","22,100.00"
2020-03-15,2020031501023092,NLIC,38,45,100,"1,101.00","110,100.00"
2020-03-15,2020031501023091,NLIC,44,45,10,"1,101.00","11,010.00"
2020-03-15,2020031501023090,NLIC,26,45,100,"1,101.00","110,100.00"
2020-03-15,2020031501023089,NLIC,45,45,50,"1,101.00","55,050.00"
2020-03-15,2020031501023088,NLIC,33,45,30,"1,101.00","33,030.00"
2020-03-15,2020031501023087,NLIC,34,45,330,"1,101.00","363,330.00"
2020-03-15,2020031501023098,NLIC,45,45,50,"1,100.00","55,000.00"
2020-03-15,2020031501023097,NLIC,59,45,50,"1,101.00","55,050.00"
2020-03-15,2020031501023096,NLIC,57,45,100,"1,101.00","110,100.00"
2020-03-15,2020031501023095,NLIC,14,45,50,"1,101.00","55,050.00"
2020-03-15,2020031501023094,NLIC,39,45,500,"1,101.00","550,500.00"
2020-03-15,2020031501023093,NLIC,5,45,200,"1,101.00","220,200.00"
2020-03-15,2020031501023104,NLIC,41,45,50,"1,100.00","55,000.00"
2020-03-15,2020031501023103,NLIC,50,45,20,"1,100.00","22,000.00"
2020-03-15,2020031501023102,NLIC,48,45,15,"1,100.00","16,500.00"
2020-03-15,2020031501023101,NLIC,47,45,100,"1,100.00","110,000.00"
2020-03-15,2020031501023100,NLIC,57,45,50,"1,100.00","55,000.00"
2020-03-15,2020031501023099,NLIC,52,45,20,"1,100.00","22,000.00"
2020-03-15,2020031501023254,NLIC,48,10,22,"1,101.00","24,222.00"
2020-03-15,2020031501023237,NLIC,48,45,"2,600","1,101.00","2,862,600.00"
2020-03-15,2020031501023236,NLIC,50,45,200,"1,101.00","220,200.00"
2020-03-15,2020031501023214,NLIC,6,45,100,"1,101.00","110,100.00"
2020-03-15,2020031501023160,NLIC,14,45,100,"1,101.00","110,100.00"
2020-03-15,2020031501023105,NLIC,39,45,100,"1,100.00","110,000.00"
2020-03-15,2020031501023387,NLIC,8,46,122,"1,110.00","135,420.00"
2020-03-15,2020031501023371,NLIC,55,36,66,"1,110.00","73,260.00"
2020-03-15,2020031501023305,NLIC,55,57,284,"1,110.00","315,240.00"
2020-03-15,2020031501023304,NLIC,55,41,150,"1,109.00","166,350.00"
2020-03-15,2020031501023256,NLIC,45,57,54,"1,101.00","59,454.00"
2020-03-15,2020031501023255,NLIC,48,57,278,"1,101.00","306,078.00"
2020-03-15,2020031501023410,NLIC,21,36,135,"1,110.00","149,850.00"
2020-03-15,2020031501023402,NLIC,33,36,100,"1,110.00","111,000.00"
2020-03-15,2020031501023401,NLIC,41,36,11,"1,110.00","12,210.00"
2020-03-15,2020031501023400,NLIC,25,36,100,"1,110.00","111,000.00"
2020-03-15,2020031501023397,NLIC,39,36,10,"1,110.00","11,100.00"
2020-03-15,2020031501023388,NLIC,8,36,78,"1,110.00","86,580.00"
2020-03-15,2020031501023183,NLICL,43,44,10,637.00,"6,370.00"
2020-03-15,2020031501023172,NLICL,43,16,300,630.00,"189,000.00"
2020-03-15,2020031501023062,NLICL,35,51,250,625.00,"156,250.00"
2020-03-15,2020031501023456,NMB,33,13,338,413.00,"139,594.00"
2020-03-15,2020031501023455,NMB,33,37,150,413.00,"61,950.00"
2020-03-15,2020031501023454,NMB,33,32,20,412.00,"8,240.00"
2020-03-15,2020031501023453,NMB,33,36,100,412.00,"41,200.00"
2020-03-15,2020031501023396,NMB,10,41,400,411.00,"164,400.00"
2020-03-15,2020031501023235,NMB,25,45,370,410.00,"151,700.00"
2020-03-15,2020031501023137,NMB,10,3,300,411.00,"123,300.00"
2020-03-15,2020031501023136,NMB,10,17,180,411.00,"73,980.00"
2020-03-15,2020031501023234,NMB,6,45,100,410.00,"41,000.00"
2020-03-15,2020031501023233,NMB,58,45,30,410.00,"12,300.00"
2020-03-15,2020031501023200,NMB,58,45,"1,000",410.00,"410,000.00"
2020-03-15,2020031501023197,NMB,58,45,500,410.00,"205,000.00"
2020-03-15,2020031501023186,NMB,58,22,470,410.00,"192,700.00"
2020-03-15,2020031501023185,NMB,6,22,30,410.00,"12,300.00"
2020-03-15,2020031501023232,NMBMF,54,28,50,746.00,"37,300.00"
2020-03-15,2020031501023212,NMBMF,54,28,50,746.00,"37,300.00"
2020-03-15,2020031501023211,NMBMF,51,28,80,746.00,"59,680.00"
2020-03-15,2020031501023210,NMBMF,16,28,300,747.00,"224,100.00"
2020-03-15,2020031501023209,NMBMF,32,28,100,747.00,"74,700.00"
2020-03-15,2020031501023208,NMBMF,52,28,40,750.00,"30,000.00"
2020-03-15,2020031501023201,NMBMF,32,28,10,752.00,"7,520.00"
2020-03-15,2020031501023207,NMBMF,54,28,50,750.00,"37,500.00"
2020-03-15,2020031501023206,NMBMF,45,28,10,750.00,"7,500.00"
2020-03-15,2020031501023205,NMBMF,45,28,100,750.00,"75,000.00"
2020-03-15,2020031501023204,NMBMF,26,28,150,751.00,"112,650.00"
2020-03-15,2020031501023203,NMBMF,42,28,10,751.00,"7,510.00"
2020-03-15,2020031501023202,NMBMF,16,28,10,752.00,"7,520.00"
2020-03-15,2020031501023483,NMFBS,41,13,12,"1,550.00","18,600.00"
2020-03-15,2020031501023295,NTC,13,40,30,616.00,"18,480.00"
2020-03-15,2020031501023294,NTC,50,40,200,617.00,"123,400.00"
2020-03-15,2020031501023293,NTC,38,40,20,618.00,"12,360.00"
2020-03-15,2020031501023301,NTC,34,40,10,615.00,"6,150.00"
2020-03-15,2020031501023300,NTC,45,40,15,615.00,"9,225.00"
2020-03-15,2020031501023299,NTC,47,40,10,615.00,"6,150.00"
2020-03-15,2020031501023298,NTC,41,40,50,615.00,"30,750.00"
2020-03-15,2020031501023297,NTC,7,40,100,616.00,"61,600.00"
2020-03-15,2020031501023296,NTC,28,40,10,616.00,"6,160.00"
2020-03-15,2020031501023370,NTC,25,49,10,624.00,"6,240.00"
2020-03-15,2020031501023327,NTC,45,33,150,615.00,"92,250.00"
2020-03-15,2020031501023351,OHL,4,42,38,365.00,"13,870.00"
2020-03-15,2020031501023350,OHL,13,42,100,365.00,"36,500.00"
2020-03-15,2020031501023158,OHL,5,45,210,371.00,"77,910.00"
2020-03-15,2020031501023349,OHL,40,42,12,369.00,"4,428.00"
2020-03-15,2020031501023348,OHL,39,42,200,370.00,"74,000.00"
2020-03-15,2020031501023219,OHL,57,35,705,370.00,"260,850.00"
2020-03-15,2020031501023187,OHL,5,35,90,371.00,"33,390.00"
2020-03-15,2020031501023472,PCBL,11,39,50,278.00,"13,900.00"
2020-03-15,2020031501023311,PCBL,11,32,186,278.00,"51,708.00"
2020-03-15,2020031501023310,PCBL,46,32,314,278.00,"87,292.00"
2020-03-15,2020031501023252,PCBL,46,36,186,278.00,"51,708.00"
2020-03-15,2020031501023251,PCBL,6,36,179,278.00,"49,762.00"
2020-03-15,2020031501023502,PIC,50,39,50,517.00,"25,850.00"
2020-03-15,2020031501023452,PIC,50,13,135,517.00,"69,795.00"
2020-03-15,2020031501023451,PIC,34,13,200,518.00,"103,600.00"
2020-03-15,2020031501023450,PIC,54,13,100,519.00,"51,900.00"
2020-03-15,2020031501023449,PIC,52,13,20,519.00,"10,380.00"
2020-03-15,2020031501023448,PIC,16,13,10,520.00,"5,200.00"
2020-03-15,2020031501023447,PIC,1,13,35,520.00,"18,200.00"
2020-03-15,2020031501023258,PIC,1,39,65,520.00,"33,800.00"
2020-03-15,2020031501023257,PIC,11,39,35,520.00,"18,200.00"
2020-03-15,2020031501023385,PICL,17,6,90,424.00,"38,160.00"
2020-03-15,2020031501023331,PICL,42,58,100,425.00,"42,500.00"
2020-03-15,2020031501023330,PICL,21,58,35,426.00,"14,910.00"
2020-03-15,2020031501023122,PICL,21,18,50,426.00,"21,300.00"
2020-03-15,2020031501023426,PLIC,39,13,500,539.00,"269,500.00"
2020-03-15,2020031501023425,PLIC,39,29,70,539.00,"37,730.00"
2020-03-15,2020031501023421,PLIC,46,29,30,539.00,"16,170.00"
2020-03-15,2020031501023383,PLIC,46,13,470,538.00,"252,860.00"
2020-03-15,2020031501023225,PLIC,49,5,59,533.00,"31,447.00"
2020-03-15,2020031501023224,PLIC,10,5,594,533.00,"316,602.00"
2020-03-15,2020031501023223,PLIC,57,5,100,534.00,"53,400.00"
2020-03-15,2020031501023222,PLIC,29,5,300,534.00,"160,200.00"
2020-03-15,2020031501023221,PLIC,54,5,50,535.00,"26,750.00"
2020-03-15,2020031501023220,PLIC,28,5,22,535.00,"11,770.00"
2020-03-15,2020031501023180,PLIC,28,57,13,535.00,"6,955.00"
2020-03-15,2020031501023526,PRVU,35,1,51,235.00,"11,985.00"
2020-03-15,2020031501023525,PRVU,57,1,200,236.00,"47,200.00"
2020-03-15,2020031501023524,PRVU,4,1,250,236.00,"59,000.00"
2020-03-15,2020031501023374,PRVU,58,32,250,236.00,"59,000.00"
2020-03-15,2020031501023061,PRVU,56,32,750,236.00,"177,000.00"
2020-03-15,2020031501023060,PRVU,56,52,750,236.00,"177,000.00"
2020-03-15,2020031501023307,PRVU,35,39,116,235.00,"27,260.00"
2020-03-15,2020031501023262,PRVU,35,21,500,235.00,"117,500.00"
2020-03-15,2020031501023541,RBCL,52,22,20,"9,225.00","184,500.00"
2020-03-15,2020031501023238,RBCL,7,22,20,"9,226.00","184,520.00"
2020-03-15,2020031501023292,RHPL,19,10,40,150.00,"6,000.00"
2020-03-15,2020031501023213,RHPL,42,56,"1,490",151.00,"224,990.00"
2020-03-15,2020031501023159,RHPL,42,10,40,151.00,"6,040.00"
2020-03-15,2020031501023343,SADBL,44,39,126,155.00,"19,530.00"
2020-03-15,2020031501023342,SADBL,36,39,74,155.00,"11,470.00"
2020-03-15,2020031501023288,SADBL,14,32,200,156.00,"31,200.00"
2020-03-15,2020031501023471,SAEF,43,22,"2,950",8.86,"26,137.00"
2020-03-15,2020031501023169,SANIMA,34,57,40,335.00,"13,400.00"
2020-03-15,2020031501023043,SBI,8,53,309,419.00,"129,471.00"
2020-03-15,2020031501023042,SBI,13,53,341,419.00,"142,879.00"
2020-03-15,2020031501023406,SBL,44,39,100,300.00,"30,000.00"
2020-03-15,2020031501023352,SBL,37,39,150,300.00,"45,000.00"
2020-03-15,2020031501023347,SBL,53,39,100,300.00,"30,000.00"
2020-03-15,2020031501023306,SBL,52,39,200,300.00,"60,000.00"
2020-03-15,2020031501023269,SBL,5,39,15,300.00,"4,500.00"
2020-03-15,2020031501023229,SBL,1,21,15,298.00,"4,470.00"
2020-03-15,2020031501023228,SBL,10,21,100,298.00,"29,800.00"
2020-03-15,2020031501023227,SBL,36,21,"1,000",298.00,"298,000.00"
2020-03-15,2020031501023226,SBL,16,21,285,299.00,"85,215.00"
2020-03-15,2020031501023491,SCB,33,34,15,628.00,"9,420.00"
2020-03-15,2020031501023302,SCB,28,34,10,628.00,"6,280.00"
2020-03-15,2020031501023127,SDESI,16,45,10,850.00,"8,500.00"
2020-03-15,2020031501023177,SHINE,35,43,351,278.00,"97,578.00"
2020-03-15,2020031501023176,SHINE,29,43,300,278.00,"83,400.00"
2020-03-15,2020031501023175,SHINE,19,43,49,278.00,"13,622.00"
2020-03-15,2020031501023174,SHINE,51,43,200,278.00,"55,600.00"
2020-03-15,2020031501023173,SHINE,17,43,100,278.00,"27,800.00"
2020-03-15,2020031501023540,SHIVM,52,40,"1,200",545.00,"654,000.00"
2020-03-15,2020031501023372,SHIVM,21,55,50,539.00,"26,950.00"
2020-03-15,2020031501023216,SHIVM,21,39,99,539.00,"53,361.00"
2020-03-15,2020031501023215,SHIVM,41,39,50,539.00,"26,950.00"
2020-03-15,2020031501023121,SHIVM,41,44,100,540.00,"54,000.00"
2020-03-15,2020031501023120,SHIVM,57,44,50,540.00,"27,000.00"
2020-03-15,2020031501023107,SHIVM,8,44,200,542.00,"108,400.00"
2020-03-15,2020031501023113,SHIVM,33,44,200,541.00,"108,200.00"
2020-03-15,2020031501023112,SHIVM,14,44,10,541.00,"5,410.00"
2020-03-15,2020031501023111,SHIVM,55,44,200,541.00,"108,200.00"
2020-03-15,2020031501023110,SHIVM,25,44,10,541.00,"5,410.00"
2020-03-15,2020031501023109,SHIVM,38,44,10,542.00,"5,420.00"
2020-03-15,2020031501023108,SHIVM,40,44,25,542.00,"13,550.00"
2020-03-15,2020031501023119,SHIVM,47,44,500,540.00,"270,000.00"
2020-03-15,2020031501023118,SHIVM,58,44,40,540.00,"21,600.00"
2020-03-15,2020031501023117,SHIVM,5,44,500,540.00,"270,000.00"
2020-03-15,2020031501023116,SHIVM,49,44,100,541.00,"54,100.00"
2020-03-15,2020031501023115,SHIVM,38,44,200,541.00,"108,200.00"
2020-03-15,2020031501023114,SHIVM,49,44,20,541.00,"10,820.00"
2020-03-15,2020031501023443,SHL,21,17,500,165.00,"82,500.00"
2020-03-15,2020031501023442,SHL,21,34,200,165.00,"33,000.00"
2020-03-15,2020031501023490,SICL,59,50,"1,000",874.00,"874,000.00"
2020-03-15,2020031501023345,SICL,44,37,200,867.00,"173,400.00"
2020-03-15,2020031501023536,SIL,44,44,"2,900",496.00,"1,438,400.00"
2020-03-15,2020031501023470,SIL,44,38,"2,145",496.00,"1,063,920.00"
2020-03-15,2020031501023439,SJCL,53,45,20,147.00,"2,940.00"
2020-03-15,2020031501023332,SJCL,54,10,20,145.00,"2,900.00"
2020-03-15,2020031501023181,SJCL,26,10,20,143.00,"2,860.00"
2020-03-15,2020031501023395,SKBBL,5,26,20,"1,050.00","21,000.00"
2020-03-15,2020031501023166,SKBBL,5,45,20,"1,038.00","20,760.00"
2020-03-15,2020031501023165,SKBBL,5,26,25,"1,035.00","25,875.00"
2020-03-15,2020031501023047,SKBBL,14,35,100,"1,020.00","102,000.00"
2020-03-15,2020031501023046,SKBBL,17,35,80,"1,020.00","81,600.00"
2020-03-15,2020031501023045,SKBBL,5,35,50,"1,020.00","51,000.00"
2020-03-15,2020031501023044,SKBBL,14,35,170,"1,025.00","174,250.00"
2020-03-15,2020031501023333,SLBBL,34,47,26,798.00,"20,748.00"
2020-03-15,2020031501023194,SLBBL,34,36,50,795.00,"39,750.00"
2020-03-15,2020031501023193,SLBBL,34,1,76,790.00,"60,040.00"
2020-03-15,2020031501023182,SLBBL,58,17,300,785.00,"235,500.00"
2020-03-15,2020031501023420,SLICL,52,39,100,400.00,"40,000.00"
2020-03-15,2020031501023419,SLICL,32,39,50,400.00,"20,000.00"
2020-03-15,2020031501023418,SLICL,43,39,195,400.00,"78,000.00"
2020-03-15,2020031501023376,SLICL,43,39,50,400.00,"20,000.00"
2020-03-15,2020031501023290,SPDL,6,10,13,98.00,"1,274.00"
2020-03-15,2020031501023289,SPDL,6,8,12,98.00,"1,176.00"
2020-03-15,2020031501023438,STC,5,16,40,"2,457.00","98,280.00"
2020-03-15,2020031501023260,STC,42,16,10,"2,457.00","24,570.00"
2020-03-15,2020031501023244,UIC,34,36,166,335.00,"55,610.00"
2020-03-15,2020031501023243,UIC,25,36,100,336.00,"33,600.00"
2020-03-15,2020031501023242,UIC,33,36,100,336.00,"33,600.00"
2020-03-15,2020031501023241,UIC,14,36,44,336.00,"14,784.00"
2020-03-15,2020031501023162,UIC,36,36,10,337.00,"3,370.00"
2020-03-15,2020031501023161,UIC,56,36,530,337.00,"178,610.00"
2020-03-15,2020031501023106,UIC,6,36,50,338.00,"16,900.00"
2020-03-15,2020031501023373,UMHL,22,22,101,104.00,"10,504.00"
2020-03-15,2020031501023167,UMHL,22,22,101,104.00,"10,504.00"
2020-03-15,2020031501023126,UPCL,14,50,270,72.00,"19,440.00"
2020-03-15,2020031501023125,UPCL,48,50,"1,000",72.00,"72,000.00"
2020-03-15,2020031501023124,UPCL,34,50,20,72.00,"1,440.00"
2020-03-15,2020031501023123,UPCL,49,50,740,72.00,"53,280.00"
2020-03-15,2020031501023417,UPPER,55,29,750,229.00,"171,750.00"
2020-03-15,2020031501023329,UPPER,25,29,50,229.00,"11,450.00"
2020-03-15,2020031501023328,UPPER,25,36,100,228.00,"22,800.00"
2020-03-15,2020031501023240,UPPER,57,22,40,227.00,"9,080.00"
2020-03-15,2020031501023492,WOMI,13,1,50,850.00,"42,500.00"
2020-03-15,2020031501022805,AHPC,58,52,11,95.00,"1,045.00"
2020-03-15,2020031501022864,AKPL,58,45,847,116.00,"98,252.00"
2020-03-15,2020031501022863,AKPL,6,45,153,116.00,"17,748.00"
2020-03-15,2020031501022976,ALICL,50,22,33,509.00,"16,797.00"
2020-03-15,2020031501022975,ALICL,45,22,50,509.00,"25,450.00"
2020-03-15,2020031501022974,ALICL,14,22,169,509.00,"86,021.00"
2020-03-15,2020031501022973,ALICL,5,22,35,510.00,"17,850.00"
2020-03-15,2020031501022683,ALICL,4,36,478,512.00,"244,736.00"
2020-03-15,2020031501022810,CCBL,45,39,100,165.00,"16,500.00"
2020-03-15,2020031501022719,CCBL,45,39,100,165.00,"16,500.00"
2020-03-15,2020031501022621,CCBL,45,4,100,165.00,"16,500.00"
2020-03-15,2020031501022582,CHCL,59,25,135,371.00,"50,085.00"
2020-03-15,2020031501022581,CHCL,53,25,50,371.00,"18,550.00"
2020-03-15,2020031501022580,CHCL,59,25,300,371.00,"111,300.00"
2020-03-15,2020031501022579,CHCL,45,25,30,373.00,"11,190.00"
2020-03-15,2020031501022578,CHCL,46,25,50,373.00,"18,650.00"
2020-03-15,2020031501022577,CHCL,28,25,60,373.00,"22,380.00"
2020-03-15,2020031501022576,CHCL,41,25,25,374.00,"9,350.00"
2020-03-15,2020031501022575,CHCL,37,25,50,374.00,"18,700.00"
2020-03-15,2020031501022994,CIT,43,47,10,"2,526.00","25,260.00"
2020-03-15,2020031501022993,CIT,43,38,10,"2,525.00","25,250.00"
2020-03-15,2020031501022711,CIT,52,59,80,"2,517.00","201,360.00"
2020-03-15,2020031501022689,CIT,58,59,200,"2,520.00","504,000.00"
2020-03-15,2020031501022688,CIT,46,59,10,"2,520.00","25,200.00"
2020-03-15,2020031501022726,CLBSL,14,47,20,972.00,"19,440.00"
2020-03-15,2020031501022725,CLBSL,16,47,100,972.00,"97,200.00"
2020-03-15,2020031501022724,CLBSL,13,47,10,981.00,"9,810.00"
2020-03-15,2020031501023031,CZBIL,36,58,300,189.00,"56,700.00"
2020-03-15,2020031501022757,CZBIL,1,58,555,189.00,"104,895.00"
2020-03-15,2020031501022756,CZBIL,1,58,445,189.00,"84,105.00"
2020-03-15,2020031501022937,DDBL,44,32,10,805.00,"8,050.00"
2020-03-15,2020031501022721,DDBL,13,46,200,804.00,"160,800.00"
2020-03-15,2020031501022720,DDBL,13,38,200,803.00,"160,600.00"
2020-03-15,2020031501022806,EBL,1,57,500,656.00,"328,000.00"
2020-03-15,2020031501022758,EBL,25,11,20,652.00,"13,040.00"
2020-03-15,2020031501022669,EBL,54,57,100,656.00,"65,600.00"
2020-03-15,2020031501022880,EDBL,45,39,101,384.00,"38,784.00"
2020-03-15,2020031501022799,EIC,49,52,20,363.00,"7,260.00"
2020-03-15,2020031501022798,EIC,40,52,12,363.00,"4,356.00"
2020-03-15,2020031501022797,EIC,36,52,100,363.00,"36,300.00"
2020-03-15,2020031501022796,EIC,28,52,466,363.00,"169,158.00"
2020-03-15,2020031501022795,EIC,55,52,200,363.00,"72,600.00"
2020-03-15,2020031501022794,EIC,11,52,10,364.00,"3,640.00"
2020-03-15,2020031501022781,EIC,59,52,100,366.00,"36,600.00"
2020-03-15,2020031501022780,EIC,57,52,100,367.00,"36,700.00"
2020-03-15,2020031501022787,EIC,34,52,200,365.00,"73,000.00"
2020-03-15,2020031501022786,EIC,59,52,25,365.00,"9,125.00"
2020-03-15,2020031501022785,EIC,57,52,500,365.00,"182,500.00"
2020-03-15,2020031501022784,EIC,21,52,10,365.00,"3,650.00"
2020-03-15,2020031501022783,EIC,1,52,300,365.00,"109,500.00"
2020-03-15,2020031501022782,EIC,32,52,200,366.00,"73,200.00"
2020-03-15,2020031501022793,EIC,32,52,25,364.00,"9,100.00"
2020-03-15,2020031501022792,EIC,35,52,50,364.00,"18,200.00"
2020-03-15,2020031501022791,EIC,32,52,30,364.00,"10,920.00"
2020-03-15,2020031501022790,EIC,5,52,25,364.00,"9,100.00"
2020-03-15,2020031501022789,EIC,47,52,300,364.00,"109,200.00"
2020-03-15,2020031501022788,EIC,45,52,200,365.00,"73,000.00"
2020-03-15,2020031501022978,FMDBL,59,5,300,469.00,"140,700.00"
2020-03-15,2020031501022943,FMDBL,59,21,250,467.00,"116,750.00"
2020-03-15,2020031501022942,FMDBL,59,32,30,467.00,"14,010.00"
2020-03-15,2020031501022640,FMDBL,38,19,30,461.00,"13,830.00"
2020-03-15,2020031501022639,FMDBL,52,19,50,461.00,"23,050.00"
2020-03-15,2020031501022638,FMDBL,1,19,100,461.00,"46,100.00"
2020-03-15,2020031501022637,FMDBL,11,19,50,463.00,"23,150.00"
2020-03-15,2020031501022636,FMDBL,1,19,100,463.00,"46,300.00"
2020-03-15,2020031501022635,FMDBL,47,19,104,463.00,"48,152.00"
2020-03-15,2020031501022634,FMDBL,56,19,33,464.00,"15,312.00"
2020-03-15,2020031501022997,FOWAD,26,18,50,"1,378.00","68,900.00"
2020-03-15,2020031501022996,FOWAD,6,18,15,"1,380.00","20,700.00"
2020-03-15,2020031501022995,FOWAD,54,18,50,"1,381.00","69,050.00"
2020-03-15,2020031501022940,GBBL,4,39,100,232.00,"23,200.00"
2020-03-15,2020031501022650,GBBL,4,4,150,232.00,"34,800.00"
2020-03-15,2020031501022649,GBBL,4,39,103,232.00,"23,896.00"
2020-03-15,2020031501022589,GBBL,4,26,"1,000",232.00,"232,000.00"
2020-03-15,2020031501022572,GBBL,4,39,"4,000",232.00,"928,000.00"
2020-03-15,2020031501022953,GBIME,49,54,624,266.00,"165,984.00"
2020-03-15,2020031501022899,GBIME,34,57,104,267.00,"27,768.00"
2020-03-15,2020031501022698,GBIME,34,4,100,267.00,"26,700.00"
2020-03-15,2020031501022593,GBIME,34,11,196,267.00,"52,332.00"
2020-03-15,2020031501022592,GBIME,29,11,85,267.00,"22,695.00"
2020-03-15,2020031501023016,GBLBS,38,35,148,458.00,"67,784.00"
2020-03-15,2020031501022999,GBLBS,38,17,500,458.00,"229,000.00"
2020-03-15,2020031501022802,GBLBS,38,59,25,458.00,"11,450.00"
2020-03-15,2020031501022680,GBLBS,38,19,180,458.00,"82,440.00"
2020-03-15,2020031501022563,GBLBS,38,22,15,458.00,"6,870.00"
2020-03-15,2020031501022761,GILB,41,13,23,"1,229.00","28,267.00"
2020-03-15,2020031501022584,GILB,41,37,186,"1,210.00","225,060.00"
2020-03-15,2020031501022807,GLBSL,43,29,403,619.00,"249,457.00"
2020-03-15,2020031501022703,GLICL,34,22,53,420.00,"22,260.00"
2020-03-15,2020031501022631,GLICL,5,59,200,417.00,"83,400.00"
2020-03-15,2020031501022544,HBL,33,13,574,550.00,"315,700.00"
2020-03-15,2020031501022543,HBL,43,13,46,551.00,"25,346.00"
2020-03-15,2020031501023018,HDL,7,57,10,"1,452.00","14,520.00"
2020-03-15,2020031501022685,HDL,11,58,230,"1,445.00","332,350.00"
2020-03-15,2020031501022684,HDL,42,58,70,"1,445.00","101,150.00"
2020-03-15,2020031501022648,HDL,35,36,94,"1,450.00","136,300.00"
2020-03-15,2020031501022596,HDL,42,28,30,"1,445.00","43,350.00"
2020-03-15,2020031501022595,HDL,57,28,70,"1,445.00","101,150.00"
2020-03-15,2020031501022583,HDL,5,36,100,"1,450.00","145,000.00"
2020-03-15,2020031501022545,HDL,43,56,15,"1,446.00","21,690.00"
2020-03-15,2020031501022992,HGI,6,58,62,360.00,"22,320.00"
2020-03-15,2020031501022991,HGI,52,58,50,360.00,"18,000.00"
2020-03-15,2020031501022990,HGI,48,58,100,360.00,"36,000.00"
2020-03-15,2020031501022989,HGI,50,58,50,360.00,"18,000.00"
2020-03-15,2020031501022988,HGI,34,58,100,360.00,"36,000.00"
2020-03-15,2020031501022987,HGI,51,58,140,360.00,"50,400.00"
2020-03-15,2020031501022742,HGI,55,49,100,364.00,"36,400.00"
2020-03-15,2020031501022986,HGI,17,58,150,360.00,"54,000.00"
2020-03-15,2020031501022985,HGI,51,58,50,360.00,"18,000.00"
2020-03-15,2020031501022984,HGI,6,58,30,360.00,"10,800.00"
2020-03-15,2020031501022983,HGI,55,58,300,361.00,"108,300.00"
2020-03-15,2020031501022982,HGI,59,58,68,362.00,"24,616.00"
2020-03-15,2020031501022743,HGI,55,49,100,365.00,"36,500.00"
2020-03-15,2020031501022562,HPPL,5,58,10,140.00,"1,400.00"
2020-03-15,2020031501022701,HURJA,13,58,20,99.00,"1,980.00"
2020-03-15,2020031501022571,HURJA,13,58,20,99.00,"1,980.00"
2020-03-15,2020031501022903,ILBS,34,36,10,720.00,"7,200.00"
2020-03-15,2020031501022902,ILBS,34,55,14,719.00,"10,066.00"
2020-03-15,2020031501022671,ILBS,34,55,200,707.00,"141,400.00"
2020-03-15,2020031501022670,ILBS,58,55,20,708.00,"14,160.00"
2020-03-15,2020031501022960,JBBL,25,26,240,175.00,"42,000.00"
2020-03-15,2020031501022959,JBBL,51,26,60,175.00,"10,500.00"
2020-03-15,2020031501022971,KBL,39,21,448,187.00,"83,776.00"
2020-03-15,2020031501022970,KBL,58,21,500,188.00,"94,000.00"
2020-03-15,2020031501022969,KBL,25,21,190,188.00,"35,720.00"
2020-03-15,2020031501022968,KBL,40,21,10,190.00,"1,900.00"
2020-03-15,2020031501022733,KMCDB,7,59,100,792.00,"79,200.00"
2020-03-15,2020031501022676,LBBL,48,29,16,181.00,"2,896.00"
2020-03-15,2020031501022675,LBBL,53,29,30,181.00,"5,430.00"
2020-03-15,2020031501022674,LBBL,42,29,295,181.00,"53,395.00"
2020-03-15,2020031501023033,LGIL,36,59,150,426.00,"63,900.00"
2020-03-15,2020031501022888,LICN,35,50,79,"1,296.00","102,384.00"
2020-03-15,2020031501022866,LICN,25,26,17,"1,300.00","22,100.00"
2020-03-15,2020031501022827,LICN,35,25,200,"1,296.00","259,200.00"
2020-03-15,2020031501022690,LICN,45,26,10,"1,300.00","13,000.00"
2020-03-15,2020031501022566,LICN,26,26,50,"1,297.00","64,850.00"
2020-03-15,2020031501022549,LICN,26,26,50,"1,297.00","64,850.00"
2020-03-15,2020031501022962,MBL,25,25,190,223.00,"42,370.00"
2020-03-15,2020031501022929,MBL,14,48,105,225.00,"23,625.00"
2020-03-15,2020031501022928,MBL,14,57,100,224.00,"22,400.00"
2020-03-15,2020031501022646,MBL,36,57,400,224.00,"89,600.00"
2020-03-15,2020031501023030,MEGA,43,33,10,211.00,"2,110.00"
2020-03-15,2020031501023029,MEGA,29,26,550,210.00,"115,500.00"
2020-03-15,2020031501022884,MEGA,29,21,"1,000",210.00,"210,000.00"
2020-03-15,2020031501022763,MEGA,28,39,927,211.00,"195,597.00"
2020-03-15,2020031501022659,MEGA,58,33,33,212.00,"6,996.00"
2020-03-15,2020031501022769,MEGA,34,39,200,211.00,"42,200.00"
2020-03-15,2020031501022768,MEGA,28,39,"1,000",211.00,"211,000.00"
2020-03-15,2020031501022767,MEGA,44,39,50,211.00,"10,550.00"
2020-03-15,2020031501022766,MEGA,38,39,50,211.00,"10,550.00"
2020-03-15,2020031501022765,MEGA,55,39,"2,000",211.00,"422,000.00"
2020-03-15,2020031501022764,MEGA,59,39,50,211.00,"10,550.00"
2020-03-15,2020031501022775,MEGA,59,39,200,211.00,"42,200.00"
2020-03-15,2020031501022774,MEGA,38,39,250,211.00,"52,750.00"
2020-03-15,2020031501022773,MEGA,17,39,500,211.00,"105,500.00"
2020-03-15,2020031501022772,MEGA,48,39,200,211.00,"42,200.00"
2020-03-15,2020031501022771,MEGA,34,39,100,211.00,"21,100.00"
2020-03-15,2020031501022770,MEGA,8,39,10,211.00,"2,110.00"
2020-03-15,2020031501022838,MEGA,1,33,100,211.00,"21,100.00"
2020-03-15,2020031501022830,MEGA,32,33,320,211.00,"67,520.00"
2020-03-15,2020031501022803,MEGA,32,55,500,211.00,"105,500.00"
2020-03-15,2020031501022777,MEGA,32,39,180,211.00,"37,980.00"
2020-03-15,2020031501022776,MEGA,6,39,280,211.00,"59,080.00"
2020-03-15,2020031501022948,MFIL,28,52,"1,000",268.00,"268,000.00"
2020-03-15,2020031501022947,MFIL,35,52,450,268.00,"120,600.00"
2020-03-15,2020031501022882,MFIL,35,55,550,268.00,"147,400.00"
2020-03-15,2020031501022881,MFIL,45,55,250,268.00,"67,000.00"
2020-03-15,2020031501022862,MLBL,55,38,"1,000",201.00,"201,000.00"
2020-03-15,2020031501022744,MLBL,55,4,100,201.00,"20,100.00"
2020-03-15,2020031501022550,MLBL,55,39,50,201.00,"10,050.00"
2020-03-15,2020031501022941,MNBBL,14,26,70,315.00,"22,050.00"
2020-03-15,2020031501022887,MNBBL,40,26,100,315.00,"31,500.00"
2020-03-15,2020031501022886,MNBBL,29,26,200,315.00,"63,000.00"
2020-03-15,2020031501022885,MNBBL,26,26,130,315.00,"40,950.00"
2020-03-15,2020031501023032,NABIL,52,1,50,751.00,"37,550.00"
2020-03-15,2020031501022837,NABIL,40,1,66,750.00,"49,500.00"
2020-03-15,2020031501022836,NABIL,29,1,50,750.00,"37,500.00"
2020-03-15,2020031501022835,NABIL,45,1,20,750.00,"15,000.00"
2020-03-15,2020031501022834,NABIL,47,1,264,750.00,"198,000.00"
2020-03-15,2020031501022707,NABIL,47,11,20,750.00,"15,000.00"
2020-03-15,2020031501022687,NABIL,47,55,64,750.00,"48,000.00"
2020-03-15,2020031501022686,NABIL,8,55,36,750.00,"27,000.00"
2020-03-15,2020031501022878,NADEP,17,34,13,595.00,"7,735.00"
2020-03-15,2020031501022723,NADEP,17,19,165,595.00,"98,175.00"
2020-03-15,2020031501022673,NADEP,17,59,47,595.00,"27,965.00"
2020-03-15,2020031501022574,NADEP,17,53,101,595.00,"60,095.00"
2020-03-15,2020031501022980,NBB,58,34,500,207.00,"103,500.00"
2020-03-15,2020031501022668,NBB,21,8,235,206.00,"48,410.00"
2020-03-15,2020031501022667,NBB,10,8,65,206.00,"13,390.00"
2020-03-15,2020031501022655,NBB,10,59,35,206.00,"7,210.00"
2020-03-15,2020031501022654,NBB,43,59,95,206.00,"19,570.00"
2020-03-15,2020031501022653,NBB,41,59,50,206.00,"10,300.00"
2020-03-15,2020031501022652,NBB,59,59,20,207.00,"4,140.00"
2020-03-15,2020031501022998,NBF2,45,3,100,8.21,821.00
2020-03-15,2020031501023017,NBL,5,33,500,265.00,"132,500.00"
2020-03-15,2020031501022814,NBL,46,33,500,265.00,"132,500.00"
2020-03-15,2020031501022813,NBL,45,33,"1,000",265.00,"265,000.00"
2020-03-15,2020031501022812,NBL,10,33,"1,000",265.00,"265,000.00"
2020-03-15,2020031501022559,NBL,46,5,"1,000",265.00,"265,000.00"
2020-03-15,2020031501022945,NCCB,56,8,10,186.00,"1,860.00"
2020-03-15,2020031501022939,NCCB,44,36,598,183.00,"109,434.00"
2020-03-15,2020031501022833,NCCB,41,36,100,183.00,"18,300.00"
2020-03-15,2020031501022620,NCCB,35,36,"1,000",183.00,"183,000.00"
2020-03-15,2020031501022619,NCCB,45,36,100,183.00,"18,300.00"
2020-03-15,2020031501022618,NCCB,41,36,200,183.00,"36,600.00"
2020-03-15,2020031501022564,NCCB,8,8,10,186.00,"1,860.00"
2020-03-15,2020031501022605,NCCB,45,36,50,184.00,"9,200.00"
2020-03-15,2020031501022604,NCCB,32,36,500,184.00,"92,000.00"
2020-03-15,2020031501022603,NCCB,59,36,"2,000",184.00,"368,000.00"
2020-03-15,2020031501022602,NCCB,28,36,"1,000",184.00,"184,000.00"
2020-03-15,2020031501022601,NCCB,6,36,552,184.00,"101,568.00"
2020-03-15,2020031501022600,NCCB,56,36,200,185.00,"37,000.00"
2020-03-15,2020031501022611,NCCB,56,36,50,183.00,"9,150.00"
2020-03-15,2020031501022610,NCCB,45,36,500,183.00,"91,500.00"
2020-03-15,2020031501022609,NCCB,33,36,"2,000",183.00,"366,000.00"
2020-03-15,2020031501022608,NCCB,48,36,100,184.00,"18,400.00"
2020-03-15,2020031501022607,NCCB,14,36,50,184.00,"9,200.00"
2020-03-15,2020031501022606,NCCB,48,36,100,184.00,"18,400.00"
2020-03-15,2020031501022617,NCCB,36,36,"1,000",183.00,"183,000.00"
2020-03-15,2020031501022616,NCCB,58,36,200,183.00,"36,600.00"
2020-03-15,2020031501022615,NCCB,48,36,200,183.00,"36,600.00"
2020-03-15,2020031501022614,NCCB,44,36,200,183.00,"36,600.00"
2020-03-15,2020031501022613,NCCB,48,36,500,183.00,"91,500.00"
2020-03-15,2020031501022612,NCCB,25,36,400,183.00,"73,200.00"
2020-03-15,2020031501022804,NGPL,41,4,100,110.00,"11,000.00"
2020-03-15,2020031501022979,NIB,57,50,13,387.00,"5,031.00"
2020-03-15,2020031501022900,NIB,44,48,100,388.00,"38,800.00"
2020-03-15,2020031501022645,NIB,57,29,140,387.00,"54,180.00"
2020-03-15,2020031501023040,NICA,49,39,35,521.00,"18,235.00"
2020-03-15,2020031501023039,NICA,22,39,15,521.00,"7,815.00"
2020-03-15,2020031501023038,NICA,52,39,200,521.00,"104,200.00"
2020-03-15,2020031501022889,NICA,36,3,200,520.00,"104,000.00"
2020-03-15,2020031501022800,NICA,36,36,611,520.00,"317,720.00"
2020-03-15,2020031501022755,NICA,45,39,10,522.00,"5,220.00"
2020-03-15,2020031501022586,NICA,53,47,50,520.00,"26,000.00"
2020-03-15,2020031501022585,NICA,11,47,20,520.00,"10,400.00"
2020-03-15,2020031501022548,NICA,16,29,10,524.00,"5,240.00"
2020-03-15,2020031501022700,NICA,36,10,214,520.00,"111,280.00"
2020-03-15,2020031501022699,NICA,42,10,100,521.00,"52,100.00"
2020-03-15,2020031501022657,NICA,36,57,430,520.00,"223,600.00"
2020-03-15,2020031501022656,NICA,13,57,70,520.00,"36,400.00"
2020-03-15,2020031501022641,NICA,42,39,100,521.00,"52,100.00"
2020-03-15,2020031501022587,NICA,13,47,30,520.00,"15,600.00"
2020-03-15,2020031501022967,NICL,52,58,20,404.00,"8,080.00"
2020-03-15,2020031501023026,NIL,36,14,488,520.00,"253,760.00"
2020-03-15,2020031501023025,NIL,36,44,100,520.00,"52,000.00"
2020-03-15,2020031501023024,NIL,36,34,100,520.00,"52,000.00"
2020-03-15,2020031501023023,NIL,36,58,450,519.00,"233,550.00"
2020-03-15,2020031501023022,NIL,36,26,362,518.00,"187,516.00"
2020-03-15,2020031501023021,NIL,36,8,200,517.00,"103,400.00"
2020-03-15,2020031501023020,NIL,36,39,50,516.00,"25,800.00"
2020-03-15,2020031501023019,NIL,36,57,250,516.00,"129,000.00"
2020-03-15,2020031501022949,NIL,34,57,50,516.00,"25,800.00"
2020-03-15,2020031501022865,NIL,40,57,100,516.00,"51,600.00"
2020-03-15,2020031501022708,NIL,8,57,50,516.00,"25,800.00"
2020-03-15,2020031501023035,NLIC,26,10,22,"1,105.00","24,310.00"
2020-03-15,2020031501022936,NLIC,48,57,225,"1,110.00","249,750.00"
2020-03-15,2020031501022935,NLIC,48,49,275,"1,108.00","304,700.00"
2020-03-15,2020031501022906,NLIC,16,49,10,"1,108.00","11,080.00"
2020-03-15,2020031501022905,NLIC,34,49,200,"1,108.00","221,600.00"
2020-03-15,2020031501022904,NLIC,51,49,15,"1,108.00","16,620.00"
2020-03-15,2020031501022598,NLIC,58,58,11,"1,116.00","12,276.00"
2020-03-15,2020031501022590,NLIC,58,43,17,"1,116.00","18,972.00"
2020-03-15,2020031501022567,NLIC,58,42,50,"1,116.00","55,800.00"
2020-03-15,2020031501022706,NLIC,43,45,50,"1,116.00","55,800.00"
2020-03-15,2020031501022628,NLIC,58,51,18,"1,114.00","20,052.00"
2020-03-15,2020031501022627,NLIC,49,51,200,"1,114.00","222,800.00"
2020-03-15,2020031501022626,NLIC,35,51,32,"1,114.00","35,648.00"
2020-03-15,2020031501022625,NLIC,42,51,50,"1,115.00","55,750.00"
2020-03-15,2020031501022624,NLIC,20,51,200,"1,115.00","223,000.00"
2020-03-15,2020031501022752,NLIC,20,45,100,"1,113.00","111,300.00"
2020-03-15,2020031501022751,NLIC,1,45,10,"1,113.00","11,130.00"
2020-03-15,2020031501022750,NLIC,36,45,20,"1,114.00","22,280.00"
2020-03-15,2020031501022749,NLIC,58,45,82,"1,114.00","91,348.00"
2020-03-15,2020031501022748,NLIC,57,45,100,"1,115.00","111,500.00"
2020-03-15,2020031501022746,NLIC,29,58,11,"1,115.00","12,265.00"
2020-03-15,2020031501022817,NLIC,21,45,200,"1,111.00","222,200.00"
2020-03-15,2020031501022816,NLIC,45,45,25,"1,111.00","27,775.00"
2020-03-15,2020031501022815,NLIC,50,45,162,"1,113.00","180,306.00"
2020-03-15,2020031501022811,NLIC,16,45,10,"1,116.00","11,160.00"
2020-03-15,2020031501022754,NLIC,50,45,338,"1,113.00","376,194.00"
2020-03-15,2020031501022753,NLIC,47,45,350,"1,113.00","389,550.00"
2020-03-15,2020031501022823,NLIC,26,45,10,"1,110.00","11,100.00"
2020-03-15,2020031501022822,NLIC,56,45,50,"1,110.00","55,500.00"
2020-03-15,2020031501022821,NLIC,49,45,100,"1,110.00","111,000.00"
2020-03-15,2020031501022820,NLIC,35,45,50,"1,111.00","55,550.00"
2020-03-15,2020031501022819,NLIC,29,45,500,"1,111.00","555,500.00"
2020-03-15,2020031501022818,NLIC,51,45,100,"1,111.00","111,100.00"
2020-03-15,2020031501022898,NLIC,32,57,50,"1,110.00","55,500.00"
2020-03-15,2020031501022897,NLIC,46,57,100,"1,110.00","111,000.00"
2020-03-15,2020031501022896,NLIC,49,57,297,"1,110.00","329,670.00"
2020-03-15,2020031501022826,NLIC,49,45,203,"1,110.00","225,330.00"
2020-03-15,2020031501022825,NLIC,45,45,100,"1,110.00","111,000.00"
2020-03-15,2020031501022824,NLIC,34,45,500,"1,110.00","555,000.00"
2020-03-15,2020031501022678,NLICL,35,8,35,625.00,"21,875.00"
2020-03-15,2020031501022677,NLICL,29,8,165,625.00,"103,125.00"
2020-03-15,2020031501022762,NMB,56,14,25,410.00,"10,250.00"
2020-03-15,2020031501022718,NMB,13,14,20,410.00,"8,200.00"
2020-03-15,2020031501022717,NMB,42,14,25,410.00,"10,250.00"
2020-03-15,2020031501022716,NMB,22,14,100,410.00,"41,000.00"
2020-03-15,2020031501022715,NMB,14,14,500,410.00,"205,000.00"
2020-03-15,2020031501022714,NMB,51,14,10,410.00,"4,100.00"
2020-03-15,2020031501022632,NMB,59,52,69,411.00,"28,359.00"
2020-03-15,2020031501022573,NMB,59,21,31,411.00,"12,741.00"
2020-03-15,2020031501022570,NMB,26,46,72,411.00,"29,592.00"
2020-03-15,2020031501022713,NMB,26,14,100,410.00,"41,000.00"
2020-03-15,2020031501022712,NMB,36,14,"1,720",410.00,"705,200.00"
2020-03-15,2020031501022697,NMB,14,17,200,411.00,"82,200.00"
2020-03-15,2020031501022696,NMB,39,17,50,411.00,"20,550.00"
2020-03-15,2020031501022695,NMB,58,17,70,411.00,"28,770.00"
2020-03-15,2020031501022633,NMB,58,52,931,411.00,"382,641.00"
2020-03-15,2020031501022732,NTC,25,28,100,617.00,"61,700.00"
2020-03-15,2020031501022558,NUBL,52,32,100,930.00,"93,000.00"
2020-03-15,2020031501022557,NUBL,45,32,50,930.00,"46,500.00"
2020-03-15,2020031501022556,NUBL,52,32,100,931.00,"93,100.00"
2020-03-15,2020031501022555,NUBL,20,32,150,931.00,"139,650.00"
2020-03-15,2020031501023034,PCBL,6,39,50,278.00,"13,900.00"
2020-03-15,2020031501022972,PCBL,16,13,10,280.00,"2,800.00"
2020-03-15,2020031501022867,PCBL,44,4,100,279.00,"27,900.00"
2020-03-15,2020031501022741,PCBL,6,21,71,278.00,"19,738.00"
2020-03-15,2020031501022740,PCBL,53,21,200,278.00,"55,600.00"
2020-03-15,2020031501022739,PCBL,11,21,50,278.00,"13,900.00"
2020-03-15,2020031501022738,PCBL,38,21,500,278.00,"139,000.00"
2020-03-15,2020031501022737,PCBL,51,21,50,278.00,"13,900.00"
2020-03-15,2020031501022736,PCBL,52,21,50,278.00,"13,900.00"
2020-03-15,2020031501022735,PCBL,42,21,50,278.00,"13,900.00"
2020-03-15,2020031501022734,PCBL,13,21,29,278.00,"8,062.00"
2020-03-15,2020031501022561,PCBL,17,33,200,279.00,"55,800.00"
2020-03-15,2020031501022907,PIC,11,4,100,520.00,"52,000.00"
2020-03-15,2020031501022702,PIC,11,43,20,520.00,"10,400.00"
2020-03-15,2020031501022658,PLIC,28,57,15,535.00,"8,025.00"
2020-03-15,2020031501022778,PMHPL,39,49,10,79.00,790.00
2020-03-15,2020031501022597,PPCL,58,49,10,110.00,"1,100.00"
2020-03-15,2020031501022759,PRVU,4,52,200,236.00,"47,200.00"
2020-03-15,2020031501022705,PRVU,42,52,50,236.00,"11,800.00"
2020-03-15,2020031501022660,PRVU,34,50,184,236.00,"43,424.00"
2020-03-15,2020031501022591,PRVU,45,50,30,236.00,"7,080.00"
2020-03-15,2020031501022569,PRVU,35,7,116,235.00,"27,260.00"
2020-03-15,2020031501022546,PRVU,35,21,28,235.00,"6,580.00"
2020-03-15,2020031501022809,RBCL,52,51,10,"9,225.00","92,250.00"
2020-03-15,2020031501022704,RBCLPO,34,56,10,"8,002.00","80,020.00"
2020-03-15,2020031501022760,RHPL,46,58,10,152.00,"1,520.00"
2020-03-15,2020031501022651,RHPL,46,49,40,152.00,"6,080.00"
2020-03-15,2020031501022629,RHPL,42,58,10,151.00,"1,510.00"
2020-03-15,2020031501022938,RLFL,57,16,10,131.00,"1,310.00"
2020-03-15,2020031501022901,RLFL,57,44,10,129.00,"1,290.00"
2020-03-15,2020031501022568,RLFL,57,44,10,127.00,"1,270.00"
2020-03-15,2020031501022879,RSDC,38,20,50,456.00,"22,800.00"
2020-03-15,2020031501022745,RSDC,57,34,68,457.00,"31,076.00"
2020-03-15,2020031501022672,RSDC,57,43,16,457.00,"7,312.00"
2020-03-15,2020031501023015,SANIMA,41,57,100,335.00,"33,500.00"
2020-03-15,2020031501023014,SANIMA,50,57,"1,000",335.00,"335,000.00"
2020-03-15,2020031501023013,SANIMA,57,57,300,335.00,"100,500.00"
2020-03-15,2020031501023012,SANIMA,6,57,500,335.00,"167,500.00"
2020-03-15,2020031501023011,SANIMA,4,57,200,335.00,"67,000.00"
2020-03-15,2020031501023010,SANIMA,1,57,300,335.00,"100,500.00"
2020-03-15,2020031501023003,SANIMA,52,57,10,336.00,"3,360.00"
2020-03-15,2020031501023002,SANIMA,52,57,50,336.00,"16,800.00"
2020-03-15,2020031501023001,SANIMA,56,57,200,336.00,"67,200.00"
2020-03-15,2020031501023000,SANIMA,14,57,"1,000",336.00,"336,000.00"
2020-03-15,2020031501022647,SANIMA,28,55,100,338.00,"33,800.00"
2020-03-15,2020031501023009,SANIMA,26,57,100,335.00,"33,500.00"
2020-03-15,2020031501023008,SANIMA,7,57,100,335.00,"33,500.00"
2020-03-15,2020031501023007,SANIMA,34,57,"1,000",335.00,"335,000.00"
2020-03-15,2020031501023006,SANIMA,41,57,100,335.00,"33,500.00"
2020-03-15,2020031501023005,SANIMA,58,57,500,336.00,"168,000.00"
2020-03-15,2020031501023004,SANIMA,32,57,500,336.00,"168,000.00"
2020-03-15,2020031501023041,SBI,57,53,50,420.00,"21,000.00"
2020-03-15,2020031501022829,SBL,16,35,715,299.00,"213,785.00"
2020-03-15,2020031501022828,SBL,5,35,200,299.00,"59,800.00"
2020-03-15,2020031501022710,SBL,5,35,15,300.00,"4,500.00"
2020-03-15,2020031501022682,SBL,5,11,100,299.00,"29,900.00"
2020-03-15,2020031501022594,SCB,33,57,260,630.00,"163,800.00"
2020-03-15,2020031501022560,SCB,16,57,240,630.00,"151,200.00"
2020-03-15,2020031501022542,SCB,28,52,290,628.00,"182,120.00"
2020-03-15,2020031501022946,SDESI,25,45,10,850.00,"8,500.00"
2020-03-15,2020031501022966,SHIVM,56,40,100,543.00,"54,300.00"
2020-03-15,2020031501022965,SHIVM,37,40,"1,000",543.00,"543,000.00"
2020-03-15,2020031501022964,SHIVM,17,40,500,543.00,"271,500.00"
2020-03-15,2020031501022963,SHIVM,21,40,67,544.00,"36,448.00"
2020-03-15,2020031501022895,SHIVM,21,19,33,544.00,"17,952.00"
2020-03-15,2020031501022894,SHIVM,35,19,25,545.00,"13,625.00"
2020-03-15,2020031501022666,SHIVM,4,56,"3,490",545.00,"1,902,050.00"
2020-03-15,2020031501022665,SHIVM,52,56,500,546.00,"273,000.00"
2020-03-15,2020031501022588,SHIVM,52,14,"1,000",548.00,"548,000.00"
2020-03-15,2020031501022893,SHIVM,58,19,500,545.00,"272,500.00"
2020-03-15,2020031501022892,SHIVM,42,19,30,545.00,"16,350.00"
2020-03-15,2020031501022891,SHIVM,51,19,10,545.00,"5,450.00"
2020-03-15,2020031501022890,SHIVM,4,19,112,545.00,"61,040.00"
2020-03-15,2020031501022883,SHIVM,35,39,51,547.00,"27,897.00"
2020-03-15,2020031501022747,SHIVM,4,37,"1,000",545.00,"545,000.00"
2020-03-15,2020031501022681,SHL,58,34,200,165.00,"33,000.00"
2020-03-15,2020031501022977,SHPC,33,4,50,204.00,"10,200.00"
2020-03-15,2020031501022952,SJCL,54,1,20,144.00,"2,880.00"
2020-03-15,2020031501022951,SJCL,54,1,20,144.00,"2,880.00"
2020-03-15,2020031501022950,SJCL,54,49,48,144.00,"6,912.00"
2020-03-15,2020031501022694,SJCL,26,49,20,143.00,"2,860.00"
2020-03-15,2020031501022693,SJCL,26,58,10,143.00,"1,430.00"
2020-03-15,2020031501022692,SJCL,26,33,90,143.00,"12,870.00"
2020-03-15,2020031501022801,SJCL,26,58,10,143.00,"1,430.00"
2020-03-15,2020031501022930,SKBBL,5,26,25,"1,035.00","25,875.00"
2020-03-15,2020031501022808,SKBBL,13,8,200,"1,030.00","206,000.00"
2020-03-15,2020031501022691,SLBBL,6,26,150,781.00,"117,150.00"
2020-03-15,2020031501022565,SLBSL,11,38,20,783.00,"15,660.00"
2020-03-15,2020031501023037,SLICL,43,44,55,400.00,"22,000.00"
2020-03-15,2020031501023036,SLICL,42,44,"1,945",400.00,"778,000.00"
2020-03-15,2020031501023028,SLICL,42,4,55,400.00,"22,000.00"
2020-03-15,2020031501023027,SLICL,34,4,45,400.00,"18,000.00"
2020-03-15,2020031501022956,SLICL,34,41,155,400.00,"62,000.00"
2020-03-15,2020031501022955,SLICL,42,41,150,400.00,"60,000.00"
2020-03-15,2020031501022623,SLICL,5,44,300,405.00,"121,500.00"
2020-03-15,2020031501022622,SLICL,59,44,405,405.00,"164,025.00"
2020-03-15,2020031501022873,SLICL,45,49,100,401.00,"40,100.00"
2020-03-15,2020031501022872,SLICL,48,49,100,401.00,"40,100.00"
2020-03-15,2020031501022871,SLICL,58,49,270,401.00,"108,270.00"
2020-03-15,2020031501022870,SLICL,13,49,450,401.00,"180,450.00"
2020-03-15,2020031501022869,SLICL,10,49,600,402.00,"241,200.00"
2020-03-15,2020031501022868,SLICL,25,49,200,402.00,"80,400.00"
2020-03-15,2020031501022910,SLICL,41,33,50,400.00,"20,000.00"
2020-03-15,2020031501022909,SLICL,29,33,260,400.00,"104,000.00"
2020-03-15,2020031501022877,SLICL,29,49,740,400.00,"296,000.00"
2020-03-15,2020031501022876,SLICL,35,49,10,400.00,"4,000.00"
2020-03-15,2020031501022875,SLICL,34,49,130,400.00,"52,000.00"
2020-03-15,2020031501022874,SLICL,45,49,400,401.00,"160,400.00"
2020-03-15,2020031501022916,SLICL,52,33,200,400.00,"80,000.00"
2020-03-15,2020031501022915,SLICL,52,33,50,400.00,"20,000.00"
2020-03-15,2020031501022914,SLICL,10,33,500,400.00,"200,000.00"
2020-03-15,2020031501022913,SLICL,29,33,300,400.00,"120,000.00"
2020-03-15,2020031501022912,SLICL,13,33,300,400.00,"120,000.00"
2020-03-15,2020031501022911,SLICL,49,33,30,400.00,"12,000.00"
2020-03-15,2020031501022922,SLICL,34,33,50,400.00,"20,000.00"
2020-03-15,2020031501022921,SLICL,41,33,100,400.00,"40,000.00"
2020-03-15,2020031501022920,SLICL,7,33,100,400.00,"40,000.00"
2020-03-15,2020031501022919,SLICL,47,33,100,400.00,"40,000.00"
2020-03-15,2020031501022918,SLICL,57,33,50,400.00,"20,000.00"
2020-03-15,2020031501022917,SLICL,35,33,50,400.00,"20,000.00"
2020-03-15,2020031501022954,SLICL,6,41,195,400.00,"78,000.00"
2020-03-15,2020031501022944,SLICL,6,44,295,400.00,"118,000.00"
2020-03-15,2020031501022926,SLICL,6,33,10,400.00,"4,000.00"
2020-03-15,2020031501022925,SLICL,32,33,100,400.00,"40,000.00"
2020-03-15,2020031501022924,SLICL,41,33,200,400.00,"80,000.00"
2020-03-15,2020031501022923,SLICL,40,33,50,400.00,"20,000.00"
2020-03-15,2020031501022908,SMFBS,7,43,10,931.00,"9,310.00"
2020-03-15,2020031501022731,SRBL,45,51,162,234.00,"37,908.00"
2020-03-15,2020031501022730,SRBL,25,51,100,234.00,"23,400.00"
2020-03-15,2020031501022729,SRBL,18,51,500,234.00,"117,000.00"
2020-03-15,2020031501022728,SRBL,49,51,"1,302",234.00,"304,668.00"
2020-03-15,2020031501022679,SRBL,49,51,"1,698",234.00,"397,332.00"
2020-03-15,2020031501022664,SRBL,43,51,245,235.00,"57,575.00"
2020-03-15,2020031501022663,SRBL,36,51,50,235.00,"11,750.00"
2020-03-15,2020031501022662,SRBL,42,51,200,235.00,"47,000.00"
2020-03-15,2020031501022661,SRBL,45,51,13,235.00,"3,055.00"
2020-03-15,2020031501022958,TRH,57,52,140,236.00,"33,040.00"
2020-03-15,2020031501022957,TRH,48,52,100,236.00,"23,600.00"
2020-03-15,2020031501022934,TRH,28,52,50,237.00,"11,850.00"
2020-03-15,2020031501022933,TRH,29,52,100,237.00,"23,700.00"
2020-03-15,2020031501022932,TRH,17,52,"1,000",237.00,"237,000.00"
2020-03-15,2020031501022931,TRH,44,52,110,238.00,"26,180.00"
2020-03-15,2020031501022547,UFL,44,16,350,180.00,"63,000.00"
2020-03-15,2020031501022981,UIC,56,26,50,337.00,"16,850.00"
2020-03-15,2020031501022779,UIC,5,36,230,338.00,"77,740.00"
2020-03-15,2020031501022961,UMHL,22,22,101,104.00,"10,504.00"
2020-03-15,2020031501022727,UMHL,22,22,101,104.00,"10,504.00"
2020-03-15,2020031501022927,UPPER,57,11,50,227.00,"11,350.00"
2020-03-15,2020031501022861,UPPER,57,33,184,227.00,"41,768.00"
2020-03-15,2020031501022860,UPPER,51,33,10,227.00,"2,270.00"
2020-03-15,2020031501022859,UPPER,40,33,200,227.00,"45,400.00"
2020-03-15,2020031501022858,UPPER,59,33,100,227.00,"22,700.00"
2020-03-15,2020031501022857,UPPER,21,33,200,227.00,"45,400.00"
2020-03-15,2020031501022643,UPPER,56,1,100,228.00,"22,800.00"
2020-03-15,2020031501022642,UPPER,32,1,460,228.00,"104,880.00"
2020-03-15,2020031501022832,UPPER,51,58,40,228.00,"9,120.00"
2020-03-15,2020031501022831,UPPER,45,58,10,228.00,"2,280.00"
2020-03-15,2020031501022722,UPPER,45,49,50,228.00,"11,400.00"
2020-03-15,2020031501022709,UPPER,25,44,55,230.00,"12,650.00"
2020-03-15,2020031501022644,UPPER,45,1,440,228.00,"100,320.00"
2020-03-15,2020031501022844,UPPER,50,33,30,227.00,"6,810.00"
2020-03-15,2020031501022843,UPPER,26,33,500,227.00,"113,500.00"
2020-03-15,2020031501022842,UPPER,25,33,100,228.00,"22,800.00"
2020-03-15,2020031501022841,UPPER,32,33,500,228.00,"114,000.00"
2020-03-15,2020031501022840,UPPER,42,33,150,228.00,"34,200.00"
2020-03-15,2020031501022839,UPPER,51,33,110,228.00,"25,080.00"
2020-03-15,2020031501022850,UPPER,32,33,"1,000",227.00,"227,000.00"
2020-03-15,2020031501022849,UPPER,45,33,200,227.00,"45,400.00"
2020-03-15,2020031501022848,UPPER,45,33,66,227.00,"14,982.00"
2020-03-15,2020031501022847,UPPER,52,33,100,227.00,"22,700.00"
2020-03-15,2020031501022846,UPPER,29,33,200,227.00,"45,400.00"
2020-03-15,2020031501022845,UPPER,17,33,"1,000",227.00,"227,000.00"
2020-03-15,2020031501022856,UPPER,25,33,"2,000",227.00,"454,000.00"
2020-03-15,2020031501022855,UPPER,45,33,50,227.00,"11,350.00"
2020-03-15,2020031501022854,UPPER,6,33,200,227.00,"45,400.00"
2020-03-15,2020031501022853,UPPER,22,33,400,227.00,"90,800.00"
2020-03-15,2020031501022852,UPPER,45,33,"2,500",227.00,"567,500.00"
2020-03-15,2020031501022851,UPPER,14,33,200,227.00,"45,400.00"
2020-03-15,2020031501022552,VLBS,59,29,30,945.00,"28,350.00"
2020-03-15,2020031501022551,VLBS,14,29,100,946.00,"94,600.00"
2020-03-15,2020031501022599,VLBS,13,29,264,943.00,"248,952.00"
2020-03-15,2020031501022554,VLBS,36,29,50,943.00,"47,150.00"
2020-03-15,2020031501022553,VLBS,41,29,20,945.00,"18,900.00"
2020-03-15,2020031501022630,WOMI,6,38,50,849.00,"42,450.00"
2020-03-15,2020031501022245,ADBL,21,39,50,380.00,"19,000.00"
2020-03-15,2020031501022159,AKJCL,17,58,10,53.00,530.00
2020-03-15,2020031501022362,AKPL,6,21,13,116.00,"1,508.00"
2020-03-15,2020031501022514,ALICL,5,25,10,510.00,"5,100.00"
2020-03-15,2020031501022436,ALICL,5,43,215,510.00,"109,650.00"
2020-03-15,2020031501022269,ALICL,5,26,40,510.00,"20,400.00"
2020-03-15,2020031501022168,ALICL,45,26,100,510.00,"51,000.00"
2020-03-15,2020031501022167,ALICL,32,26,500,510.00,"255,000.00"
2020-03-15,2020031501022166,ALICL,1,26,100,512.00,"51,200.00"
2020-03-15,2020031501022165,ALICL,6,26,50,512.00,"25,600.00"
2020-03-15,2020031501022246,API,16,41,10,110.00,"1,100.00"
2020-03-15,2020031501022512,BBC,39,5,50,"1,665.00","83,250.00"
2020-03-15,2020031501022511,BBC,1,5,25,"1,666.00","41,650.00"
2020-03-15,2020031501022510,BBC,3,5,50,"1,666.00","83,300.00"
2020-03-15,2020031501022320,BFC,39,22,215,100.00,"21,500.00"
2020-03-15,2020031501022485,BOKL,51,40,300,230.00,"69,000.00"
2020-03-15,2020031501022313,BOKL,51,14,200,230.00,"46,000.00"
2020-03-15,2020031501022211,BOKL,48,57,20,231.00,"4,620.00"
2020-03-15,2020031501022420,BPCL,33,39,110,330.00,"36,300.00"
2020-03-15,2020031501022262,BPCL,55,36,33,328.00,"10,824.00"
2020-03-15,2020031501022480,CBBL,49,58,900,985.00,"886,500.00"
2020-03-15,2020031501022461,CBBL,13,36,50,990.00,"49,500.00"
2020-03-15,2020031501022421,CBBL,49,56,23,985.00,"22,655.00"
2020-03-15,2020031501022086,CBBL,49,59,200,985.00,"197,000.00"
2020-03-15,2020031501022281,CBBL,49,58,100,985.00,"98,500.00"
2020-03-15,2020031501022115,CBBL,49,43,142,985.00,"139,870.00"
2020-03-15,2020031501022535,CBL,10,21,"1,000",140.00,"140,000.00"
2020-03-15,2020031501022518,CBL,4,21,11,139.00,"1,529.00"
2020-03-15,2020031501022507,CBL,4,22,24,139.00,"3,336.00"
2020-03-15,2020031501022506,CBL,49,22,976,139.00,"135,664.00"
2020-03-15,2020031501022334,CBL,49,21,11,139.00,"1,529.00"
2020-03-15,2020031501022148,CBL,49,38,794,140.00,"111,160.00"
2020-03-15,2020031501022534,CCBL,45,21,25,165.00,"4,125.00"
2020-03-15,2020031501022318,CCBL,25,33,190,166.00,"31,540.00"
2020-03-15,2020031501022303,CCBL,45,42,51,165.00,"8,415.00"
2020-03-15,2020031501022434,CHCL,13,25,23,375.00,"8,625.00"
2020-03-15,2020031501022316,CZBIL,45,17,200,188.00,"37,600.00"
2020-03-15,2020031501022290,CZBIL,36,58,44,187.00,"8,228.00"
2020-03-15,2020031501022289,CZBIL,59,58,100,187.00,"18,700.00"
2020-03-15,2020031501022288,CZBIL,34,58,68,187.00,"12,716.00"
2020-03-15,2020031501022044,CZBIL,34,26,446,187.00,"83,402.00"
2020-03-15,2020031501022043,CZBIL,48,26,100,188.00,"18,800.00"
2020-03-15,2020031501022042,CZBIL,34,26,20,188.00,"3,760.00"
2020-03-15,2020031501022495,EBL,7,57,100,656.00,"65,600.00"
2020-03-15,2020031501022446,EBL,41,26,54,650.00,"35,100.00"
2020-03-15,2020031501022445,EBL,28,26,46,650.00,"29,900.00"
2020-03-15,2020031501022444,EBL,42,26,100,651.00,"65,100.00"
2020-03-15,2020031501022443,EBL,50,6,167,654.00,"109,218.00"
2020-03-15,2020031501022442,EBL,50,36,208,654.00,"136,032.00"
2020-03-15,2020031501022315,EBL,16,36,10,654.00,"6,540.00"
2020-03-15,2020031501022152,EBL,28,45,54,650.00,"35,100.00"
2020-03-15,2020031501022068,EBL,35,45,46,651.00,"29,946.00"
2020-03-15,2020031501022329,EDBL,43,36,150,384.00,"57,600.00"
2020-03-15,2020031501022455,EIC,5,28,400,368.00,"147,200.00"
2020-03-15,2020031501022454,EIC,41,28,100,368.00,"36,800.00"
2020-03-15,2020031501022453,EIC,40,28,50,368.00,"18,400.00"
2020-03-15,2020031501022452,EIC,5,28,25,368.00,"9,200.00"
2020-03-15,2020031501022451,EIC,29,28,50,368.00,"18,400.00"
2020-03-15,2020031501022450,EIC,29,28,100,368.00,"36,800.00"
2020-03-15,2020031501022449,EIC,41,28,88,368.00,"32,384.00"
2020-03-15,2020031501022410,FMDBL,56,44,50,466.00,"23,300.00"
2020-03-15,2020031501022366,FMDBL,56,56,17,464.00,"7,888.00"
2020-03-15,2020031501022365,FMDBL,55,56,100,464.00,"46,400.00"
2020-03-15,2020031501022280,FMDBL,47,53,196,463.00,"90,748.00"
2020-03-15,2020031501022279,FMDBL,34,53,100,463.00,"46,300.00"
2020-03-15,2020031501022240,FMDBL,42,45,70,465.00,"32,550.00"
2020-03-15,2020031501022151,FMDBL,39,6,200,464.00,"92,800.00"
2020-03-15,2020031501022150,FMDBL,59,6,200,464.00,"92,800.00"
2020-03-15,2020031501022128,FMDBL,56,6,200,465.00,"93,000.00"
2020-03-15,2020031501022127,FMDBL,55,6,100,465.00,"46,500.00"
2020-03-15,2020031501022126,FMDBL,11,6,200,465.00,"93,000.00"
2020-03-15,2020031501022125,FMDBL,46,6,25,465.00,"11,625.00"
2020-03-15,2020031501022540,GBBL,4,22,305,232.00,"70,760.00"
2020-03-15,2020031501022069,GBBL,4,45,100,232.00,"23,200.00"
2020-03-15,2020031501022478,GBIME,29,42,47,267.00,"12,549.00"
2020-03-15,2020031501022358,GBIME,29,21,10,267.00,"2,670.00"
2020-03-15,2020031501022357,GBIME,42,32,100,268.00,"26,800.00"
2020-03-15,2020031501022239,GBIME,29,52,58,267.00,"15,486.00"
2020-03-15,2020031501022227,GBIME,49,21,18,266.00,"4,788.00"
2020-03-15,2020031501022176,GBIME,36,52,50,267.00,"13,350.00"
2020-03-15,2020031501022175,GBIME,36,50,250,267.00,"66,750.00"
2020-03-15,2020031501022162,GBIME,49,22,100,266.00,"26,600.00"
2020-03-15,2020031501022076,GBIME,49,21,28,266.00,"7,448.00"
2020-03-15,2020031501022075,GBIME,38,21,50,266.00,"13,300.00"
2020-03-15,2020031501022406,GBLBS,38,21,15,458.00,"6,870.00"
2020-03-15,2020031501022085,GBLBS,52,3,200,457.00,"91,400.00"
2020-03-15,2020031501022250,GGBSL,45,42,10,770.00,"7,700.00"
2020-03-15,2020031501022249,GGBSL,45,41,20,770.00,"15,400.00"
2020-03-15,2020031501022248,GGBSL,45,58,30,768.00,"23,040.00"
2020-03-15,2020031501022459,GILB,39,34,51,"1,201.00","61,251.00"
2020-03-15,2020031501022458,GILB,13,34,25,"1,201.00","30,025.00"
2020-03-15,2020031501022277,GILB,48,26,25,"1,209.00","30,225.00"
2020-03-15,2020031501022238,GILB,13,51,75,"1,201.00","90,075.00"
2020-03-15,2020031501022237,GILB,13,51,50,"1,201.00","60,050.00"
2020-03-15,2020031501022236,GILB,13,51,20,"1,202.00","24,040.00"
2020-03-15,2020031501022235,GILB,14,51,50,"1,203.00","60,150.00"
2020-03-15,2020031501022377,GLBSL,41,29,20,619.00,"12,380.00"
2020-03-15,2020031501022376,GLBSL,51,29,85,619.00,"52,615.00"
2020-03-15,2020031501022375,GLBSL,32,29,20,619.00,"12,380.00"
2020-03-15,2020031501022374,GLBSL,38,29,100,619.00,"61,900.00"
2020-03-15,2020031501022373,GLBSL,39,29,11,619.00,"6,809.00"
2020-03-15,2020031501022372,GLBSL,43,29,500,620.00,"310,000.00"
