Date,Transact. No.,Symbol,Buyer,Seller,Quantity,Rate,Amount
2021-04-28,2021042805003144,JLI,43,20,10,851.00,"8,510.00"
2021-04-28,2021042805003142,JLI,13,8,10,851.00,"8,510.00"
2021-04-28,2021042805003141,JLI,13,58,10,851.00,"8,510.00"
2021-04-28,2021042805003137,JLI,57,21,10,850.00,"8,500.00"
2021-04-28,2021042805003136,JLI,57,41,10,850.00,"8,500.00"
2021-04-28,2021042805003135,JLI,57,21,10,850.00,"8,500.00"
2021-04-28,2021042805002650,JLI,51,10,10,847.00,"8,470.00"
2021-04-28,2021042805002649,JLI,51,49,10,847.00,"8,470.00"
2021-04-28,2021042805002647,JLI,51,32,10,847.00,"8,470.00"
2021-04-28,2021042805002661,JLI,14,10,10,846.00,"8,460.00"
2021-04-28,2021042805002659,JLI,19,59,10,846.00,"8,460.00"
2021-04-28,2021042805002658,JLI,19,7,10,846.00,"8,460.00"
2021-04-28,2021042805002654,JLI,16,54,10,847.00,"8,470.00"
2021-04-28,2021042805002652,JLI,16,45,10,847.00,"8,470.00"
2021-04-28,2021042805002651,JLI,51,36,10,847.00,"8,470.00"
2021-04-28,2021042805002672,JLI,53,51,10,847.00,"8,470.00"
2021-04-28,2021042805002671,JLI,53,17,10,847.00,"8,470.00"
2021-04-28,2021042805002666,JLI,14,59,10,846.00,"8,460.00"
2021-04-28,2021042805002664,JLI,17,36,10,848.00,"8,480.00"
2021-04-28,2021042805002663,JLI,17,41,10,848.00,"8,480.00"
2021-04-28,2021042805002662,JLI,17,47,10,847.00,"8,470.00"
2021-04-28,2021042805002680,JLI,41,17,300,846.00,"253,800.00"
2021-04-28,2021042805002679,JLI,32,17,50,846.00,"42,300.00"
2021-04-28,2021042805002678,JLI,14,17,30,846.00,"25,380.00"
2021-04-28,2021042805002677,JLI,53,10,10,847.00,"8,470.00"
2021-04-28,2021042805002674,JLI,53,47,10,847.00,"8,470.00"
2021-04-28,2021042805002673,JLI,53,38,10,847.00,"8,470.00"
2021-04-28,2021042805002686,JLI,58,17,100,845.00,"84,500.00"
2021-04-28,2021042805002685,JLI,49,17,40,845.00,"33,800.00"
2021-04-28,2021042805002684,JLI,57,17,10,845.00,"8,450.00"
2021-04-28,2021042805002683,JLI,55,17,80,845.00,"67,600.00"
2021-04-28,2021042805002682,JLI,58,17,10,846.00,"8,460.00"
2021-04-28,2021042805002681,JLI,3,17,50,846.00,"42,300.00"
2021-04-28,2021042805002692,JLI,6,17,20,845.00,"16,900.00"
2021-04-28,2021042805002691,JLI,10,17,10,845.00,"8,450.00"
2021-04-28,2021042805002690,JLI,49,17,50,845.00,"42,250.00"
2021-04-28,2021042805002689,JLI,45,17,100,845.00,"84,500.00"
2021-04-28,2021042805002688,JLI,58,17,50,845.00,"42,250.00"
2021-04-28,2021042805002687,JLI,6,17,50,845.00,"42,250.00"
2021-04-28,2021042805002699,JLI,47,17,10,845.00,"8,450.00"
2021-04-28,2021042805002698,JLI,11,48,10,848.00,"8,480.00"
2021-04-28,2021042805002697,JLI,11,54,10,848.00,"8,480.00"
2021-04-28,2021042805002696,JLI,11,34,10,847.00,"8,470.00"
2021-04-28,2021042805002694,JLI,51,17,195,845.00,"164,775.00"
2021-04-28,2021042805002693,JLI,34,17,10,845.00,"8,450.00"
2021-04-28,2021042805002712,JLI,34,36,10,845.00,"8,450.00"
2021-04-28,2021042805002706,JLI,34,17,10,845.00,"8,450.00"
2021-04-28,2021042805002704,JLI,34,17,10,845.00,"8,450.00"
2021-04-28,2021042805002703,JLI,22,32,10,847.00,"8,470.00"
2021-04-28,2021042805002702,JLI,22,44,10,847.00,"8,470.00"
2021-04-28,2021042805002700,JLI,47,38,10,845.00,"8,450.00"
2021-04-28,2021042805002722,JLI,22,49,10,845.00,"8,450.00"
2021-04-28,2021042805002720,JLI,17,52,10,845.00,"8,450.00"
2021-04-28,2021042805002719,JLI,59,55,10,845.00,"8,450.00"
2021-04-28,2021042805002715,JLI,59,58,10,845.00,"8,450.00"
2021-04-28,2021042805002714,JLI,59,20,30,845.00,"25,350.00"
2021-04-28,2021042805002713,JLI,34,20,70,845.00,"59,150.00"
2021-04-28,2021042805002728,JLI,17,10,10,846.00,"8,460.00"
2021-04-28,2021042805002727,JLI,17,45,10,846.00,"8,460.00"
2021-04-28,2021042805002726,JLI,22,58,10,845.00,"8,450.00"
2021-04-28,2021042805002725,JLI,22,6,10,845.00,"8,450.00"
2021-04-28,2021042805002724,JLI,22,17,10,845.00,"8,450.00"
2021-04-28,2021042805002723,JLI,22,49,10,845.00,"8,450.00"
2021-04-28,2021042805002742,JLI,28,38,10,844.00,"8,440.00"
2021-04-28,2021042805002741,JLI,28,49,10,844.00,"8,440.00"
2021-04-28,2021042805002735,JLI,28,47,10,844.00,"8,440.00"
2021-04-28,2021042805002734,JLI,28,55,10,844.00,"8,440.00"
2021-04-28,2021042805002730,JLI,17,45,10,846.00,"8,460.00"
2021-04-28,2021042805002729,JLI,17,41,10,846.00,"8,460.00"
2021-04-28,2021042805002759,JLI,29,48,10,845.00,"8,450.00"
2021-04-28,2021042805002748,JLI,29,59,10,845.00,"8,450.00"
2021-04-28,2021042805002746,JLI,29,17,10,845.00,"8,450.00"
2021-04-28,2021042805002745,JLI,29,5,10,845.00,"8,450.00"
2021-04-28,2021042805002744,JLI,43,49,10,845.00,"8,450.00"
2021-04-28,2021042805002743,JLI,49,32,10,844.00,"8,440.00"
2021-04-28,2021042805002770,JLI,17,17,10,846.00,"8,460.00"
2021-04-28,2021042805002768,JLI,45,45,10,846.00,"8,460.00"
2021-04-28,2021042805002763,JLI,45,47,10,846.00,"8,460.00"
2021-04-28,2021042805002762,JLI,45,39,10,846.00,"8,460.00"
2021-04-28,2021042805002761,JLI,29,57,10,845.00,"8,450.00"
2021-04-28,2021042805002760,JLI,29,57,10,845.00,"8,450.00"
2021-04-28,2021042805002789,JLI,40,21,10,846.00,"8,460.00"
2021-04-28,2021042805002787,JLI,40,45,10,846.00,"8,460.00"
2021-04-28,2021042805002786,JLI,40,32,10,846.00,"8,460.00"
2021-04-28,2021042805002785,JLI,40,54,10,846.00,"8,460.00"
2021-04-28,2021042805002773,JLI,22,3,10,846.00,"8,460.00"
2021-04-28,2021042805002771,JLI,17,56,10,846.00,"8,460.00"
2021-04-28,2021042805002798,JLI,19,34,10,847.00,"8,470.00"
2021-04-28,2021042805002797,JLI,19,53,10,847.00,"8,470.00"
2021-04-28,2021042805002796,JLI,29,13,10,845.00,"8,450.00"
2021-04-28,2021042805002794,JLI,29,56,10,845.00,"8,450.00"
2021-04-28,2021042805002793,JLI,29,54,10,845.00,"8,450.00"
2021-04-28,2021042805002791,JLI,40,42,10,846.00,"8,460.00"
2021-04-28,2021042805002811,JLI,29,20,10,845.00,"8,450.00"
2021-04-28,2021042805002808,JLI,29,16,10,845.00,"8,450.00"
2021-04-28,2021042805002807,JLI,29,56,10,845.00,"8,450.00"
2021-04-28,2021042805002806,JLI,41,28,10,847.00,"8,470.00"
2021-04-28,2021042805002802,JLI,41,58,10,847.00,"8,470.00"
2021-04-28,2021042805002799,JLI,19,58,10,847.00,"8,470.00"
2021-04-28,2021042805002825,JLI,40,17,10,846.00,"8,460.00"
2021-04-28,2021042805002823,JLI,17,49,10,845.00,"8,450.00"
2021-04-28,2021042805002822,JLI,17,11,10,845.00,"8,450.00"
2021-04-28,2021042805002819,JLI,57,21,10,845.00,"8,450.00"
2021-04-28,2021042805002814,JLI,57,38,10,845.00,"8,450.00"
2021-04-28,2021042805002812,JLI,42,20,10,845.00,"8,450.00"
2021-04-28,2021042805002837,JLI,17,49,10,845.00,"8,450.00"
2021-04-28,2021042805002836,JLI,17,7,10,845.00,"8,450.00"
2021-04-28,2021042805002835,JLI,17,6,10,845.00,"8,450.00"
2021-04-28,2021042805002832,JLI,17,43,10,845.00,"8,450.00"
2021-04-28,2021042805002828,JLI,17,38,10,845.00,"8,450.00"
2021-04-28,2021042805002827,JLI,17,20,10,845.00,"8,450.00"
2021-04-28,2021042805002844,JLI,57,20,10,845.00,"8,450.00"
2021-04-28,2021042805002843,JLI,6,19,20,845.00,"16,900.00"
2021-04-28,2021042805002842,JLI,6,42,10,845.00,"8,450.00"
2021-04-28,2021042805002841,JLI,36,33,10,845.00,"8,450.00"
2021-04-28,2021042805002839,JLI,17,41,10,845.00,"8,450.00"
2021-04-28,2021042805002838,JLI,17,13,10,845.00,"8,450.00"
2021-04-28,2021042805002857,JLI,19,26,10,845.00,"8,450.00"
2021-04-28,2021042805002856,JLI,19,39,10,845.00,"8,450.00"
2021-04-28,2021042805002855,JLI,17,26,10,844.00,"8,440.00"
2021-04-28,2021042805002848,JLI,17,13,10,844.00,"8,440.00"
2021-04-28,2021042805002847,JLI,39,26,10,844.00,"8,440.00"
2021-04-28,2021042805002846,JLI,39,5,10,844.00,"8,440.00"
2021-04-28,2021042805002869,JLI,17,45,10,844.00,"8,440.00"
2021-04-28,2021042805002868,JLI,17,13,10,844.00,"8,440.00"
2021-04-28,2021042805002867,JLI,17,45,10,844.00,"8,440.00"
2021-04-28,2021042805002866,JLI,17,26,10,844.00,"8,440.00"
2021-04-28,2021042805002865,JLI,17,26,10,844.00,"8,440.00"
2021-04-28,2021042805002858,JLI,17,58,10,844.00,"8,440.00"
2021-04-28,2021042805002875,JLI,18,28,10,845.00,"8,450.00"
2021-04-28,2021042805002874,JLI,18,45,10,845.00,"8,450.00"
2021-04-28,2021042805002873,JLI,18,45,10,845.00,"8,450.00"
2021-04-28,2021042805002872,JLI,18,38,40,845.00,"33,800.00"
2021-04-28,2021042805002871,JLI,18,45,10,845.00,"8,450.00"
2021-04-28,2021042805002870,JLI,17,20,10,844.00,"8,440.00"
2021-04-28,2021042805002884,JLI,21,55,10,848.00,"8,480.00"
2021-04-28,2021042805002883,JLI,21,6,10,846.00,"8,460.00"
2021-04-28,2021042805002882,JLI,21,58,10,846.00,"8,460.00"
2021-04-28,2021042805002881,JLI,18,6,10,845.00,"8,450.00"
2021-04-28,2021042805002878,JLI,18,45,10,845.00,"8,450.00"
2021-04-28,2021042805002877,JLI,18,20,100,845.00,"84,500.00"
2021-04-28,2021042805002890,JLI,21,34,10,850.00,"8,500.00"
2021-04-28,2021042805002889,JLI,21,11,10,850.00,"8,500.00"
2021-04-28,2021042805002888,JLI,21,55,10,850.00,"8,500.00"
2021-04-28,2021042805002887,JLI,21,58,10,850.00,"8,500.00"
2021-04-28,2021042805002886,JLI,21,35,10,849.00,"8,490.00"
2021-04-28,2021042805002885,JLI,21,56,10,849.00,"8,490.00"
2021-04-28,2021042805002896,JLI,17,28,10,844.00,"8,440.00"
2021-04-28,2021042805002895,JLI,17,45,10,844.00,"8,440.00"
2021-04-28,2021042805002894,JLI,17,25,10,844.00,"8,440.00"
2021-04-28,2021042805002893,JLI,17,28,10,844.00,"8,440.00"
2021-04-28,2021042805002892,JLI,17,45,10,844.00,"8,440.00"
2021-04-28,2021042805002891,JLI,21,34,10,850.00,"8,500.00"
2021-04-28,2021042805002905,JLI,58,59,100,844.00,"84,400.00"
2021-04-28,2021042805002904,JLI,43,59,25,844.00,"21,100.00"
2021-04-28,2021042805002903,JLI,32,59,100,844.00,"84,400.00"
2021-04-28,2021042805002902,JLI,17,59,20,844.00,"16,880.00"
2021-04-28,2021042805002899,JLI,17,21,10,844.00,"8,440.00"
2021-04-28,2021042805002898,JLI,17,45,10,844.00,"8,440.00"
2021-04-28,2021042805002917,JLI,40,47,10,843.00,"8,430.00"
2021-04-28,2021042805002916,JLI,36,49,10,843.00,"8,430.00"
2021-04-28,2021042805002915,JLI,52,59,10,844.00,"8,440.00"
2021-04-28,2021042805002908,JLI,14,59,30,844.00,"25,320.00"
2021-04-28,2021042805002907,JLI,48,59,20,844.00,"16,880.00"
2021-04-28,2021042805002906,JLI,59,59,100,844.00,"84,400.00"
2021-04-28,2021042805002923,JLI,41,49,10,843.00,"8,430.00"
2021-04-28,2021042805002922,JLI,41,20,305,843.00,"257,115.00"
2021-04-28,2021042805002921,JLI,57,20,100,843.00,"84,300.00"
2021-04-28,2021042805002920,JLI,16,20,50,843.00,"42,150.00"
2021-04-28,2021042805002919,JLI,54,20,20,843.00,"16,860.00"
2021-04-28,2021042805002918,JLI,40,20,25,843.00,"21,075.00"
2021-04-28,2021042805002931,JLI,41,41,10,843.00,"8,430.00"
2021-04-28,2021042805002930,JLI,41,36,10,843.00,"8,430.00"
2021-04-28,2021042805002928,JLI,41,47,10,843.00,"8,430.00"
2021-04-28,2021042805002927,JLI,8,59,50,844.00,"42,200.00"
2021-04-28,2021042805002926,JLI,41,39,10,843.00,"8,430.00"
2021-04-28,2021042805002924,JLI,41,49,10,843.00,"8,430.00"
2021-04-28,2021042805002948,JLI,41,41,10,843.00,"8,430.00"
2021-04-28,2021042805002947,JLI,41,28,10,843.00,"8,430.00"
2021-04-28,2021042805002940,JLI,16,59,20,844.00,"16,880.00"
2021-04-28,2021042805002938,JLI,41,36,10,843.00,"8,430.00"
2021-04-28,2021042805002937,JLI,41,13,10,843.00,"8,430.00"
2021-04-28,2021042805002936,JLI,41,21,10,843.00,"8,430.00"
2021-04-28,2021042805002963,JLI,41,28,10,843.00,"8,430.00"
2021-04-28,2021042805002962,JLI,41,59,10,844.00,"8,440.00"
2021-04-28,2021042805002961,JLI,41,36,10,843.00,"8,430.00"
2021-04-28,2021042805002958,JLI,41,28,10,843.00,"8,430.00"
2021-04-28,2021042805002950,JLI,41,20,10,843.00,"8,430.00"
2021-04-28,2021042805002949,JLI,41,35,10,843.00,"8,430.00"
2021-04-28,2021042805002970,JLI,54,38,10,845.00,"8,450.00"
2021-04-28,2021042805002968,JLI,45,59,5,844.00,"4,220.00"
2021-04-28,2021042805002967,JLI,45,43,10,844.00,"8,440.00"
2021-04-28,2021042805002966,JLI,45,38,10,844.00,"8,440.00"
2021-04-28,2021042805002965,JLI,45,56,10,844.00,"8,440.00"
2021-04-28,2021042805002964,JLI,45,45,10,844.00,"8,440.00"
2021-04-28,2021042805002980,JLI,8,1,10,845.00,"8,450.00"
2021-04-28,2021042805002979,JLI,8,45,10,845.00,"8,450.00"
2021-04-28,2021042805002977,JLI,41,26,10,843.00,"8,430.00"
2021-04-28,2021042805002974,JLI,14,45,10,844.00,"8,440.00"
2021-04-28,2021042805002973,JLI,14,36,10,844.00,"8,440.00"
2021-04-28,2021042805002971,JLI,54,19,10,845.00,"8,450.00"
2021-04-28,2021042805003002,JLI,34,34,10,846.00,"8,460.00"
2021-04-28,2021042805003001,JLI,17,58,20,845.00,"16,900.00"
2021-04-28,2021042805003000,JLI,17,20,10,845.00,"8,450.00"
2021-04-28,2021042805002999,JLI,17,14,10,845.00,"8,450.00"
2021-04-28,2021042805002997,JLI,17,1,10,845.00,"8,450.00"
2021-04-28,2021042805002989,JLI,42,57,10,844.00,"8,440.00"
2021-04-28,2021042805003010,JLI,34,1,10,845.00,"8,450.00"
2021-04-28,2021042805003008,JLI,17,57,10,845.00,"8,450.00"
2021-04-28,2021042805003006,JLI,34,36,10,848.00,"8,480.00"
2021-04-28,2021042805003005,JLI,34,21,10,848.00,"8,480.00"
2021-04-28,2021042805003004,JLI,34,36,10,848.00,"8,480.00"
2021-04-28,2021042805003003,JLI,34,34,10,848.00,"8,480.00"
2021-04-28,2021042805003022,JLI,29,42,10,848.00,"8,480.00"
2021-04-28,2021042805003021,JLI,34,21,10,845.00,"8,450.00"
2021-04-28,2021042805003020,JLI,34,47,10,845.00,"8,450.00"
2021-04-28,2021042805003013,JLI,57,36,10,846.00,"8,460.00"
2021-04-28,2021042805003012,JLI,38,57,10,846.00,"8,460.00"
2021-04-28,2021042805003011,JLI,41,43,10,843.00,"8,430.00"
2021-04-28,2021042805003034,JLI,17,6,10,850.00,"8,500.00"
2021-04-28,2021042805003033,JLI,17,58,10,850.00,"8,500.00"
2021-04-28,2021042805003032,JLI,17,19,10,850.00,"8,500.00"
2021-04-28,2021042805003031,JLI,17,25,10,850.00,"8,500.00"
2021-04-28,2021042805003030,JLI,17,4,10,850.00,"8,500.00"
2021-04-28,2021042805003023,JLI,29,34,10,848.00,"8,480.00"
2021-04-28,2021042805003040,JLI,17,42,10,850.00,"8,500.00"
2021-04-28,2021042805003039,JLI,17,49,10,850.00,"8,500.00"
2021-04-28,2021042805003038,JLI,17,48,10,850.00,"8,500.00"
2021-04-28,2021042805003037,JLI,17,47,10,850.00,"8,500.00"
2021-04-28,2021042805003036,JLI,17,39,10,850.00,"8,500.00"
2021-04-28,2021042805003035,JLI,17,57,10,850.00,"8,500.00"
2021-04-28,2021042805003046,JLI,17,16,10,850.00,"8,500.00"
2021-04-28,2021042805003045,JLI,17,6,10,850.00,"8,500.00"
2021-04-28,2021042805003044,JLI,17,49,10,850.00,"8,500.00"
2021-04-28,2021042805003043,JLI,17,38,10,850.00,"8,500.00"
2021-04-28,2021042805003042,JLI,17,25,10,850.00,"8,500.00"
2021-04-28,2021042805003041,JLI,17,8,10,850.00,"8,500.00"
2021-04-28,2021042805003058,JLI,17,14,10,850.00,"8,500.00"
2021-04-28,2021042805003057,JLI,17,47,10,850.00,"8,500.00"
2021-04-28,2021042805003050,JLI,17,58,10,850.00,"8,500.00"
2021-04-28,2021042805003049,JLI,17,1,10,850.00,"8,500.00"
2021-04-28,2021042805003048,JLI,17,19,10,850.00,"8,500.00"
2021-04-28,2021042805003047,JLI,17,6,10,850.00,"8,500.00"
2021-04-28,2021042805003065,JLI,17,49,10,850.00,"8,500.00"
2021-04-28,2021042805003064,JLI,17,41,10,850.00,"8,500.00"
2021-04-28,2021042805003063,JLI,17,42,20,850.00,"17,000.00"
2021-04-28,2021042805003062,JLI,17,7,10,850.00,"8,500.00"
2021-04-28,2021042805003061,JLI,17,21,10,850.00,"8,500.00"
2021-04-28,2021042805003059,JLI,17,6,10,850.00,"8,500.00"
2021-04-28,2021042805003081,JLI,17,47,10,850.00,"8,500.00"
2021-04-28,2021042805003074,JLI,17,8,10,850.00,"8,500.00"
2021-04-28,2021042805003073,JLI,17,47,10,850.00,"8,500.00"
2021-04-28,2021042805003072,JLI,17,48,10,850.00,"8,500.00"
2021-04-28,2021042805003068,JLI,17,8,10,850.00,"8,500.00"
2021-04-28,2021042805003067,JLI,17,57,10,850.00,"8,500.00"
2021-04-28,2021042805003087,JLI,58,28,10,850.00,"8,500.00"
2021-04-28,2021042805003086,JLI,39,28,10,850.00,"8,500.00"
2021-04-28,2021042805003085,JLI,17,28,10,850.00,"8,500.00"
2021-04-28,2021042805003084,JLI,17,21,10,850.00,"8,500.00"
2021-04-28,2021042805003083,JLI,13,7,10,852.00,"8,520.00"
2021-04-28,2021042805003082,JLI,13,21,10,851.00,"8,510.00"
2021-04-28,2021042805003098,JLI,57,36,10,850.00,"8,500.00"
2021-04-28,2021042805003097,JLI,57,42,10,850.00,"8,500.00"
2021-04-28,2021042805003096,JLI,57,49,10,850.00,"8,500.00"
2021-04-28,2021042805003095,JLI,57,28,120,850.00,"102,000.00"
2021-04-28,2021042805003094,JLI,34,28,50,850.00,"42,500.00"
2021-04-28,2021042805003093,JLI,29,58,10,848.00,"8,480.00"
2021-04-28,2021042805003107,JLI,57,46,10,850.00,"8,500.00"
2021-04-28,2021042805003104,JLI,57,49,10,850.00,"8,500.00"
2021-04-28,2021042805003103,JLI,57,36,10,850.00,"8,500.00"
2021-04-28,2021042805003102,JLI,57,34,10,850.00,"8,500.00"
2021-04-28,2021042805003101,JLI,57,59,10,850.00,"8,500.00"
2021-04-28,2021042805003099,JLI,57,36,10,850.00,"8,500.00"
2021-04-28,2021042805003116,JLI,33,7,10,851.00,"8,510.00"
2021-04-28,2021042805003115,JLI,33,36,10,851.00,"8,510.00"
2021-04-28,2021042805003113,JLI,57,38,10,850.00,"8,500.00"
2021-04-28,2021042805003112,JLI,57,59,10,850.00,"8,500.00"
2021-04-28,2021042805003110,JLI,57,16,10,850.00,"8,500.00"
2021-04-28,2021042805003109,JLI,57,41,10,850.00,"8,500.00"
2021-04-28,2021042805003122,JLI,33,49,10,853.00,"8,530.00"
2021-04-28,2021042805003121,JLI,33,6,10,853.00,"8,530.00"
2021-04-28,2021042805003120,JLI,33,58,10,853.00,"8,530.00"
2021-04-28,2021042805003119,JLI,33,10,10,853.00,"8,530.00"
2021-04-28,2021042805003118,JLI,33,21,10,852.00,"8,520.00"
2021-04-28,2021042805003117,JLI,33,49,10,852.00,"8,520.00"
2021-04-28,2021042805003128,JLI,33,49,10,854.00,"8,540.00"
2021-04-28,2021042805003127,JLI,33,58,10,854.00,"8,540.00"
2021-04-28,2021042805003126,JLI,33,16,10,854.00,"8,540.00"
2021-04-28,2021042805003125,JLI,33,34,10,854.00,"8,540.00"
2021-04-28,2021042805003124,JLI,33,39,10,854.00,"8,540.00"
2021-04-28,2021042805003123,JLI,33,36,10,853.00,"8,530.00"
2021-04-28,2021042805003134,JLI,33,38,10,855.00,"8,550.00"
2021-04-28,2021042805003133,JLI,33,38,10,855.00,"8,550.00"
2021-04-28,2021042805003132,JLI,33,52,10,855.00,"8,550.00"
2021-04-28,2021042805003131,JLI,33,59,10,855.00,"8,550.00"
2021-04-28,2021042805003130,JLI,33,25,10,855.00,"8,550.00"
2021-04-28,2021042805003129,JLI,33,4,10,854.00,"8,540.00"
2021-04-28,2021042805003100,MLBSL,3,6,10,"2,841.00","28,410.00"
2021-04-28,2021042805002998,MLBSL,3,48,10,"2,841.00","28,410.00"
2021-04-28,2021042805002990,MLBSL,3,34,10,"2,841.00","28,410.00"
2021-04-28,2021042805002941,MLBSL,3,39,10,"2,841.00","28,410.00"
2021-04-28,2021042805002880,MLBSL,3,52,10,"2,841.00","28,410.00"
2021-04-28,2021042805002834,MLBSL,3,45,10,"2,841.00","28,410.00"
2021-04-28,2021042805002803,MLBSL,3,56,10,"2,841.00","28,410.00"
2021-04-28,2021042805002788,MLBSL,3,28,10,"2,841.00","28,410.00"
2021-04-28,2021042805003145,NICLBSL,59,57,50,"1,729.00","86,450.00"
2021-04-28,2021042805003143,NICLBSL,52,19,10,"1,728.00","17,280.00"
2021-04-28,2021042805003140,NICLBSL,16,33,20,"1,727.00","34,540.00"
2021-04-28,2021042805003139,NICLBSL,45,33,100,"1,727.00","172,700.00"
2021-04-28,2021042805003138,NICLBSL,22,42,10,"1,727.00","17,270.00"
2021-04-28,2021042805003114,NICLBSL,14,57,50,"1,729.00","86,450.00"
2021-04-28,2021042805002653,NICLBSL,56,22,10,"1,727.00","17,270.00"
2021-04-28,2021042805002648,NICLBSL,56,22,10,"1,727.00","17,270.00"
2021-04-28,2021042805002646,NICLBSL,56,45,10,"1,726.00","17,260.00"
2021-04-28,2021042805002667,NICLBSL,56,36,10,"1,727.00","17,270.00"
2021-04-28,2021042805002665,NICLBSL,56,10,10,"1,727.00","17,270.00"
2021-04-28,2021042805002660,NICLBSL,56,58,10,"1,727.00","17,270.00"
2021-04-28,2021042805002657,NICLBSL,56,22,10,"1,727.00","17,270.00"
2021-04-28,2021042805002656,NICLBSL,56,36,10,"1,727.00","17,270.00"
2021-04-28,2021042805002655,NICLBSL,56,10,10,"1,727.00","17,270.00"
2021-04-28,2021042805002695,NICLBSL,56,10,10,"1,727.00","17,270.00"
2021-04-28,2021042805002676,NICLBSL,49,3,10,"1,728.00","17,280.00"
2021-04-28,2021042805002675,NICLBSL,56,10,10,"1,727.00","17,270.00"
2021-04-28,2021042805002670,NICLBSL,56,10,10,"1,727.00","17,270.00"
2021-04-28,2021042805002669,NICLBSL,56,20,40,"1,727.00","69,080.00"
2021-04-28,2021042805002668,NICLBSL,33,20,20,"1,728.00","34,560.00"
2021-04-28,2021042805002710,NICLBSL,42,37,15,"1,729.00","25,935.00"
2021-04-28,2021042805002709,NICLBSL,42,58,10,"1,729.00","17,290.00"
2021-04-28,2021042805002708,NICLBSL,56,16,10,"1,728.00","17,280.00"
2021-04-28,2021042805002707,NICLBSL,16,29,10,"1,728.00","17,280.00"
2021-04-28,2021042805002705,NICLBSL,16,3,10,"1,728.00","17,280.00"
2021-04-28,2021042805002701,NICLBSL,56,57,10,"1,727.00","17,270.00"
2021-04-28,2021042805002731,NICLBSL,56,3,30,"1,728.00","51,840.00"
2021-04-28,2021042805002721,NICLBSL,56,36,10,"1,728.00","17,280.00"
2021-04-28,2021042805002718,NICLBSL,38,32,10,"1,730.00","17,300.00"
2021-04-28,2021042805002717,NICLBSL,38,16,10,"1,730.00","17,300.00"
2021-04-28,2021042805002716,NICLBSL,58,3,20,"1,729.00","34,580.00"
2021-04-28,2021042805002711,NICLBSL,58,36,10,"1,729.00","17,290.00"
2021-04-28,2021042805002739,NICLBSL,20,16,10,"1,728.00","17,280.00"
2021-04-28,2021042805002738,NICLBSL,53,16,10,"1,728.00","17,280.00"
2021-04-28,2021042805002737,NICLBSL,16,45,10,"1,730.00","17,300.00"
2021-04-28,2021042805002736,NICLBSL,16,52,10,"1,730.00","17,300.00"
2021-04-28,2021042805002733,NICLBSL,53,44,10,"1,728.00","17,280.00"
2021-04-28,2021042805002732,NICLBSL,53,3,30,"1,728.00","51,840.00"
2021-04-28,2021042805002752,NICLBSL,56,38,95,"1,727.00","164,065.00"
2021-04-28,2021042805002751,NICLBSL,47,38,10,"1,728.00","17,280.00"
2021-04-28,2021042805002750,NICLBSL,29,38,20,"1,728.00","34,560.00"
2021-04-28,2021042805002749,NICLBSL,29,44,20,"1,728.00","34,560.00"
2021-04-28,2021042805002747,NICLBSL,29,44,10,"1,728.00","17,280.00"
2021-04-28,2021042805002740,NICLBSL,38,16,30,"1,728.00","51,840.00"
2021-04-28,2021042805002758,NICLBSL,48,38,195,"1,726.00","336,570.00"
2021-04-28,2021042805002757,NICLBSL,21,38,30,"1,726.00","51,780.00"
2021-04-28,2021042805002756,NICLBSL,49,38,50,"1,727.00","86,350.00"
2021-04-28,2021042805002755,NICLBSL,29,38,20,"1,727.00","34,540.00"
2021-04-28,2021042805002754,NICLBSL,34,38,50,"1,727.00","86,350.00"
2021-04-28,2021042805002753,NICLBSL,38,38,30,"1,727.00","51,810.00"
2021-04-28,2021042805002772,NICLBSL,48,45,20,"1,726.00","34,520.00"
2021-04-28,2021042805002769,NICLBSL,48,29,10,"1,726.00","17,260.00"
2021-04-28,2021042805002767,NICLBSL,48,44,10,"1,726.00","17,260.00"
2021-04-28,2021042805002766,NICLBSL,48,34,90,"1,726.00","155,340.00"
2021-04-28,2021042805002765,NICLBSL,22,44,10,"1,727.00","17,270.00"
2021-04-28,2021042805002764,NICLBSL,48,29,31,"1,726.00","53,506.00"
2021-04-28,2021042805002779,NICLBSL,48,45,84,"1,726.00","144,984.00"
2021-04-28,2021042805002778,NICLBSL,48,59,50,"1,726.00","86,300.00"
2021-04-28,2021042805002777,NICLBSL,41,59,20,"1,728.00","34,560.00"
2021-04-28,2021042805002776,NICLBSL,41,45,10,"1,727.00","17,270.00"
2021-04-28,2021042805002775,NICLBSL,41,39,10,"1,727.00","17,270.00"
2021-04-28,2021042805002774,NICLBSL,48,17,10,"1,726.00","17,260.00"
2021-04-28,2021042805002790,NICLBSL,22,35,10,"1,725.00","17,250.00"
2021-04-28,2021042805002784,NICLBSL,21,45,10,"1,726.00","17,260.00"
2021-04-28,2021042805002783,NICLBSL,45,45,10,"1,726.00","17,260.00"
2021-04-28,2021042805002782,NICLBSL,49,45,30,"1,726.00","51,780.00"
2021-04-28,2021042805002781,NICLBSL,51,45,50,"1,726.00","86,300.00"
2021-04-28,2021042805002780,NICLBSL,11,45,10,"1,726.00","17,260.00"
2021-04-28,2021042805002805,NICLBSL,51,20,10,"1,725.00","17,250.00"
2021-04-28,2021042805002804,NICLBSL,51,32,10,"1,725.00","17,250.00"
2021-04-28,2021042805002801,NICLBSL,22,17,10,"1,725.00","17,250.00"
2021-04-28,2021042805002800,NICLBSL,22,54,10,"1,725.00","17,250.00"
2021-04-28,2021042805002795,NICLBSL,22,32,10,"1,725.00","17,250.00"
2021-04-28,2021042805002792,NICLBSL,22,10,12,"1,725.00","20,700.00"
2021-04-28,2021042805002817,NICLBSL,47,25,10,"1,725.00","17,250.00"
2021-04-28,2021042805002816,NICLBSL,56,25,10,"1,726.00","17,260.00"
2021-04-28,2021042805002815,NICLBSL,56,32,10,"1,726.00","17,260.00"
2021-04-28,2021042805002813,NICLBSL,51,20,10,"1,725.00","17,250.00"
2021-04-28,2021042805002810,NICLBSL,51,32,10,"1,725.00","17,250.00"
2021-04-28,2021042805002809,NICLBSL,51,13,10,"1,725.00","17,250.00"
2021-04-28,2021042805002829,NICLBSL,10,58,10,"1,726.00","17,260.00"
2021-04-28,2021042805002826,NICLBSL,47,20,10,"1,725.00","17,250.00"
2021-04-28,2021042805002824,NICLBSL,26,48,20,"1,730.00","34,600.00"
2021-04-28,2021042805002821,NICLBSL,10,20,20,"1,726.00","34,520.00"
2021-04-28,2021042805002820,NICLBSL,10,13,10,"1,726.00","17,260.00"
2021-04-28,2021042805002818,NICLBSL,47,39,10,"1,725.00","17,250.00"
2021-04-28,2021042805002849,NICLBSL,33,13,10,"1,727.00","17,270.00"
2021-04-28,2021042805002845,NICLBSL,33,20,10,"1,727.00","17,270.00"
2021-04-28,2021042805002840,NICLBSL,55,13,10,"1,728.00","17,280.00"
2021-04-28,2021042805002833,NICLBSL,10,26,10,"1,726.00","17,260.00"
2021-04-28,2021042805002831,NICLBSL,26,26,10,"1,730.00","17,300.00"
2021-04-28,2021042805002830,NICLBSL,26,45,10,"1,730.00","17,300.00"
2021-04-28,2021042805002859,NICLBSL,10,20,10,"1,726.00","17,260.00"
2021-04-28,2021042805002854,NICLBSL,40,25,10,"1,727.00","17,270.00"
2021-04-28,2021042805002853,NICLBSL,40,16,10,"1,727.00","17,270.00"
2021-04-28,2021042805002852,NICLBSL,51,16,50,"1,727.00","86,350.00"
2021-04-28,2021042805002851,NICLBSL,33,16,20,"1,727.00","34,540.00"
2021-04-28,2021042805002850,NICLBSL,39,13,20,"1,730.00","34,600.00"
2021-04-28,2021042805002876,NICLBSL,10,20,10,"1,726.00","17,260.00"
2021-04-28,2021042805002864,NICLBSL,51,16,10,"1,730.00","17,300.00"
2021-04-28,2021042805002863,NICLBSL,51,57,10,"1,730.00","17,300.00"
2021-04-28,2021042805002862,NICLBSL,51,6,10,"1,730.00","17,300.00"
2021-04-28,2021042805002861,NICLBSL,51,54,10,"1,730.00","17,300.00"
2021-04-28,2021042805002860,NICLBSL,51,56,10,"1,730.00","17,300.00"
2021-04-28,2021042805002910,NICLBSL,42,16,10,"1,726.00","17,260.00"
2021-04-28,2021042805002909,NICLBSL,55,16,10,"1,726.00","17,260.00"
2021-04-28,2021042805002901,NICLBSL,55,49,10,"1,726.00","17,260.00"
2021-04-28,2021042805002900,NICLBSL,55,59,10,"1,726.00","17,260.00"
2021-04-28,2021042805002897,NICLBSL,17,4,280,"1,726.00","483,280.00"
2021-04-28,2021042805002879,NICLBSL,10,13,10,"1,726.00","17,260.00"
2021-04-28,2021042805002929,NICLBSL,52,39,10,"1,725.00","17,250.00"
2021-04-28,2021042805002925,NICLBSL,52,16,10,"1,726.00","17,260.00"
2021-04-28,2021042805002914,NICLBSL,26,16,30,"1,726.00","51,780.00"
2021-04-28,2021042805002913,NICLBSL,52,29,31,"1,725.00","53,475.00"
2021-04-28,2021042805002912,NICLBSL,32,16,20,"1,726.00","34,520.00"
2021-04-28,2021042805002911,NICLBSL,58,16,20,"1,726.00","34,520.00"
2021-04-28,2021042805002942,NICLBSL,58,14,10,"1,725.00","17,250.00"
2021-04-28,2021042805002939,NICLBSL,58,38,10,"1,725.00","17,250.00"
2021-04-28,2021042805002935,NICLBSL,58,36,10,"1,725.00","17,250.00"
2021-04-28,2021042805002934,NICLBSL,58,16,100,"1,725.00","172,500.00"
2021-04-28,2021042805002933,NICLBSL,58,20,10,"1,725.00","17,250.00"
2021-04-28,2021042805002932,NICLBSL,58,13,10,"1,725.00","17,250.00"
2021-04-28,2021042805002952,NICLBSL,53,42,185,"1,725.00","319,125.00"
2021-04-28,2021042805002951,NICLBSL,53,36,10,"1,725.00","17,250.00"
2021-04-28,2021042805002946,NICLBSL,53,14,89,"1,725.00","153,525.00"
2021-04-28,2021042805002945,NICLBSL,54,14,50,"1,725.00","86,250.00"
2021-04-28,2021042805002944,NICLBSL,53,14,11,"1,725.00","18,975.00"
2021-04-28,2021042805002943,NICLBSL,41,14,40,"1,725.00","69,000.00"
2021-04-28,2021042805002959,NICLBSL,26,39,36,"1,725.00","62,100.00"
2021-04-28,2021042805002957,NICLBSL,57,42,45,"1,725.00","77,625.00"
2021-04-28,2021042805002956,NICLBSL,34,42,50,"1,725.00","86,250.00"
2021-04-28,2021042805002955,NICLBSL,58,42,70,"1,725.00","120,750.00"
2021-04-28,2021042805002954,NICLBSL,8,42,50,"1,725.00","86,250.00"
2021-04-28,2021042805002953,NICLBSL,39,42,100,"1,725.00","172,500.00"
2021-04-28,2021042805002978,NICLBSL,56,20,10,"1,725.00","17,250.00"
2021-04-28,2021042805002976,NICLBSL,3,36,10,"1,725.00","17,250.00"
2021-04-28,2021042805002975,NICLBSL,3,38,10,"1,725.00","17,250.00"
2021-04-28,2021042805002972,NICLBSL,25,38,10,"1,725.00","17,250.00"
2021-04-28,2021042805002969,NICLBSL,25,36,10,"1,725.00","17,250.00"
2021-04-28,2021042805002960,NICLBSL,26,38,10,"1,725.00","17,250.00"
2021-04-28,2021042805002986,NICLBSL,48,20,10,"1,725.00","17,250.00"
2021-04-28,2021042805002985,NICLBSL,48,38,40,"1,725.00","69,000.00"
2021-04-28,2021042805002984,NICLBSL,19,38,30,"1,725.00","51,750.00"
2021-04-28,2021042805002983,NICLBSL,19,38,30,"1,725.00","51,750.00"
2021-04-28,2021042805002982,NICLBSL,19,56,10,"1,725.00","17,250.00"
2021-04-28,2021042805002981,NICLBSL,48,57,10,"1,725.00","17,250.00"
2021-04-28,2021042805002994,NICLBSL,38,58,10,"1,726.00","17,260.00"
2021-04-28,2021042805002993,NICLBSL,38,39,10,"1,726.00","17,260.00"
2021-04-28,2021042805002992,NICLBSL,52,57,9,"1,725.00","15,525.00"
2021-04-28,2021042805002991,NICLBSL,49,57,11,"1,725.00","18,975.00"
2021-04-28,2021042805002988,NICLBSL,49,45,39,"1,725.00","67,275.00"
2021-04-28,2021042805002987,NICLBSL,48,45,50,"1,725.00","86,250.00"
2021-04-28,2021042805003015,NICLBSL,35,16,10,"1,724.00","17,240.00"
2021-04-28,2021042805003014,NICLBSL,26,16,30,"1,724.00","51,720.00"
2021-04-28,2021042805003009,NICLBSL,35,13,10,"1,725.00","17,250.00"
2021-04-28,2021042805003007,NICLBSL,21,34,70,"1,727.00","120,890.00"
2021-04-28,2021042805002996,NICLBSL,38,6,10,"1,726.00","17,260.00"
2021-04-28,2021042805002995,NICLBSL,38,41,10,"1,726.00","17,260.00"
2021-04-28,2021042805003025,NICLBSL,57,20,10,"1,724.00","17,240.00"
2021-04-28,2021042805003024,NICLBSL,57,41,10,"1,724.00","17,240.00"
2021-04-28,2021042805003019,NICLBSL,57,59,10,"1,725.00","17,250.00"
2021-04-28,2021042805003018,NICLBSL,45,16,20,"1,724.00","34,480.00"
2021-04-28,2021042805003017,NICLBSL,11,16,10,"1,724.00","17,240.00"
2021-04-28,2021042805003016,NICLBSL,39,16,50,"1,724.00","86,200.00"
2021-04-28,2021042805003052,NICLBSL,46,59,90,"1,723.00","155,070.00"
2021-04-28,2021042805003051,NICLBSL,14,59,50,"1,723.00","86,150.00"
2021-04-28,2021042805003029,NICLBSL,57,50,80,"1,727.00","138,160.00"
2021-04-28,2021042805003028,NICLBSL,57,34,30,"1,727.00","51,810.00"
2021-04-28,2021042805003027,NICLBSL,57,51,10,"1,726.00","17,260.00"
2021-04-28,2021042805003026,NICLBSL,57,42,260,"1,725.00","448,500.00"
2021-04-28,2021042805003066,NICLBSL,16,6,10,"1,724.00","17,240.00"
2021-04-28,2021042805003060,NICLBSL,16,58,10,"1,724.00","17,240.00"
2021-04-28,2021042805003056,NICLBSL,56,38,10,"1,723.00","17,230.00"
2021-04-28,2021042805003055,NICLBSL,14,32,20,"1,724.00","34,480.00"
2021-04-28,2021042805003054,NICLBSL,56,59,49,"1,723.00","84,427.00"
2021-04-28,2021042805003053,NICLBSL,49,59,10,"1,723.00","17,230.00"
2021-04-28,2021042805003077,NICLBSL,48,16,50,"1,726.00","86,300.00"
2021-04-28,2021042805003076,NICLBSL,47,43,20,"1,725.00","34,500.00"
2021-04-28,2021042805003075,NICLBSL,47,29,20,"1,725.00","34,500.00"
2021-04-28,2021042805003071,NICLBSL,47,38,10,"1,725.00","17,250.00"
2021-04-28,2021042805003070,NICLBSL,14,6,10,"1,724.00","17,240.00"
2021-04-28,2021042805003069,NICLBSL,14,13,10,"1,724.00","17,240.00"
2021-04-28,2021042805003090,NICLBSL,14,34,10,"1,727.00","17,270.00"
2021-04-28,2021042805003089,NICLBSL,14,50,20,"1,727.00","34,540.00"
2021-04-28,2021042805003088,NICLBSL,14,6,10,"1,726.00","17,260.00"
2021-04-28,2021042805003080,NICLBSL,34,16,50,"1,726.00","86,300.00"
2021-04-28,2021042805003079,NICLBSL,47,59,10,"1,725.00","17,250.00"
2021-04-28,2021042805003078,NICLBSL,47,20,10,"1,725.00","17,250.00"
2021-04-28,2021042805003111,NICLBSL,11,57,31,"1,729.00","53,599.00"
2021-04-28,2021042805003108,NICLBSL,22,20,10,"1,727.00","17,270.00"
2021-04-28,2021042805003106,NICLBSL,21,25,10,"1,730.00","17,300.00"
2021-04-28,2021042805003105,NICLBSL,21,16,90,"1,730.00","155,700.00"
2021-04-28,2021042805003092,NICLBSL,14,34,10,"1,727.00","17,270.00"
2021-04-28,2021042805003091,NICLBSL,14,42,10,"1,727.00","17,270.00"
2021-04-28,2021042805002644,JLI,51,57,10,847.00,"8,470.00"
2021-04-28,2021042805002643,JLI,51,38,150,847.00,"127,050.00"
2021-04-28,2021042805002642,JLI,54,38,20,847.00,"16,940.00"
2021-04-28,2021042805002641,JLI,54,45,10,847.00,"8,470.00"
2021-04-28,2021042805002639,JLI,54,35,10,847.00,"8,470.00"
2021-04-28,2021042805002630,JLI,55,36,10,848.00,"8,480.00"
2021-04-28,2021042805002160,JLI,51,17,10,846.00,"8,460.00"
2021-04-28,2021042805002156,JLI,51,58,10,846.00,"8,460.00"
2021-04-28,2021042805002155,JLI,45,22,10,847.00,"8,470.00"
2021-04-28,2021042805002168,JLI,17,45,10,846.00,"8,460.00"
2021-04-28,2021042805002167,JLI,51,8,10,846.00,"8,460.00"
2021-04-28,2021042805002166,JLI,51,52,10,846.00,"8,460.00"
2021-04-28,2021042805002165,JLI,51,55,10,846.00,"8,460.00"
2021-04-28,2021042805002162,JLI,51,59,10,846.00,"8,460.00"
2021-04-28,2021042805002161,JLI,51,51,10,846.00,"8,460.00"
2021-04-28,2021042805002177,JLI,19,53,10,848.00,"8,480.00"
2021-04-28,2021042805002176,JLI,19,57,10,848.00,"8,480.00"
2021-04-28,2021042805002175,JLI,17,16,10,846.00,"8,460.00"
2021-04-28,2021042805002174,JLI,17,16,10,846.00,"8,460.00"
2021-04-28,2021042805002171,JLI,17,10,10,846.00,"8,460.00"
2021-04-28,2021042805002170,JLI,45,52,10,847.00,"8,470.00"
2021-04-28,2021042805002183,JLI,17,10,10,846.00,"8,460.00"
2021-04-28,2021042805002182,JLI,17,10,10,846.00,"8,460.00"
2021-04-28,2021042805002181,JLI,17,52,10,846.00,"8,460.00"
2021-04-28,2021042805002180,JLI,19,5,10,850.00,"8,500.00"
2021-04-28,2021042805002179,JLI,19,49,10,850.00,"8,500.00"
2021-04-28,2021042805002178,JLI,19,41,10,849.00,"8,490.00"
2021-04-28,2021042805002204,JLI,17,48,10,846.00,"8,460.00"
2021-04-28,2021042805002201,JLI,45,14,10,847.00,"8,470.00"
2021-04-28,2021042805002197,JLI,1,46,10,847.00,"8,470.00"
2021-04-28,2021042805002196,JLI,1,14,10,847.00,"8,470.00"
2021-04-28,2021042805002190,JLI,17,16,10,846.00,"8,460.00"
2021-04-28,2021042805002186,JLI,17,4,10,846.00,"8,460.00"
2021-04-28,2021042805002211,JLI,41,51,10,847.00,"8,470.00"
2021-04-28,2021042805002210,JLI,17,54,10,846.00,"8,460.00"
2021-04-28,2021042805002209,JLI,17,41,10,846.00,"8,460.00"
2021-04-28,2021042805002207,JLI,17,37,10,847.00,"8,470.00"
2021-04-28,2021042805002206,JLI,17,51,10,847.00,"8,470.00"
2021-04-28,2021042805002205,JLI,17,14,10,846.00,"8,460.00"
2021-04-28,2021042805002217,JLI,17,25,10,846.00,"8,460.00"
2021-04-28,2021042805002216,JLI,17,42,10,846.00,"8,460.00"
2021-04-28,2021042805002215,JLI,17,58,10,846.00,"8,460.00"
2021-04-28,2021042805002214,JLI,17,14,10,846.00,"8,460.00"
2021-04-28,2021042805002213,JLI,41,36,10,847.00,"8,470.00"
2021-04-28,2021042805002212,JLI,41,36,10,847.00,"8,470.00"
2021-04-28,2021042805002228,JLI,38,58,10,847.00,"8,470.00"
2021-04-28,2021042805002227,JLI,38,48,10,847.00,"8,470.00"
2021-04-28,2021042805002222,JLI,17,14,10,846.00,"8,460.00"
2021-04-28,2021042805002221,JLI,25,10,10,847.00,"8,470.00"
2021-04-28,2021042805002220,JLI,14,44,10,850.00,"8,500.00"
2021-04-28,2021042805002219,JLI,14,36,10,847.00,"8,470.00"
2021-04-28,2021042805002239,JLI,17,20,10,846.00,"8,460.00"
2021-04-28,2021042805002237,JLI,17,43,10,846.00,"8,460.00"
2021-04-28,2021042805002236,JLI,42,41,10,848.00,"8,480.00"
2021-04-28,2021042805002235,JLI,17,52,10,846.00,"8,460.00"
2021-04-28,2021042805002230,JLI,17,1,10,846.00,"8,460.00"
2021-04-28,2021042805002229,JLI,17,56,10,846.00,"8,460.00"
2021-04-28,2021042805002247,JLI,17,58,10,846.00,"8,460.00"
2021-04-28,2021042805002246,JLI,17,54,10,846.00,"8,460.00"
2021-04-28,2021042805002244,JLI,17,26,10,846.00,"8,460.00"
2021-04-28,2021042805002243,JLI,17,33,10,846.00,"8,460.00"
2021-04-28,2021042805002242,JLI,58,1,10,847.00,"8,470.00"
2021-04-28,2021042805002240,JLI,17,38,10,846.00,"8,460.00"
2021-04-28,2021042805002254,JLI,13,20,40,846.00,"33,840.00"
2021-04-28,2021042805002253,JLI,29,20,100,846.00,"84,600.00"
2021-04-28,2021042805002252,JLI,50,20,20,846.00,"16,920.00"
2021-04-28,2021042805002251,JLI,51,20,40,846.00,"33,840.00"
2021-04-28,2021042805002250,JLI,17,20,10,846.00,"8,460.00"
2021-04-28,2021042805002248,JLI,17,26,10,846.00,"8,460.00"
2021-04-28,2021042805002265,JLI,49,13,10,845.00,"8,450.00"
2021-04-28,2021042805002264,JLI,49,14,10,845.00,"8,450.00"
2021-04-28,2021042805002263,JLI,49,8,10,845.00,"8,450.00"
2021-04-28,2021042805002262,JLI,49,48,10,845.00,"8,450.00"
2021-04-28,2021042805002260,JLI,49,47,10,845.00,"8,450.00"
2021-04-28,2021042805002255,JLI,17,20,20,846.00,"16,920.00"
2021-04-28,2021042805002274,JLI,22,8,10,845.00,"8,450.00"
2021-04-28,2021042805002273,JLI,22,14,10,845.00,"8,450.00"
2021-04-28,2021042805002272,JLI,49,52,10,845.00,"8,450.00"
2021-04-28,2021042805002271,JLI,49,13,10,845.00,"8,450.00"
2021-04-28,2021042805002270,JLI,49,57,10,845.00,"8,450.00"
2021-04-28,2021042805002266,JLI,49,8,10,845.00,"8,450.00"
2021-04-28,2021042805002285,JLI,22,48,10,845.00,"8,450.00"
2021-04-28,2021042805002284,JLI,22,14,10,845.00,"8,450.00"
2021-04-28,2021042805002280,JLI,22,58,10,845.00,"8,450.00"
2021-04-28,2021042805002279,JLI,22,3,10,845.00,"8,450.00"
2021-04-28,2021042805002277,JLI,22,1,10,845.00,"8,450.00"
2021-04-28,2021042805002276,JLI,52,50,10,845.00,"8,450.00"
2021-04-28,2021042805002304,JLI,42,1,10,846.00,"8,460.00"
2021-04-28,2021042805002303,JLI,57,14,10,845.00,"8,450.00"
2021-04-28,2021042805002302,JLI,57,47,10,845.00,"8,450.00"
2021-04-28,2021042805002301,JLI,51,32,10,845.00,"8,450.00"
2021-04-28,2021042805002299,JLI,51,6,10,845.00,"8,450.00"
2021-04-28,2021042805002293,JLI,51,51,10,845.00,"8,450.00"
2021-04-28,2021042805002313,JLI,57,34,10,845.00,"8,450.00"
2021-04-28,2021042805002312,JLI,57,50,10,845.00,"8,450.00"
2021-04-28,2021042805002311,JLI,57,40,10,845.00,"8,450.00"
2021-04-28,2021042805002307,JLI,57,14,10,845.00,"8,450.00"
2021-04-28,2021042805002306,JLI,57,47,10,845.00,"8,450.00"
2021-04-28,2021042805002305,JLI,57,14,10,845.00,"8,450.00"
2021-04-28,2021042805002321,JLI,28,32,10,845.00,"8,450.00"
2021-04-28,2021042805002320,JLI,28,14,10,845.00,"8,450.00"
2021-04-28,2021042805002318,JLI,28,52,10,845.00,"8,450.00"
2021-04-28,2021042805002316,JLI,28,14,10,845.00,"8,450.00"
2021-04-28,2021042805002315,JLI,57,59,10,845.00,"8,450.00"
2021-04-28,2021042805002314,JLI,57,14,10,845.00,"8,450.00"
2021-04-28,2021042805002328,JLI,26,32,10,845.00,"8,450.00"
2021-04-28,2021042805002326,JLI,26,34,10,845.00,"8,450.00"
2021-04-28,2021042805002325,JLI,26,48,10,845.00,"8,450.00"
2021-04-28,2021042805002324,JLI,26,14,10,845.00,"8,450.00"
2021-04-28,2021042805002323,JLI,28,20,10,845.00,"8,450.00"
2021-04-28,2021042805002322,JLI,28,34,10,845.00,"8,450.00"
2021-04-28,2021042805002334,JLI,58,58,10,845.00,"8,450.00"
2021-04-28,2021042805002333,JLI,58,43,10,845.00,"8,450.00"
2021-04-28,2021042805002332,JLI,56,34,10,845.00,"8,450.00"
2021-04-28,2021042805002331,JLI,26,38,10,845.00,"8,450.00"
2021-04-28,2021042805002330,JLI,52,26,10,846.00,"8,460.00"
2021-04-28,2021042805002329,JLI,52,26,10,846.00,"8,460.00"
2021-04-28,2021042805002340,JLI,58,6,10,845.00,"8,450.00"
2021-04-28,2021042805002339,JLI,58,38,10,845.00,"8,450.00"
2021-04-28,2021042805002338,JLI,58,56,10,845.00,"8,450.00"
2021-04-28,2021042805002337,JLI,40,54,10,846.00,"8,460.00"
2021-04-28,2021042805002336,JLI,40,54,10,846.00,"8,460.00"
2021-04-28,2021042805002335,JLI,40,34,10,846.00,"8,460.00"
2021-04-28,2021042805002349,JLI,45,14,10,846.00,"8,460.00"
2021-04-28,2021042805002348,JLI,45,43,10,846.00,"8,460.00"
2021-04-28,2021042805002347,JLI,45,36,10,846.00,"8,460.00"
2021-04-28,2021042805002344,JLI,58,56,10,845.00,"8,450.00"
2021-04-28,2021042805002343,JLI,58,48,10,845.00,"8,450.00"
2021-04-28,2021042805002341,JLI,58,57,10,845.00,"8,450.00"
2021-04-28,2021042805002356,JLI,45,57,10,846.00,"8,460.00"
2021-04-28,2021042805002355,JLI,45,47,10,846.00,"8,460.00"
2021-04-28,2021042805002353,JLI,45,58,10,847.00,"8,470.00"
2021-04-28,2021042805002352,JLI,45,58,10,847.00,"8,470.00"
2021-04-28,2021042805002351,JLI,45,56,10,846.00,"8,460.00"
2021-04-28,2021042805002350,JLI,45,56,10,846.00,"8,460.00"
2021-04-28,2021042805002367,JLI,45,7,10,846.00,"8,460.00"
2021-04-28,2021042805002366,JLI,45,47,10,846.00,"8,460.00"
2021-04-28,2021042805002365,JLI,45,37,10,846.00,"8,460.00"
2021-04-28,2021042805002364,JLI,38,38,10,847.00,"8,470.00"
2021-04-28,2021042805002359,JLI,38,34,10,847.00,"8,470.00"
2021-04-28,2021042805002357,JLI,38,52,10,847.00,"8,470.00"
2021-04-28,2021042805002374,JLI,45,41,10,846.00,"8,460.00"
2021-04-28,2021042805002373,JLI,45,47,10,846.00,"8,460.00"
2021-04-28,2021042805002372,JLI,45,32,10,846.00,"8,460.00"
2021-04-28,2021042805002371,JLI,45,8,10,846.00,"8,460.00"
2021-04-28,2021042805002369,JLI,41,42,10,847.00,"8,470.00"
2021-04-28,2021042805002368,JLI,45,7,10,846.00,"8,460.00"
2021-04-28,2021042805002381,JLI,6,47,10,846.00,"8,460.00"
2021-04-28,2021042805002380,JLI,45,57,10,846.00,"8,460.00"
2021-04-28,2021042805002379,JLI,45,10,10,846.00,"8,460.00"
2021-04-28,2021042805002378,JLI,45,34,10,846.00,"8,460.00"
2021-04-28,2021042805002377,JLI,45,47,10,846.00,"8,460.00"
2021-04-28,2021042805002376,JLI,45,10,10,846.00,"8,460.00"
2021-04-28,2021042805002389,JLI,58,45,10,848.00,"8,480.00"
2021-04-28,2021042805002388,JLI,58,33,10,848.00,"8,480.00"
2021-04-28,2021042805002387,JLI,58,42,10,847.00,"8,470.00"
2021-04-28,2021042805002386,JLI,58,58,10,846.00,"8,460.00"
2021-04-28,2021042805002384,JLI,17,7,10,846.00,"8,460.00"
2021-04-28,2021042805002382,JLI,6,47,10,846.00,"8,460.00"
2021-04-28,2021042805002396,JLI,58,47,10,848.00,"8,480.00"
2021-04-28,2021042805002394,JLI,58,7,10,848.00,"8,480.00"
2021-04-28,2021042805002393,JLI,58,52,10,848.00,"8,480.00"
2021-04-28,2021042805002392,JLI,58,7,10,848.00,"8,480.00"
2021-04-28,2021042805002391,JLI,58,47,10,848.00,"8,480.00"
2021-04-28,2021042805002390,JLI,58,58,10,848.00,"8,480.00"
2021-04-28,2021042805002404,JLI,58,21,10,848.00,"8,480.00"
2021-04-28,2021042805002403,JLI,58,47,10,848.00,"8,480.00"
2021-04-28,2021042805002401,JLI,58,47,10,848.00,"8,480.00"
2021-04-28,2021042805002399,JLI,58,47,10,848.00,"8,480.00"
2021-04-28,2021042805002398,JLI,58,41,10,848.00,"8,480.00"
2021-04-28,2021042805002397,JLI,38,47,10,847.00,"8,470.00"
2021-04-28,2021042805002413,JLI,29,58,10,850.00,"8,500.00"
2021-04-28,2021042805002412,JLI,29,43,10,849.00,"8,490.00"
2021-04-28,2021042805002411,JLI,29,58,10,848.00,"8,480.00"
2021-04-28,2021042805002410,JLI,29,46,10,848.00,"8,480.00"
2021-04-28,2021042805002409,JLI,58,47,10,845.00,"8,450.00"
2021-04-28,2021042805002406,JLI,58,16,10,845.00,"8,450.00"
2021-04-28,2021042805002419,JLI,29,22,10,850.00,"8,500.00"
2021-04-28,2021042805002418,JLI,29,46,10,850.00,"8,500.00"
2021-04-28,2021042805002417,JLI,29,54,10,850.00,"8,500.00"
2021-04-28,2021042805002416,JLI,29,58,10,850.00,"8,500.00"
2021-04-28,2021042805002415,JLI,29,50,10,850.00,"8,500.00"
2021-04-28,2021042805002414,JLI,29,35,10,850.00,"8,500.00"
2021-04-28,2021042805002425,JLI,14,36,10,845.00,"8,450.00"
2021-04-28,2021042805002424,JLI,14,38,10,845.00,"8,450.00"
2021-04-28,2021042805002423,JLI,4,43,10,845.00,"8,450.00"
2021-04-28,2021042805002422,JLI,55,47,10,845.00,"8,450.00"
2021-04-28,2021042805002421,JLI,55,47,10,845.00,"8,450.00"
2021-04-28,2021042805002420,JLI,42,21,10,845.00,"8,450.00"
2021-04-28,2021042805002435,JLI,55,47,10,845.00,"8,450.00"
2021-04-28,2021042805002434,JLI,21,7,10,845.00,"8,450.00"
2021-04-28,2021042805002431,JLI,21,47,10,845.00,"8,450.00"
2021-04-28,2021042805002429,JLI,14,21,10,845.00,"8,450.00"
2021-04-28,2021042805002428,JLI,14,47,10,845.00,"8,450.00"
2021-04-28,2021042805002427,JLI,14,47,10,845.00,"8,450.00"
2021-04-28,2021042805002442,JLI,37,26,10,846.00,"8,460.00"
2021-04-28,2021042805002441,JLI,58,6,10,846.00,"8,460.00"
2021-04-28,2021042805002439,JLI,58,34,10,846.00,"8,460.00"
2021-04-28,2021042805002438,JLI,58,36,10,846.00,"8,460.00"
2021-04-28,2021042805002437,JLI,58,7,10,846.00,"8,460.00"
2021-04-28,2021042805002436,JLI,58,52,10,846.00,"8,460.00"
2021-04-28,2021042805002459,JLI,28,34,10,846.00,"8,460.00"
2021-04-28,2021042805002458,JLI,28,8,10,846.00,"8,460.00"
2021-04-28,2021042805002448,JLI,49,21,10,846.00,"8,460.00"
2021-04-28,2021042805002447,JLI,49,57,10,846.00,"8,460.00"
2021-04-28,2021042805002446,JLI,49,32,10,846.00,"8,460.00"
2021-04-28,2021042805002445,JLI,55,34,10,845.00,"8,450.00"
2021-04-28,2021042805002471,JLI,51,41,10,847.00,"8,470.00"
2021-04-28,2021042805002470,JLI,45,58,10,847.00,"8,470.00"
2021-04-28,2021042805002469,JLI,28,21,10,846.00,"8,460.00"
2021-04-28,2021042805002463,JLI,28,21,10,846.00,"8,460.00"
2021-04-28,2021042805002461,JLI,28,44,10,846.00,"8,460.00"
2021-04-28,2021042805002460,JLI,28,49,10,846.00,"8,460.00"
2021-04-28,2021042805002485,JLI,51,56,10,850.00,"8,500.00"
2021-04-28,2021042805002478,JLI,43,47,10,847.00,"8,470.00"
2021-04-28,2021042805002476,JLI,13,14,10,850.00,"8,500.00"
2021-04-28,2021042805002475,JLI,13,22,10,849.00,"8,490.00"
2021-04-28,2021042805002474,JLI,13,49,10,849.00,"8,490.00"
2021-04-28,2021042805002473,JLI,13,54,10,848.00,"8,480.00"
2021-04-28,2021042805002511,JLI,57,8,10,847.00,"8,470.00"
2021-04-28,2021042805002507,JLI,57,7,10,847.00,"8,470.00"
2021-04-28,2021042805002505,JLI,57,21,10,847.00,"8,470.00"
2021-04-28,2021042805002504,JLI,57,54,10,847.00,"8,470.00"
2021-04-28,2021042805002503,JLI,17,21,10,847.00,"8,470.00"
2021-04-28,2021042805002502,JLI,42,21,10,848.00,"8,480.00"
2021-04-28,2021042805002520,JLI,8,45,10,847.00,"8,470.00"
2021-04-28,2021042805002519,JLI,8,38,10,847.00,"8,470.00"
2021-04-28,2021042805002516,JLI,8,39,10,847.00,"8,470.00"
2021-04-28,2021042805002514,JLI,8,36,10,847.00,"8,470.00"
2021-04-28,2021042805002513,JLI,57,26,10,847.00,"8,470.00"
2021-04-28,2021042805002512,JLI,57,41,10,847.00,"8,470.00"
2021-04-28,2021042805002527,JLI,8,21,10,847.00,"8,470.00"
2021-04-28,2021042805002526,JLI,8,7,10,847.00,"8,470.00"
2021-04-28,2021042805002524,JLI,38,6,10,848.00,"8,480.00"
2021-04-28,2021042805002523,JLI,8,25,10,847.00,"8,470.00"
2021-04-28,2021042805002522,JLI,8,49,10,847.00,"8,470.00"
2021-04-28,2021042805002521,JLI,8,32,10,847.00,"8,470.00"
2021-04-28,2021042805002537,JLI,41,34,10,848.00,"8,480.00"
2021-04-28,2021042805002535,JLI,21,29,10,847.00,"8,470.00"
2021-04-28,2021042805002534,JLI,49,20,10,847.00,"8,470.00"
2021-04-28,2021042805002533,JLI,8,20,65,847.00,"55,055.00"
2021-04-28,2021042805002531,JLI,8,32,10,847.00,"8,470.00"
2021-04-28,2021042805002530,JLI,8,47,10,847.00,"8,470.00"
2021-04-28,2021042805002544,JLI,21,54,10,850.00,"8,500.00"
2021-04-28,2021042805002543,JLI,21,41,10,850.00,"8,500.00"
2021-04-28,2021042805002542,JLI,38,47,10,849.00,"8,490.00"
2021-04-28,2021042805002541,JLI,38,47,10,849.00,"8,490.00"
2021-04-28,2021042805002540,JLI,38,51,10,849.00,"8,490.00"
2021-04-28,2021042805002539,JLI,38,29,10,848.00,"8,480.00"
2021-04-28,2021042805002550,JLI,21,29,10,850.00,"8,500.00"
2021-04-28,2021042805002549,JLI,21,41,10,850.00,"8,500.00"
2021-04-28,2021042805002548,JLI,21,29,10,850.00,"8,500.00"
2021-04-28,2021042805002547,JLI,21,21,10,850.00,"8,500.00"
2021-04-28,2021042805002546,JLI,21,52,10,850.00,"8,500.00"
2021-04-28,2021042805002545,JLI,21,49,10,850.00,"8,500.00"
2021-04-28,2021042805002563,JLI,38,35,10,849.00,"8,490.00"
2021-04-28,2021042805002561,JLI,38,56,10,849.00,"8,490.00"
2021-04-28,2021042805002559,JLI,38,14,10,849.00,"8,490.00"
2021-04-28,2021042805002556,JLI,45,50,10,850.00,"8,500.00"
2021-04-28,2021042805002552,JLI,21,41,10,850.00,"8,500.00"
2021-04-28,2021042805002551,JLI,21,41,10,850.00,"8,500.00"
2021-04-28,2021042805002571,JLI,38,41,10,849.00,"8,490.00"
2021-04-28,2021042805002568,JLI,38,35,10,849.00,"8,490.00"
2021-04-28,2021042805002567,JLI,38,42,10,849.00,"8,490.00"
2021-04-28,2021042805002566,JLI,21,58,10,850.00,"8,500.00"
2021-04-28,2021042805002565,JLI,21,41,10,850.00,"8,500.00"
2021-04-28,2021042805002564,JLI,21,22,10,850.00,"8,500.00"
2021-04-28,2021042805002578,JLI,40,36,10,848.00,"8,480.00"
2021-04-28,2021042805002576,JLI,8,58,10,850.00,"8,500.00"
2021-04-28,2021042805002575,JLI,8,57,10,850.00,"8,500.00"
2021-04-28,2021042805002574,JLI,8,41,10,850.00,"8,500.00"
2021-04-28,2021042805002573,JLI,8,58,10,850.00,"8,500.00"
2021-04-28,2021042805002572,JLI,8,14,10,850.00,"8,500.00"
2021-04-28,2021042805002585,JLI,41,48,10,850.00,"8,500.00"
2021-04-28,2021042805002584,JLI,41,13,10,850.00,"8,500.00"
2021-04-28,2021042805002583,JLI,41,42,10,850.00,"8,500.00"
2021-04-28,2021042805002581,JLI,22,14,10,850.00,"8,500.00"
2021-04-28,2021042805002580,JLI,22,14,10,850.00,"8,500.00"
2021-04-28,2021042805002579,JLI,40,7,10,848.00,"8,480.00"
2021-04-28,2021042805002597,JLI,19,26,10,847.00,"8,470.00"
2021-04-28,2021042805002594,JLI,19,35,10,847.00,"8,470.00"
2021-04-28,2021042805002593,JLI,40,36,10,848.00,"8,480.00"
2021-04-28,2021042805002592,JLI,40,38,10,848.00,"8,480.00"
2021-04-28,2021042805002587,JLI,40,36,10,848.00,"8,480.00"
2021-04-28,2021042805002586,JLI,41,52,10,850.00,"8,500.00"
2021-04-28,2021042805002617,JLI,54,47,10,847.00,"8,470.00"
2021-04-28,2021042805002615,JLI,54,5,10,847.00,"8,470.00"
2021-04-28,2021042805002613,JLI,54,58,10,847.00,"8,470.00"
2021-04-28,2021042805002603,JLI,54,5,10,847.00,"8,470.00"
2021-04-28,2021042805002600,JLI,54,51,10,847.00,"8,470.00"
2021-04-28,2021042805002598,JLI,54,11,10,847.00,"8,470.00"
2021-04-28,2021042805002626,JLI,56,47,10,848.00,"8,480.00"
2021-04-28,2021042805002625,JLI,56,45,10,848.00,"8,480.00"
2021-04-28,2021042805002624,JLI,54,56,10,847.00,"8,470.00"
2021-04-28,2021042805002623,JLI,54,58,10,847.00,"8,470.00"
2021-04-28,2021042805002621,JLI,54,11,10,847.00,"8,470.00"
2021-04-28,2021042805002618,JLI,45,36,10,848.00,"8,480.00"
2021-04-28,2021042805002640,MLBSL,3,45,10,"2,841.00","28,410.00"
2021-04-28,2021042805002629,MLBSL,3,42,10,"2,841.00","28,410.00"
2021-04-28,2021042805002515,MLBSL,3,44,10,"2,841.00","28,410.00"
2021-04-28,2021042805002506,MLBSL,3,16,10,"2,841.00","28,410.00"
2021-04-28,2021042805002472,MLBSL,3,45,10,"2,841.00","28,410.00"
2021-04-28,2021042805002443,MLBSL,3,10,10,"2,841.00","28,410.00"
2021-04-28,2021042805002164,MLBSL,3,58,10,"2,841.00","28,410.00"
2021-04-28,2021042805002159,MLBSL,3,17,10,"2,841.00","28,410.00"
2021-04-28,2021042805002158,MLBSL,3,58,10,"2,841.00","28,410.00"
2021-04-28,2021042805002300,MLBSL,3,56,10,"2,841.00","28,410.00"
2021-04-28,2021042805002294,MLBSL,3,17,10,"2,841.00","28,410.00"
2021-04-28,2021042805002249,MLBSL,3,34,10,"2,841.00","28,410.00"
2021-04-28,2021042805002245,MLBSL,3,8,10,"2,841.00","28,410.00"
2021-04-28,2021042805002234,MLBSL,3,14,10,"2,841.00","28,410.00"
2021-04-28,2021042805002169,MLBSL,3,16,10,"2,841.00","28,410.00"
2021-04-28,2021042805002645,NICLBSL,56,3,20,"1,726.00","34,520.00"
2021-04-28,2021042805002638,NICLBSL,57,3,100,"1,726.00","172,600.00"
2021-04-28,2021042805002637,NICLBSL,49,3,100,"1,726.00","172,600.00"
2021-04-28,2021042805002636,NICLBSL,19,3,10,"1,726.00","17,260.00"
2021-04-28,2021042805002635,NICLBSL,46,3,10,"1,726.00","17,260.00"
2021-04-28,2021042805002634,NICLBSL,16,3,10,"1,729.00","17,290.00"
2021-04-28,2021042805002147,NICLBSL,19,7,10,"1,730.00","17,300.00"
2021-04-28,2021042805002146,NICLBSL,19,48,10,"1,730.00","17,300.00"
2021-04-28,2021042805002153,NICLBSL,32,44,10,"1,730.00","17,300.00"
2021-04-28,2021042805002152,NICLBSL,20,44,100,"1,730.00","173,000.00"
2021-04-28,2021042805002151,NICLBSL,41,44,30,"1,730.00","51,900.00"
2021-04-28,2021042805002150,NICLBSL,13,44,100,"1,730.00","173,000.00"
2021-04-28,2021042805002149,NICLBSL,6,44,50,"1,730.00","86,500.00"
2021-04-28,2021042805002148,NICLBSL,19,44,100,"1,730.00","173,000.00"
2021-04-28,2021042805002184,NICLBSL,55,8,10,"1,727.00","17,270.00"
2021-04-28,2021042805002173,NICLBSL,41,8,10,"1,728.00","17,280.00"
2021-04-28,2021042805002172,NICLBSL,49,8,10,"1,728.00","17,280.00"
2021-04-28,2021042805002163,NICLBSL,57,38,30,"1,729.00","51,870.00"
2021-04-28,2021042805002157,NICLBSL,57,8,10,"1,729.00","17,290.00"
2021-04-28,2021042805002154,NICLBSL,36,44,20,"1,730.00","34,600.00"
2021-04-28,2021042805002192,NICLBSL,29,20,10,"1,727.00","17,270.00"
2021-04-28,2021042805002191,NICLBSL,29,3,40,"1,727.00","69,080.00"
2021-04-28,2021042805002189,NICLBSL,29,20,10,"1,727.00","17,270.00"
2021-04-28,2021042805002188,NICLBSL,29,42,40,"1,727.00","69,080.00"
2021-04-28,2021042805002187,NICLBSL,36,42,60,"1,727.00","103,620.00"
2021-04-28,2021042805002185,NICLBSL,36,44,90,"1,727.00","155,430.00"
2021-04-28,2021042805002200,NICLBSL,48,14,10,"1,726.00","17,260.00"
2021-04-28,2021042805002199,NICLBSL,48,56,10,"1,726.00","17,260.00"
2021-04-28,2021042805002198,NICLBSL,48,20,10,"1,726.00","17,260.00"
2021-04-28,2021042805002195,NICLBSL,48,8,20,"1,726.00","34,520.00"
2021-04-28,2021042805002194,NICLBSL,57,17,10,"1,727.00","17,270.00"
2021-04-28,2021042805002193,NICLBSL,57,35,10,"1,727.00","17,270.00"
2021-04-28,2021042805002224,NICLBSL,48,32,20,"1,726.00","34,520.00"
2021-04-28,2021042805002223,NICLBSL,48,47,10,"1,726.00","17,260.00"
2021-04-28,2021042805002218,NICLBSL,32,43,10,"1,727.00","17,270.00"
2021-04-28,2021042805002208,NICLBSL,32,49,10,"1,727.00","17,270.00"
2021-04-28,2021042805002203,NICLBSL,48,51,10,"1,726.00","17,260.00"
2021-04-28,2021042805002202,NICLBSL,48,48,10,"1,726.00","17,260.00"
2021-04-28,2021042805002238,NICLBSL,43,49,10,"1,726.00","17,260.00"
2021-04-28,2021042805002233,NICLBSL,43,35,10,"1,726.00","17,260.00"
2021-04-28,2021042805002232,NICLBSL,43,43,20,"1,726.00","34,520.00"
2021-04-28,2021042805002231,NICLBSL,43,52,10,"1,726.00","17,260.00"
2021-04-28,2021042805002226,NICLBSL,43,32,160,"1,726.00","276,160.00"
2021-04-28,2021042805002225,NICLBSL,13,32,20,"1,726.00","34,520.00"
2021-04-28,2021042805002261,NICLBSL,43,28,10,"1,726.00","17,260.00"
2021-04-28,2021042805002259,NICLBSL,43,32,70,"1,726.00","120,820.00"
2021-04-28,2021042805002258,NICLBSL,38,32,10,"1,727.00","17,270.00"
2021-04-28,2021042805002257,NICLBSL,44,32,30,"1,727.00","51,810.00"
2021-04-28,2021042805002256,NICLBSL,44,39,10,"1,727.00","17,270.00"
2021-04-28,2021042805002241,NICLBSL,43,25,10,"1,726.00","17,260.00"
2021-04-28,2021042805002281,NICLBSL,43,32,20,"1,726.00","34,520.00"
2021-04-28,2021042805002278,NICLBSL,43,41,100,"1,726.00","172,600.00"
2021-04-28,2021042805002275,NICLBSL,43,28,10,"1,726.00","17,260.00"
2021-04-28,2021042805002269,NICLBSL,16,1,60,"1,727.00","103,620.00"
2021-04-28,2021042805002268,NICLBSL,43,48,50,"1,726.00","86,300.00"
2021-04-28,2021042805002267,NICLBSL,57,48,10,"1,727.00","17,270.00"
2021-04-28,2021042805002289,NICLBSL,43,56,10,"1,726.00","17,260.00"
2021-04-28,2021042805002288,NICLBSL,38,56,10,"1,727.00","17,270.00"
2021-04-28,2021042805002287,NICLBSL,38,56,10,"1,727.00","17,270.00"
2021-04-28,2021042805002286,NICLBSL,25,56,10,"1,727.00","17,270.00"
2021-04-28,2021042805002283,NICLBSL,25,36,10,"1,727.00","17,270.00"
2021-04-28,2021042805002282,NICLBSL,43,20,10,"1,726.00","17,260.00"
2021-04-28,2021042805002297,NICLBSL,54,56,50,"1,726.00","86,300.00"
2021-04-28,2021042805002296,NICLBSL,21,34,10,"1,725.00","17,250.00"
2021-04-28,2021042805002295,NICLBSL,25,56,30,"1,726.00","51,780.00"
2021-04-28,2021042805002292,NICLBSL,14,56,30,"1,726.00","51,780.00"
2021-04-28,2021042805002291,NICLBSL,53,56,200,"1,726.00","345,200.00"
2021-04-28,2021042805002290,NICLBSL,45,56,100,"1,726.00","172,600.00"
2021-04-28,2021042805002319,NICLBSL,8,56,20,"1,725.00","34,500.00"
2021-04-28,2021042805002317,NICLBSL,8,40,20,"1,725.00","34,500.00"
2021-04-28,2021042805002310,NICLBSL,8,56,180,"1,725.00","310,500.00"
2021-04-28,2021042805002309,NICLBSL,25,56,10,"1,725.00","17,250.00"
2021-04-28,2021042805002308,NICLBSL,25,47,10,"1,725.00","17,250.00"
2021-04-28,2021042805002298,NICLBSL,58,32,10,"1,725.00","17,250.00"
2021-04-28,2021042805002358,NICLBSL,33,47,10,"1,727.00","17,270.00"
2021-04-28,2021042805002354,NICLBSL,33,3,10,"1,727.00","17,270.00"
2021-04-28,2021042805002346,NICLBSL,8,36,10,"1,725.00","17,250.00"
2021-04-28,2021042805002345,NICLBSL,53,36,10,"1,726.00","17,260.00"
2021-04-28,2021042805002342,NICLBSL,33,58,20,"1,728.00","34,560.00"
2021-04-28,2021042805002327,NICLBSL,53,47,10,"1,726.00","17,260.00"
2021-04-28,2021042805002375,NICLBSL,29,34,10,"1,726.00","17,260.00"
2021-04-28,2021042805002370,NICLBSL,1,44,10,"1,726.00","17,260.00"
2021-04-28,2021042805002363,NICLBSL,1,37,10,"1,726.00","17,260.00"
2021-04-28,2021042805002362,NICLBSL,1,44,10,"1,726.00","17,260.00"
2021-04-28,2021042805002361,NICLBSL,1,47,10,"1,726.00","17,260.00"
2021-04-28,2021042805002360,NICLBSL,1,47,10,"1,726.00","17,260.00"
2021-04-28,2021042805002405,NICLBSL,57,55,10,"1,727.00","17,270.00"
2021-04-28,2021042805002402,NICLBSL,57,1,10,"1,726.00","17,260.00"
2021-04-28,2021042805002400,NICLBSL,45,58,10,"1,726.00","17,260.00"
2021-04-28,2021042805002395,NICLBSL,21,58,10,"1,726.00","17,260.00"
2021-04-28,2021042805002385,NICLBSL,21,47,10,"1,726.00","17,260.00"
2021-04-28,2021042805002383,NICLBSL,21,26,10,"1,726.00","17,260.00"
2021-04-28,2021042805002433,NICLBSL,57,44,10,"1,726.00","17,260.00"
2021-04-28,2021042805002432,NICLBSL,25,44,10,"1,727.00","17,270.00"
2021-04-28,2021042805002430,NICLBSL,57,10,10,"1,727.00","17,270.00"
2021-04-28,2021042805002426,NICLBSL,57,39,10,"1,727.00","17,270.00"
2021-04-28,2021042805002408,NICLBSL,57,58,10,"1,727.00","17,270.00"
2021-04-28,2021042805002407,NICLBSL,57,21,10,"1,727.00","17,270.00"
2021-04-28,2021042805002452,NICLBSL,8,59,70,"1,725.00","120,750.00"
2021-04-28,2021042805002451,NICLBSL,36,59,20,"1,726.00","34,520.00"
2021-04-28,2021042805002450,NICLBSL,57,59,20,"1,726.00","34,520.00"
2021-04-28,2021042805002449,NICLBSL,57,38,10,"1,726.00","17,260.00"
2021-04-28,2021042805002444,NICLBSL,42,43,20,"1,727.00","34,540.00"
2021-04-28,2021042805002440,NICLBSL,19,5,10,"1,727.00","17,270.00"
2021-04-28,2021042805002462,NICLBSL,42,54,10,"1,727.00","17,270.00"
2021-04-28,2021042805002457,NICLBSL,22,45,130,"1,725.00","224,250.00"
2021-04-28,2021042805002456,NICLBSL,49,45,20,"1,726.00","34,520.00"
2021-04-28,2021042805002455,NICLBSL,22,59,10,"1,725.00","17,250.00"
2021-04-28,2021042805002454,NICLBSL,41,59,30,"1,725.00","51,750.00"
2021-04-28,2021042805002453,NICLBSL,34,59,50,"1,725.00","86,250.00"
2021-04-28,2021042805002477,NICLBSL,43,58,10,"1,727.00","17,270.00"
2021-04-28,2021042805002468,NICLBSL,1,45,10,"1,726.00","17,260.00"
2021-04-28,2021042805002467,NICLBSL,34,45,40,"1,726.00","69,040.00"
2021-04-28,2021042805002466,NICLBSL,41,45,10,"1,727.00","17,270.00"
2021-04-28,2021042805002465,NICLBSL,41,34,10,"1,727.00","17,270.00"
2021-04-28,2021042805002464,NICLBSL,34,47,10,"1,726.00","17,260.00"
2021-04-28,2021042805002484,NICLBSL,1,5,10,"1,726.00","17,260.00"
2021-04-28,2021042805002483,NICLBSL,43,32,10,"1,727.00","17,270.00"
2021-04-28,2021042805002482,NICLBSL,43,32,10,"1,727.00","17,270.00"
2021-04-28,2021042805002481,NICLBSL,36,6,10,"1,729.00","17,290.00"
2021-04-28,2021042805002480,NICLBSL,36,38,10,"1,729.00","17,290.00"
2021-04-28,2021042805002479,NICLBSL,36,45,10,"1,728.00","17,280.00"
2021-04-28,2021042805002491,NICLBSL,32,7,10,"1,730.00","17,300.00"
2021-04-28,2021042805002490,NICLBSL,32,7,10,"1,730.00","17,300.00"
2021-04-28,2021042805002489,NICLBSL,32,7,10,"1,730.00","17,300.00"
2021-04-28,2021042805002488,NICLBSL,32,7,10,"1,730.00","17,300.00"
2021-04-28,2021042805002487,NICLBSL,32,7,10,"1,730.00","17,300.00"
2021-04-28,2021042805002486,NICLBSL,32,7,10,"1,730.00","17,300.00"
2021-04-28,2021042805002497,NICLBSL,32,7,10,"1,730.00","17,300.00"
2021-04-28,2021042805002496,NICLBSL,32,7,10,"1,730.00","17,300.00"
2021-04-28,2021042805002495,NICLBSL,32,7,10,"1,730.00","17,300.00"
2021-04-28,2021042805002494,NICLBSL,32,7,10,"1,730.00","17,300.00"
2021-04-28,2021042805002493,NICLBSL,32,7,10,"1,730.00","17,300.00"
2021-04-28,2021042805002492,NICLBSL,32,7,10,"1,730.00","17,300.00"
2021-04-28,2021042805002509,NICLBSL,32,48,20,"1,735.00","34,700.00"
2021-04-28,2021042805002508,NICLBSL,32,25,10,"1,735.00","17,350.00"
2021-04-28,2021042805002501,NICLBSL,32,16,10,"1,730.00","17,300.00"
2021-04-28,2021042805002500,NICLBSL,32,58,10,"1,730.00","17,300.00"
2021-04-28,2021042805002499,NICLBSL,32,7,10,"1,730.00","17,300.00"
2021-04-28,2021042805002498,NICLBSL,32,7,10,"1,730.00","17,300.00"
2021-04-28,2021042805002529,NICLBSL,57,29,10,"1,730.00","17,300.00"
2021-04-28,2021042805002528,NICLBSL,57,39,110,"1,730.00","190,300.00"
2021-04-28,2021042805002525,NICLBSL,57,29,10,"1,729.00","17,290.00"
2021-04-28,2021042805002518,NICLBSL,41,45,10,"1,730.00","17,300.00"
2021-04-28,2021042805002517,NICLBSL,43,29,20,"1,729.00","34,580.00"
2021-04-28,2021042805002510,NICLBSL,32,14,10,"1,735.00","17,350.00"
2021-04-28,2021042805002555,NICLBSL,21,7,10,"1,731.00","17,310.00"
2021-04-28,2021042805002554,NICLBSL,21,47,10,"1,731.00","17,310.00"
2021-04-28,2021042805002553,NICLBSL,57,7,10,"1,730.00","17,300.00"
2021-04-28,2021042805002538,NICLBSL,16,58,10,"1,734.00","17,340.00"
2021-04-28,2021042805002536,NICLBSL,57,41,10,"1,730.00","17,300.00"
2021-04-28,2021042805002532,NICLBSL,57,47,10,"1,730.00","17,300.00"
2021-04-28,2021042805002570,NICLBSL,25,7,10,"1,731.00","17,310.00"
2021-04-28,2021042805002569,NICLBSL,21,34,10,"1,731.00","17,310.00"
2021-04-28,2021042805002562,NICLBSL,36,47,10,"1,732.00","17,320.00"
2021-04-28,2021042805002560,NICLBSL,16,57,10,"1,736.00","17,360.00"
2021-04-28,2021042805002558,NICLBSL,36,45,10,"1,732.00","17,320.00"
2021-04-28,2021042805002557,NICLBSL,16,33,10,"1,735.00","17,350.00"
2021-04-28,2021042805002591,NICLBSL,55,58,30,"1,730.00","51,900.00"
2021-04-28,2021042805002590,NICLBSL,45,58,10,"1,730.00","17,300.00"
2021-04-28,2021042805002589,NICLBSL,58,58,15,"1,730.00","25,950.00"
2021-04-28,2021042805002588,NICLBSL,44,58,15,"1,731.00","25,965.00"
2021-04-28,2021042805002582,NICLBSL,45,35,20,"1,730.00","34,600.00"
2021-04-28,2021042805002577,NICLBSL,58,36,10,"1,730.00","17,300.00"
2021-04-28,2021042805002604,NICLBSL,10,48,20,"1,731.00","34,620.00"
2021-04-28,2021042805002602,NICLBSL,10,36,10,"1,731.00","17,310.00"
2021-04-28,2021042805002601,NICLBSL,10,48,10,"1,731.00","17,310.00"
2021-04-28,2021042805002599,NICLBSL,10,45,52,"1,731.00","90,012.00"
2021-04-28,2021042805002596,NICLBSL,55,42,10,"1,730.00","17,300.00"
2021-04-28,2021042805002595,NICLBSL,55,45,10,"1,730.00","17,300.00"
2021-04-28,2021042805002610,NICLBSL,47,14,70,"1,729.00","121,030.00"
2021-04-28,2021042805002609,NICLBSL,53,14,20,"1,730.00","34,600.00"
2021-04-28,2021042805002608,NICLBSL,22,14,10,"1,730.00","17,300.00"
2021-04-28,2021042805002607,NICLBSL,42,14,20,"1,730.00","34,600.00"
2021-04-28,2021042805002606,NICLBSL,44,14,30,"1,730.00","51,900.00"
2021-04-28,2021042805002605,NICLBSL,55,14,50,"1,730.00","86,500.00"
2021-04-28,2021042805002620,NICLBSL,13,38,10,"1,729.00","17,290.00"
2021-04-28,2021042805002619,NICLBSL,6,58,10,"1,729.00","17,290.00"
2021-04-28,2021042805002616,NICLBSL,45,13,10,"1,729.00","17,290.00"
2021-04-28,2021042805002614,NICLBSL,47,58,10,"1,729.00","17,290.00"
2021-04-28,2021042805002612,NICLBSL,47,34,10,"1,729.00","17,290.00"
2021-04-28,2021042805002611,NICLBSL,47,34,10,"1,729.00","17,290.00"
2021-04-28,2021042805002633,NICLBSL,16,47,10,"1,729.00","17,290.00"
2021-04-28,2021042805002632,NICLBSL,43,35,10,"1,726.00","17,260.00"
2021-04-28,2021042805002631,NICLBSL,1,36,10,"1,726.00","17,260.00"
2021-04-28,2021042805002628,NICLBSL,1,58,20,"1,726.00","34,520.00"
2021-04-28,2021042805002627,NICLBSL,39,20,10,"1,728.00","17,280.00"
2021-04-28,2021042805002622,NICLBSL,39,20,10,"1,728.00","17,280.00"
2021-04-28,2021042805002144,JLI,56,57,10,847.00,"8,470.00"
2021-04-28,2021042805002142,JLI,56,35,10,847.00,"8,470.00"
2021-04-28,2021042805002141,JLI,56,52,10,847.00,"8,470.00"
2021-04-28,2021042805002140,JLI,56,56,10,847.00,"8,470.00"
2021-04-28,2021042805002138,JLI,56,53,10,847.00,"8,470.00"
2021-04-28,2021042805002132,JLI,58,19,10,847.00,"8,470.00"
2021-04-28,2021042805001652,JLI,39,17,30,853.00,"25,590.00"
2021-04-28,2021042805001651,JLI,33,17,40,855.00,"34,200.00"
2021-04-28,2021042805001650,JLI,48,17,20,855.00,"17,100.00"
2021-04-28,2021042805001661,JLI,58,17,88,850.00,"74,800.00"
2021-04-28,2021042805001660,JLI,49,17,50,850.00,"42,500.00"
2021-04-28,2021042805001659,JLI,6,17,20,851.00,"17,020.00"
2021-04-28,2021042805001658,JLI,36,17,40,851.00,"34,040.00"
2021-04-28,2021042805001657,JLI,36,55,10,851.00,"8,510.00"
2021-04-28,2021042805001653,JLI,6,17,100,852.00,"85,200.00"
2021-04-28,2021042805001667,JLI,57,16,10,855.00,"8,550.00"
2021-04-28,2021042805001666,JLI,57,8,10,855.00,"8,550.00"
2021-04-28,2021042805001665,JLI,57,17,10,850.00,"8,500.00"
2021-04-28,2021042805001664,JLI,6,17,200,850.00,"170,000.00"
2021-04-28,2021042805001663,JLI,49,17,20,850.00,"17,000.00"
2021-04-28,2021042805001662,JLI,51,17,20,850.00,"17,000.00"
2021-04-28,2021042805001692,JLI,6,11,10,848.00,"8,480.00"
2021-04-28,2021042805001691,JLI,45,43,10,848.00,"8,480.00"
2021-04-28,2021042805001690,JLI,37,47,10,848.00,"8,480.00"
2021-04-28,2021042805001675,JLI,37,55,10,848.00,"8,480.00"
2021-04-28,2021042805001671,JLI,57,17,60,856.00,"51,360.00"
2021-04-28,2021042805001670,JLI,57,49,10,856.00,"8,560.00"
2021-04-28,2021042805001702,JLI,6,28,10,848.00,"8,480.00"
2021-04-28,2021042805001701,JLI,6,43,10,848.00,"8,480.00"
2021-04-28,2021042805001698,JLI,6,58,10,848.00,"8,480.00"
2021-04-28,2021042805001697,JLI,6,3,10,848.00,"8,480.00"
2021-04-28,2021042805001695,JLI,6,43,10,848.00,"8,480.00"
2021-04-28,2021042805001693,JLI,56,45,10,850.00,"8,500.00"
2021-04-28,2021042805001715,JLI,6,21,10,848.00,"8,480.00"
2021-04-28,2021042805001711,JLI,6,36,10,848.00,"8,480.00"
2021-04-28,2021042805001709,JLI,6,58,10,848.00,"8,480.00"
2021-04-28,2021042805001708,JLI,6,43,10,848.00,"8,480.00"
2021-04-28,2021042805001707,JLI,22,58,10,850.00,"8,500.00"
2021-04-28,2021042805001703,JLI,6,21,10,848.00,"8,480.00"
2021-04-28,2021042805001727,JLI,17,11,10,849.00,"8,490.00"
2021-04-28,2021042805001726,JLI,6,46,10,848.00,"8,480.00"
2021-04-28,2021042805001725,JLI,6,58,10,848.00,"8,480.00"
2021-04-28,2021042805001724,JLI,6,56,10,848.00,"8,480.00"
2021-04-28,2021042805001721,JLI,6,43,10,848.00,"8,480.00"
2021-04-28,2021042805001719,JLI,17,57,10,850.00,"8,500.00"
2021-04-28,2021042805001741,JLI,58,21,10,848.00,"8,480.00"
2021-04-28,2021042805001738,JLI,58,36,10,848.00,"8,480.00"
2021-04-28,2021042805001733,JLI,6,46,10,848.00,"8,480.00"
2021-04-28,2021042805001732,JLI,49,6,10,849.00,"8,490.00"
2021-04-28,2021042805001731,JLI,49,36,10,850.00,"8,500.00"
2021-04-28,2021042805001730,JLI,49,51,10,850.00,"8,500.00"
2021-04-28,2021042805001748,JLI,6,1,10,847.00,"8,470.00"
2021-04-28,2021042805001747,JLI,58,49,10,848.00,"8,480.00"
2021-04-28,2021042805001746,JLI,58,58,10,848.00,"8,480.00"
2021-04-28,2021042805001745,JLI,58,51,10,848.00,"8,480.00"
2021-04-28,2021042805001743,JLI,58,16,10,848.00,"8,480.00"
2021-04-28,2021042805001742,JLI,58,25,10,848.00,"8,480.00"
2021-04-28,2021042805001760,JLI,14,16,10,847.00,"8,470.00"
2021-04-28,2021042805001757,JLI,14,6,10,847.00,"8,470.00"
2021-04-28,2021042805001756,JLI,14,51,10,847.00,"8,470.00"
2021-04-28,2021042805001755,JLI,6,49,10,847.00,"8,470.00"
2021-04-28,2021042805001752,JLI,6,46,10,847.00,"8,470.00"
2021-04-28,2021042805001750,JLI,6,6,10,847.00,"8,470.00"
2021-04-28,2021042805001776,JLI,56,36,10,848.00,"8,480.00"
2021-04-28,2021042805001769,JLI,28,50,10,848.00,"8,480.00"
2021-04-28,2021042805001766,JLI,49,58,10,848.00,"8,480.00"
2021-04-28,2021042805001764,JLI,49,54,10,848.00,"8,480.00"
2021-04-28,2021042805001763,JLI,49,58,10,848.00,"8,480.00"
2021-04-28,2021042805001761,JLI,14,51,10,847.00,"8,470.00"
2021-04-28,2021042805001789,JLI,35,58,10,848.00,"8,480.00"
2021-04-28,2021042805001785,JLI,56,58,10,848.00,"8,480.00"
2021-04-28,2021042805001784,JLI,56,58,10,848.00,"8,480.00"
2021-04-28,2021042805001783,JLI,56,58,10,848.00,"8,480.00"
2021-04-28,2021042805001782,JLI,56,43,10,848.00,"8,480.00"
2021-04-28,2021042805001777,JLI,56,52,10,848.00,"8,480.00"
2021-04-28,2021042805001798,JLI,35,45,10,848.00,"8,480.00"
2021-04-28,2021042805001797,JLI,35,16,10,848.00,"8,480.00"
2021-04-28,2021042805001796,JLI,35,34,10,848.00,"8,480.00"
2021-04-28,2021042805001795,JLI,35,59,10,848.00,"8,480.00"
2021-04-28,2021042805001794,JLI,35,43,10,848.00,"8,480.00"
2021-04-28,2021042805001793,JLI,35,45,10,848.00,"8,480.00"
2021-04-28,2021042805001809,JLI,45,51,10,850.00,"8,500.00"
2021-04-28,2021042805001808,JLI,45,57,10,850.00,"8,500.00"
2021-04-28,2021042805001807,JLI,45,13,10,850.00,"8,500.00"
2021-04-28,2021042805001803,JLI,40,58,10,849.00,"8,490.00"
2021-04-28,2021042805001802,JLI,35,34,10,848.00,"8,480.00"
2021-04-28,2021042805001800,JLI,35,38,10,848.00,"8,480.00"
2021-04-28,2021042805001815,JLI,35,38,10,848.00,"8,480.00"
2021-04-28,2021042805001814,JLI,35,38,10,848.00,"8,480.00"
2021-04-28,2021042805001813,JLI,40,47,10,849.00,"8,490.00"
2021-04-28,2021042805001812,JLI,40,38,10,849.00,"8,490.00"
2021-04-28,2021042805001811,JLI,45,59,10,850.00,"8,500.00"
2021-04-28,2021042805001810,JLI,45,58,10,850.00,"8,500.00"
2021-04-28,2021042805001824,JLI,35,52,10,848.00,"8,480.00"
2021-04-28,2021042805001821,JLI,16,17,10,849.00,"8,490.00"
2021-04-28,2021042805001820,JLI,35,7,10,848.00,"8,480.00"
2021-04-28,2021042805001819,JLI,35,52,10,848.00,"8,480.00"
2021-04-28,2021042805001817,JLI,35,38,10,848.00,"8,480.00"
2021-04-28,2021042805001816,JLI,35,57,10,848.00,"8,480.00"
2021-04-28,2021042805001832,JLI,41,45,10,850.00,"8,500.00"
2021-04-28,2021042805001831,JLI,47,39,10,849.00,"8,490.00"
2021-04-28,2021042805001830,JLI,47,52,10,849.00,"8,490.00"
2021-04-28,2021042805001829,JLI,47,16,10,849.00,"8,490.00"
2021-04-28,2021042805001828,JLI,47,17,10,849.00,"8,490.00"
2021-04-28,2021042805001826,JLI,47,52,10,849.00,"8,490.00"
2021-04-28,2021042805001843,JLI,29,38,10,850.00,"8,500.00"
2021-04-28,2021042805001842,JLI,29,47,10,849.00,"8,490.00"
2021-04-28,2021042805001841,JLI,17,52,10,849.00,"8,490.00"
2021-04-28,2021042805001836,JLI,17,6,10,849.00,"8,490.00"
2021-04-28,2021042805001834,JLI,40,52,10,849.00,"8,490.00"
2021-04-28,2021042805001833,JLI,40,52,10,849.00,"8,490.00"
2021-04-28,2021042805001850,JLI,51,51,10,848.00,"8,480.00"
2021-04-28,2021042805001848,JLI,59,6,10,848.00,"8,480.00"
2021-04-28,2021042805001847,JLI,35,34,10,848.00,"8,480.00"
2021-04-28,2021042805001846,JLI,35,47,10,848.00,"8,480.00"
2021-04-28,2021042805001845,JLI,35,56,10,848.00,"8,480.00"
2021-04-28,2021042805001844,JLI,35,52,10,848.00,"8,480.00"
2021-04-28,2021042805001864,JLI,14,49,10,847.00,"8,470.00"
2021-04-28,2021042805001863,JLI,14,1,10,847.00,"8,470.00"
2021-04-28,2021042805001862,JLI,14,49,10,847.00,"8,470.00"
2021-04-28,2021042805001854,JLI,34,56,10,848.00,"8,480.00"
2021-04-28,2021042805001852,JLI,4,35,10,848.00,"8,480.00"
2021-04-28,2021042805001851,JLI,4,49,10,848.00,"8,480.00"
2021-04-28,2021042805001872,JLI,14,49,10,847.00,"8,470.00"
2021-04-28,2021042805001871,JLI,14,13,10,847.00,"8,470.00"
2021-04-28,2021042805001870,JLI,53,19,10,848.00,"8,480.00"
2021-04-28,2021042805001869,JLI,14,34,10,847.00,"8,470.00"
2021-04-28,2021042805001868,JLI,14,49,10,847.00,"8,470.00"
2021-04-28,2021042805001867,JLI,14,34,10,847.00,"8,470.00"
2021-04-28,2021042805001880,JLI,14,49,10,847.00,"8,470.00"
2021-04-28,2021042805001878,JLI,14,57,10,847.00,"8,470.00"
2021-04-28,2021042805001877,JLI,14,21,10,847.00,"8,470.00"
2021-04-28,2021042805001876,JLI,14,52,10,847.00,"8,470.00"
2021-04-28,2021042805001875,JLI,25,48,10,848.00,"8,480.00"
2021-04-28,2021042805001873,JLI,14,49,10,847.00,"8,470.00"
2021-04-28,2021042805001890,JLI,54,49,10,847.00,"8,470.00"
2021-04-28,2021042805001889,JLI,54,21,10,847.00,"8,470.00"
2021-04-28,2021042805001888,JLI,54,21,10,847.00,"8,470.00"
2021-04-28,2021042805001887,JLI,14,48,10,847.00,"8,470.00"
2021-04-28,2021042805001882,JLI,14,59,10,847.00,"8,470.00"
2021-04-28,2021042805001881,JLI,14,34,10,847.00,"8,470.00"
2021-04-28,2021042805001899,JLI,54,28,10,847.00,"8,470.00"
2021-04-28,2021042805001897,JLI,54,49,10,847.00,"8,470.00"
2021-04-28,2021042805001896,JLI,54,8,10,847.00,"8,470.00"
2021-04-28,2021042805001895,JLI,54,49,10,847.00,"8,470.00"
2021-04-28,2021042805001892,JLI,54,34,10,847.00,"8,470.00"
2021-04-28,2021042805001891,JLI,54,42,10,847.00,"8,470.00"
2021-04-28,2021042805001908,JLI,58,6,10,850.00,"8,500.00"
2021-04-28,2021042805001907,JLI,58,41,10,850.00,"8,500.00"
2021-04-28,2021042805001906,JLI,58,32,10,849.00,"8,490.00"
2021-04-28,2021042805001905,JLI,17,28,10,847.00,"8,470.00"
2021-04-28,2021042805001902,JLI,17,21,10,847.00,"8,470.00"
2021-04-28,2021042805001901,JLI,54,34,10,847.00,"8,470.00"
2021-04-28,2021042805001915,JLI,11,7,10,846.00,"8,460.00"
2021-04-28,2021042805001913,JLI,11,35,10,846.00,"8,460.00"
2021-04-28,2021042805001912,JLI,43,21,10,847.00,"8,470.00"
2021-04-28,2021042805001911,JLI,43,34,10,847.00,"8,470.00"
2021-04-28,2021042805001910,JLI,58,54,10,850.00,"8,500.00"
2021-04-28,2021042805001909,JLI,58,58,10,850.00,"8,500.00"
2021-04-28,2021042805001928,JLI,21,16,10,847.00,"8,470.00"
2021-04-28,2021042805001927,JLI,21,52,10,847.00,"8,470.00"
2021-04-28,2021042805001925,JLI,21,21,10,847.00,"8,470.00"
2021-04-28,2021042805001924,JLI,21,16,10,847.00,"8,470.00"
2021-04-28,2021042805001919,JLI,21,48,10,847.00,"8,470.00"
2021-04-28,2021042805001918,JLI,51,21,10,846.00,"8,460.00"
2021-04-28,2021042805001934,JLI,19,21,10,850.00,"8,500.00"
2021-04-28,2021042805001933,JLI,19,58,10,850.00,"8,500.00"
2021-04-28,2021042805001932,JLI,19,58,10,850.00,"8,500.00"
2021-04-28,2021042805001931,JLI,19,49,10,848.00,"8,480.00"
2021-04-28,2021042805001930,JLI,42,34,10,847.00,"8,470.00"
2021-04-28,2021042805001929,JLI,42,36,10,847.00,"8,470.00"
2021-04-28,2021042805001940,JLI,45,14,10,847.00,"8,470.00"
2021-04-28,2021042805001939,JLI,45,36,10,847.00,"8,470.00"
2021-04-28,2021042805001938,JLI,35,16,10,847.00,"8,470.00"
2021-04-28,2021042805001937,JLI,19,47,10,850.00,"8,500.00"
2021-04-28,2021042805001936,JLI,19,55,10,850.00,"8,500.00"
2021-04-28,2021042805001935,JLI,19,42,10,850.00,"8,500.00"
2021-04-28,2021042805001954,JLI,49,26,10,847.00,"8,470.00"
2021-04-28,2021042805001953,JLI,6,29,10,847.00,"8,470.00"
2021-04-28,2021042805001952,JLI,6,52,10,847.00,"8,470.00"
2021-04-28,2021042805001946,JLI,51,21,10,846.00,"8,460.00"
2021-04-28,2021042805001942,JLI,51,21,10,846.00,"8,460.00"
2021-04-28,2021042805001941,JLI,45,21,10,847.00,"8,470.00"
2021-04-28,2021042805001960,JLI,1,41,10,848.00,"8,480.00"
2021-04-28,2021042805001959,JLI,56,58,10,847.00,"8,470.00"
2021-04-28,2021042805001958,JLI,56,51,10,847.00,"8,470.00"
2021-04-28,2021042805001957,JLI,56,21,10,847.00,"8,470.00"
2021-04-28,2021042805001956,JLI,56,55,10,847.00,"8,470.00"
2021-04-28,2021042805001955,JLI,56,6,10,847.00,"8,470.00"
2021-04-28,2021042805001973,JLI,56,59,10,847.00,"8,470.00"
2021-04-28,2021042805001969,JLI,56,29,10,847.00,"8,470.00"
2021-04-28,2021042805001968,JLI,56,45,10,847.00,"8,470.00"
2021-04-28,2021042805001964,JLI,1,1,10,850.00,"8,500.00"
2021-04-28,2021042805001962,JLI,1,38,10,850.00,"8,500.00"
2021-04-28,2021042805001961,JLI,1,49,10,850.00,"8,500.00"
2021-04-28,2021042805001980,JLI,56,58,10,847.00,"8,470.00"
2021-04-28,2021042805001979,JLI,56,59,10,847.00,"8,470.00"
2021-04-28,2021042805001978,JLI,20,21,10,848.00,"8,480.00"
2021-04-28,2021042805001976,JLI,20,59,10,850.00,"8,500.00"
2021-04-28,2021042805001975,JLI,20,6,10,850.00,"8,500.00"
2021-04-28,2021042805001974,JLI,20,49,10,848.00,"8,480.00"
2021-04-28,2021042805001987,JLI,58,48,10,850.00,"8,500.00"
2021-04-28,2021042805001986,JLI,56,57,10,847.00,"8,470.00"
2021-04-28,2021042805001985,JLI,56,1,10,847.00,"8,470.00"
2021-04-28,2021042805001984,JLI,20,38,10,849.00,"8,490.00"
2021-04-28,2021042805001982,JLI,38,42,10,850.00,"8,500.00"
2021-04-28,2021042805001981,JLI,56,29,10,847.00,"8,470.00"
2021-04-28,2021042805001994,JLI,58,57,10,852.00,"8,520.00"
2021-04-28,2021042805001992,JLI,58,42,10,852.00,"8,520.00"
2021-04-28,2021042805001991,JLI,58,58,10,852.00,"8,520.00"
2021-04-28,2021042805001990,JLI,58,13,10,852.00,"8,520.00"
2021-04-28,2021042805001989,JLI,58,41,10,851.00,"8,510.00"
2021-04-28,2021042805001988,JLI,58,47,10,851.00,"8,510.00"
2021-04-28,2021042805002003,JLI,55,34,10,850.00,"8,500.00"
2021-04-28,2021042805002002,JLI,21,17,50,853.00,"42,650.00"
2021-04-28,2021042805002001,JLI,58,45,10,852.00,"8,520.00"
2021-04-28,2021042805002000,JLI,58,57,10,852.00,"8,520.00"
2021-04-28,2021042805001999,JLI,58,6,10,852.00,"8,520.00"
2021-04-28,2021042805001995,JLI,38,17,10,853.00,"8,530.00"
2021-04-28,2021042805002015,JLI,45,21,10,852.00,"8,520.00"
2021-04-28,2021042805002013,JLI,56,6,10,847.00,"8,470.00"
2021-04-28,2021042805002012,JLI,56,19,10,847.00,"8,470.00"
2021-04-28,2021042805002006,JLI,56,38,10,847.00,"8,470.00"
2021-04-28,2021042805002005,JLI,56,48,10,847.00,"8,470.00"
2021-04-28,2021042805002004,JLI,55,45,10,850.00,"8,500.00"
2021-04-28,2021042805002021,JLI,45,6,10,853.00,"8,530.00"
2021-04-28,2021042805002020,JLI,45,6,10,853.00,"8,530.00"
2021-04-28,2021042805002019,JLI,45,48,10,853.00,"8,530.00"
2021-04-28,2021042805002018,JLI,45,17,140,853.00,"119,420.00"
2021-04-28,2021042805002017,JLI,45,58,10,852.00,"8,520.00"
2021-04-28,2021042805002016,JLI,45,58,10,852.00,"8,520.00"
2021-04-28,2021042805002032,JLI,17,13,10,848.00,"8,480.00"
2021-04-28,2021042805002030,JLI,17,42,10,848.00,"8,480.00"
2021-04-28,2021042805002026,JLI,34,51,10,847.00,"8,470.00"
2021-04-28,2021042805002025,JLI,56,49,10,847.00,"8,470.00"
2021-04-28,2021042805002024,JLI,56,34,10,847.00,"8,470.00"
2021-04-28,2021042805002022,JLI,56,38,10,847.00,"8,470.00"
2021-04-28,2021042805002040,JLI,19,26,10,852.00,"8,520.00"
2021-04-28,2021042805002039,JLI,19,51,10,852.00,"8,520.00"
2021-04-28,2021042805002038,JLI,19,41,10,852.00,"8,520.00"
2021-04-28,2021042805002037,JLI,19,38,10,852.00,"8,520.00"
2021-04-28,2021042805002036,JLI,19,7,10,850.00,"8,500.00"
2021-04-28,2021042805002035,JLI,34,38,10,847.00,"8,470.00"
2021-04-28,2021042805002051,JLI,19,58,10,852.00,"8,520.00"
2021-04-28,2021042805002050,JLI,32,56,10,853.00,"8,530.00"
2021-04-28,2021042805002047,JLI,32,6,10,853.00,"8,530.00"
2021-04-28,2021042805002044,JLI,32,26,10,853.00,"8,530.00"
2021-04-28,2021042805002043,JLI,32,26,10,853.00,"8,530.00"
2021-04-28,2021042805002042,JLI,32,51,10,853.00,"8,530.00"
2021-04-28,2021042805002062,JLI,34,38,10,847.00,"8,470.00"
2021-04-28,2021042805002061,JLI,51,17,10,850.00,"8,500.00"
2021-04-28,2021042805002059,JLI,19,6,60,852.00,"51,120.00"
2021-04-28,2021042805002058,JLI,19,46,10,852.00,"8,520.00"
2021-04-28,2021042805002057,JLI,19,33,10,852.00,"8,520.00"
2021-04-28,2021042805002056,JLI,19,28,10,852.00,"8,520.00"
2021-04-28,2021042805002072,JLI,51,38,10,847.00,"8,470.00"
2021-04-28,2021042805002071,JLI,47,6,30,847.00,"25,410.00"
2021-04-28,2021042805002070,JLI,36,6,10,847.00,"8,470.00"
2021-04-28,2021042805002069,JLI,49,6,21,847.00,"17,787.00"
2021-04-28,2021042805002068,JLI,36,6,10,847.00,"8,470.00"
2021-04-28,2021042805002063,JLI,18,47,10,847.00,"8,470.00"
2021-04-28,2021042805002099,JLI,51,50,10,846.00,"8,460.00"
2021-04-28,2021042805002096,JLI,51,39,90,846.00,"76,140.00"
2021-04-28,2021042805002090,JLI,51,17,10,846.00,"8,460.00"
2021-04-28,2021042805002088,JLI,58,6,10,847.00,"8,470.00"
2021-04-28,2021042805002074,JLI,51,34,10,847.00,"8,470.00"
2021-04-28,2021042805002073,JLI,49,34,10,850.00,"8,500.00"
2021-04-28,2021042805002115,JLI,51,56,10,846.00,"8,460.00"
2021-04-28,2021042805002109,JLI,51,58,10,846.00,"8,460.00"
2021-04-28,2021042805002106,JLI,43,58,10,847.00,"8,470.00"
2021-04-28,2021042805002104,JLI,51,34,10,846.00,"8,460.00"
2021-04-28,2021042805002101,JLI,51,54,10,846.00,"8,460.00"
2021-04-28,2021042805002100,JLI,51,8,10,846.00,"8,460.00"
2021-04-28,2021042805002129,JLI,58,52,10,847.00,"8,470.00"
2021-04-28,2021042805002127,JLI,51,48,10,846.00,"8,460.00"
2021-04-28,2021042805002125,JLI,51,38,10,846.00,"8,460.00"
2021-04-28,2021042805002123,JLI,51,6,10,846.00,"8,460.00"
2021-04-28,2021042805002120,JLI,51,49,10,846.00,"8,460.00"
2021-04-28,2021042805002117,JLI,41,51,10,847.00,"8,470.00"
2021-04-28,2021042805002134,MLBSL,3,8,10,"2,841.00","28,410.00"
2021-04-28,2021042805002126,MLBSL,3,21,10,"2,841.00","28,410.00"
2021-04-28,2021042805002102,MLBSL,3,55,10,"2,841.00","28,410.00"
2021-04-28,2021042805002092,MLBSL,3,19,10,"2,841.00","28,410.00"
2021-04-28,2021042805002053,MLBSL,3,41,10,"2,841.00","28,410.00"
2021-04-28,2021042805001983,MLBSL,3,6,10,"2,841.00","28,410.00"
2021-04-28,2021042805001716,MLBSL,3,28,10,"2,841.00","28,410.00"
2021-04-28,2021042805001712,MLBSL,3,1,10,"2,841.00","28,410.00"
2021-04-28,2021042805001689,MLBSL,3,36,10,"2,841.00","28,410.00"
2021-04-28,2021042805001681,MLBSL,3,49,10,"2,841.00","28,410.00"
2021-04-28,2021042805001668,MLBSL,3,28,10,"2,841.00","28,410.00"
2021-04-28,2021042805001774,MLBSL,3,57,10,"2,841.00","28,410.00"
2021-04-28,2021042805001773,MLBSL,3,58,10,"2,841.00","28,410.00"
2021-04-28,2021042805001768,MLBSL,3,42,10,"2,841.00","28,410.00"
2021-04-28,2021042805001759,MLBSL,3,8,10,"2,841.00","28,410.00"
2021-04-28,2021042805001734,MLBSL,3,4,10,"2,841.00","28,410.00"
2021-04-28,2021042805001728,MLBSL,3,43,10,"2,841.00","28,410.00"
2021-04-28,2021042805001977,MLBSL,3,59,10,"2,841.00","28,410.00"
2021-04-28,2021042805001920,MLBSL,3,35,10,"2,841.00","28,410.00"
2021-04-28,2021042805001835,MLBSL,3,47,10,"2,841.00","28,410.00"
2021-04-28,2021042805001827,MLBSL,3,58,10,"2,841.00","28,410.00"
2021-04-28,2021042805001823,MLBSL,3,3,10,"2,841.00","28,410.00"
2021-04-28,2021042805001806,MLBSL,3,38,10,"2,841.00","28,410.00"
2021-04-28,2021042805002145,NICLBSL,19,7,10,"1,730.00","17,300.00"
2021-04-28,2021042805002143,NICLBSL,19,7,10,"1,730.00","17,300.00"
2021-04-28,2021042805002139,NICLBSL,19,7,10,"1,730.00","17,300.00"
2021-04-28,2021042805002137,NICLBSL,34,8,10,"1,730.00","17,300.00"
2021-04-28,2021042805002136,NICLBSL,34,7,10,"1,730.00","17,300.00"
2021-04-28,2021042805002135,NICLBSL,34,59,10,"1,730.00","17,300.00"
2021-04-28,2021042805001655,NICLBSL,57,49,10,"1,752.00","17,520.00"
2021-04-28,2021042805001654,NICLBSL,57,39,10,"1,752.00","17,520.00"
2021-04-28,2021042805001649,NICLBSL,39,45,29,"1,754.00","50,866.00"
2021-04-28,2021042805001648,NICLBSL,39,45,21,"1,754.00","36,834.00"
2021-04-28,2021042805001647,NICLBSL,32,45,59,"1,754.00","103,486.00"
2021-04-28,2021042805001646,NICLBSL,41,45,20,"1,755.00","35,100.00"
2021-04-28,2021042805001676,NICLBSL,51,28,10,"1,742.00","17,420.00"
2021-04-28,2021042805001674,NICLBSL,56,42,10,"1,743.00","17,430.00"
2021-04-28,2021042805001673,NICLBSL,45,28,10,"1,752.00","17,520.00"
2021-04-28,2021042805001672,NICLBSL,45,39,10,"1,752.00","17,520.00"
2021-04-28,2021042805001669,NICLBSL,45,42,10,"1,752.00","17,520.00"
2021-04-28,2021042805001656,NICLBSL,51,49,10,"1,742.00","17,420.00"
2021-04-28,2021042805001683,NICLBSL,34,16,15,"1,743.00","26,145.00"
2021-04-28,2021042805001682,NICLBSL,34,56,10,"1,743.00","17,430.00"
2021-04-28,2021042805001680,NICLBSL,51,51,10,"1,742.00","17,420.00"
2021-04-28,2021042805001679,NICLBSL,51,7,10,"1,742.00","17,420.00"
2021-04-28,2021042805001678,NICLBSL,51,45,10,"1,742.00","17,420.00"
2021-04-28,2021042805001677,NICLBSL,51,48,10,"1,742.00","17,420.00"
2021-04-28,2021042805001694,NICLBSL,22,56,10,"1,743.00","17,430.00"
2021-04-28,2021042805001688,NICLBSL,58,16,10,"1,750.00","17,500.00"
2021-04-28,2021042805001687,NICLBSL,58,49,10,"1,750.00","17,500.00"
2021-04-28,2021042805001686,NICLBSL,58,42,10,"1,750.00","17,500.00"
2021-04-28,2021042805001685,NICLBSL,34,45,19,"1,742.00","33,098.00"
2021-04-28,2021042805001684,NICLBSL,51,45,20,"1,742.00","34,840.00"
2021-04-28,2021042805001706,NICLBSL,53,45,29,"1,743.00","50,547.00"
2021-04-28,2021042805001705,NICLBSL,56,45,10,"1,743.00","17,430.00"
2021-04-28,2021042805001704,NICLBSL,34,36,10,"1,745.00","17,450.00"
2021-04-28,2021042805001700,NICLBSL,34,1,10,"1,745.00","17,450.00"
2021-04-28,2021042805001699,NICLBSL,22,42,10,"1,743.00","17,430.00"
2021-04-28,2021042805001696,NICLBSL,22,47,10,"1,743.00","17,430.00"
2021-04-28,2021042805001720,NICLBSL,56,42,10,"1,743.00","17,430.00"
2021-04-28,2021042805001718,NICLBSL,41,56,10,"1,744.00","17,440.00"
2021-04-28,2021042805001717,NICLBSL,41,56,10,"1,744.00","17,440.00"
2021-04-28,2021042805001714,NICLBSL,34,37,10,"1,743.00","17,430.00"
2021-04-28,2021042805001713,NICLBSL,56,36,10,"1,743.00","17,430.00"
2021-04-28,2021042805001710,NICLBSL,53,42,10,"1,743.00","17,430.00"
2021-04-28,2021042805001737,NICLBSL,41,14,100,"1,740.00","174,000.00"
2021-04-28,2021042805001736,NICLBSL,41,14,20,"1,740.00","34,800.00"
2021-04-28,2021042805001735,NICLBSL,41,57,10,"1,740.00","17,400.00"
2021-04-28,2021042805001729,NICLBSL,41,42,10,"1,740.00","17,400.00"
2021-04-28,2021042805001723,NICLBSL,41,51,10,"1,740.00","17,400.00"
2021-04-28,2021042805001722,NICLBSL,50,45,10,"1,744.00","17,440.00"
2021-04-28,2021042805001753,NICLBSL,55,32,10,"1,737.00","17,370.00"
2021-04-28,2021042805001751,NICLBSL,32,42,10,"1,738.00","17,380.00"
2021-04-28,2021042805001749,NICLBSL,32,56,10,"1,738.00","17,380.00"
2021-04-28,2021042805001744,NICLBSL,46,17,10,"1,738.00","17,380.00"
2021-04-28,2021042805001740,NICLBSL,22,42,10,"1,740.00","17,400.00"
2021-04-28,2021042805001739,NICLBSL,22,14,10,"1,740.00","17,400.00"
2021-04-28,2021042805001770,NICLBSL,25,51,10,"1,739.00","17,390.00"
2021-04-28,2021042805001767,NICLBSL,25,25,10,"1,739.00","17,390.00"
2021-04-28,2021042805001765,NICLBSL,34,42,10,"1,738.00","17,380.00"
2021-04-28,2021042805001762,NICLBSL,34,16,10,"1,738.00","17,380.00"
2021-04-28,2021042805001758,NICLBSL,50,51,10,"1,737.00","17,370.00"
2021-04-28,2021042805001754,NICLBSL,55,56,10,"1,737.00","17,370.00"
2021-04-28,2021042805001780,NICLBSL,14,6,10,"1,737.00","17,370.00"
2021-04-28,2021042805001779,NICLBSL,14,6,10,"1,737.00","17,370.00"
2021-04-28,2021042805001778,NICLBSL,38,50,10,"1,737.00","17,370.00"
2021-04-28,2021042805001775,NICLBSL,25,42,10,"1,737.00","17,370.00"
2021-04-28,2021042805001772,NICLBSL,25,37,10,"1,736.00","17,360.00"
2021-04-28,2021042805001771,NICLBSL,25,42,10,"1,736.00","17,360.00"
2021-04-28,2021042805001791,NICLBSL,38,47,16,"1,739.00","27,824.00"
2021-04-28,2021042805001790,NICLBSL,38,25,10,"1,737.00","17,370.00"
2021-04-28,2021042805001788,NICLBSL,47,45,10,"1,736.00","17,360.00"
2021-04-28,2021042805001787,NICLBSL,25,44,10,"1,736.00","17,360.00"
2021-04-28,2021042805001786,NICLBSL,25,51,10,"1,736.00","17,360.00"
2021-04-28,2021042805001781,NICLBSL,50,56,10,"1,737.00","17,370.00"
2021-04-28,2021042805001818,NICLBSL,57,58,10,"1,740.00","17,400.00"
2021-04-28,2021042805001805,NICLBSL,57,25,10,"1,740.00","17,400.00"
2021-04-28,2021042805001804,NICLBSL,57,51,10,"1,740.00","17,400.00"
2021-04-28,2021042805001801,NICLBSL,38,26,10,"1,740.00","17,400.00"
2021-04-28,2021042805001799,NICLBSL,38,5,10,"1,739.00","17,390.00"
2021-04-28,2021042805001792,NICLBSL,38,51,10,"1,739.00","17,390.00"
2021-04-28,2021042805001840,NICLBSL,38,21,10,"1,750.00","17,500.00"
2021-04-28,2021042805001839,NICLBSL,38,19,10,"1,750.00","17,500.00"
2021-04-28,2021042805001838,NICLBSL,38,51,10,"1,750.00","17,500.00"
2021-04-28,2021042805001837,NICLBSL,38,14,80,"1,750.00","140,000.00"
2021-04-28,2021042805001825,NICLBSL,38,54,10,"1,745.00","17,450.00"
2021-04-28,2021042805001822,NICLBSL,57,57,10,"1,740.00","17,400.00"
2021-04-28,2021042805001858,NICLBSL,41,50,10,"1,750.00","17,500.00"
2021-04-28,2021042805001857,NICLBSL,41,38,60,"1,750.00","105,000.00"
2021-04-28,2021042805001856,NICLBSL,21,38,40,"1,750.00","70,000.00"
2021-04-28,2021042805001855,NICLBSL,21,19,10,"1,745.00","17,450.00"
2021-04-28,2021042805001853,NICLBSL,49,8,10,"1,742.00","17,420.00"
2021-04-28,2021042805001849,NICLBSL,49,38,10,"1,742.00","17,420.00"
2021-04-28,2021042805001874,NICLBSL,49,49,10,"1,742.00","17,420.00"
2021-04-28,2021042805001866,NICLBSL,41,35,130,"1,750.00","227,500.00"
2021-04-28,2021042805001865,NICLBSL,41,38,10,"1,750.00","17,500.00"
2021-04-28,2021042805001861,NICLBSL,41,47,10,"1,750.00","17,500.00"
2021-04-28,2021042805001860,NICLBSL,41,8,10,"1,750.00","17,500.00"
2021-04-28,2021042805001859,NICLBSL,41,17,20,"1,750.00","35,000.00"
2021-04-28,2021042805001893,NICLBSL,38,51,10,"1,748.00","17,480.00"
2021-04-28,2021042805001886,NICLBSL,49,49,10,"1,742.00","17,420.00"
2021-04-28,2021042805001885,NICLBSL,49,21,10,"1,742.00","17,420.00"
2021-04-28,2021042805001884,NICLBSL,49,38,20,"1,742.00","34,840.00"
2021-04-28,2021042805001883,NICLBSL,49,50,10,"1,742.00","17,420.00"
2021-04-28,2021042805001879,NICLBSL,49,50,10,"1,742.00","17,420.00"
2021-04-28,2021042805001914,NICLBSL,49,26,10,"1,742.00","17,420.00"
2021-04-28,2021042805001904,NICLBSL,49,21,10,"1,742.00","17,420.00"
2021-04-28,2021042805001903,NICLBSL,49,48,10,"1,742.00","17,420.00"
2021-04-28,2021042805001900,NICLBSL,49,21,10,"1,742.00","17,420.00"
2021-04-28,2021042805001898,NICLBSL,49,48,10,"1,742.00","17,420.00"
2021-04-28,2021042805001894,NICLBSL,38,43,20,"1,751.00","35,020.00"
2021-04-28,2021042805001926,NICLBSL,49,48,10,"1,742.00","17,420.00"
2021-04-28,2021042805001923,NICLBSL,49,45,10,"1,742.00","17,420.00"
2021-04-28,2021042805001922,NICLBSL,38,38,10,"1,743.00","17,430.00"
2021-04-28,2021042805001921,NICLBSL,49,48,10,"1,742.00","17,420.00"
2021-04-28,2021042805001917,NICLBSL,49,21,10,"1,742.00","17,420.00"
2021-04-28,2021042805001916,NICLBSL,49,48,10,"1,742.00","17,420.00"
2021-04-28,2021042805001949,NICLBSL,49,4,50,"1,742.00","87,100.00"
2021-04-28,2021042805001948,NICLBSL,49,48,10,"1,742.00","17,420.00"
2021-04-28,2021042805001947,NICLBSL,49,49,10,"1,742.00","17,420.00"
2021-04-28,2021042805001945,NICLBSL,49,48,10,"1,742.00","17,420.00"
2021-04-28,2021042805001944,NICLBSL,49,6,20,"1,742.00","34,840.00"
2021-04-28,2021042805001943,NICLBSL,49,48,10,"1,742.00","17,420.00"
2021-04-28,2021042805001967,NICLBSL,34,4,20,"1,742.00","34,840.00"
2021-04-28,2021042805001966,NICLBSL,34,21,10,"1,742.00","17,420.00"
2021-04-28,2021042805001965,NICLBSL,34,51,10,"1,742.00","17,420.00"
2021-04-28,2021042805001963,NICLBSL,34,57,10,"1,742.00","17,420.00"
2021-04-28,2021042805001951,NICLBSL,34,4,20,"1,741.00","34,820.00"
2021-04-28,2021042805001950,NICLBSL,49,4,250,"1,742.00","435,500.00"
2021-04-28,2021042805001997,NICLBSL,22,4,10,"1,740.00","17,400.00"
2021-04-28,2021042805001996,NICLBSL,22,4,30,"1,740.00","52,200.00"
2021-04-28,2021042805001993,NICLBSL,22,6,10,"1,740.00","17,400.00"
2021-04-28,2021042805001972,NICLBSL,22,48,10,"1,740.00","17,400.00"
2021-04-28,2021042805001971,NICLBSL,26,48,280,"1,740.00","487,200.00"
2021-04-28,2021042805001970,NICLBSL,57,48,10,"1,740.00","17,400.00"
2021-04-28,2021042805002011,NICLBSL,26,4,96,"1,736.00","166,656.00"
2021-04-28,2021042805002010,NICLBSL,21,4,20,"1,737.00","34,740.00"
2021-04-28,2021042805002009,NICLBSL,32,4,10,"1,737.00","17,370.00"
2021-04-28,2021042805002008,NICLBSL,25,4,10,"1,737.00","17,370.00"
2021-04-28,2021042805002007,NICLBSL,6,46,10,"1,738.00","17,380.00"
2021-04-28,2021042805001998,NICLBSL,32,4,10,"1,740.00","17,400.00"
2021-04-28,2021042805002031,NICLBSL,22,19,10,"1,738.00","17,380.00"
2021-04-28,2021042805002029,NICLBSL,34,51,10,"1,736.00","17,360.00"
2021-04-28,2021042805002028,NICLBSL,34,57,36,"1,736.00","62,496.00"
2021-04-28,2021042805002027,NICLBSL,38,13,10,"1,736.00","17,360.00"
2021-04-28,2021042805002023,NICLBSL,38,51,10,"1,736.00","17,360.00"
2021-04-28,2021042805002014,NICLBSL,32,1,10,"1,736.00","17,360.00"
2021-04-28,2021042805002048,NICLBSL,34,33,20,"1,736.00","34,720.00"
2021-04-28,2021042805002046,NICLBSL,34,58,18,"1,736.00","31,248.00"
2021-04-28,2021042805002045,NICLBSL,34,45,10,"1,736.00","17,360.00"
2021-04-28,2021042805002041,NICLBSL,34,3,10,"1,736.00","17,360.00"
2021-04-28,2021042805002034,NICLBSL,34,10,10,"1,736.00","17,360.00"
2021-04-28,2021042805002033,NICLBSL,34,39,10,"1,736.00","17,360.00"
2021-04-28,2021042805002064,NICLBSL,6,42,70,"1,736.00","121,520.00"
2021-04-28,2021042805002060,NICLBSL,6,33,10,"1,736.00","17,360.00"
2021-04-28,2021042805002055,NICLBSL,6,33,20,"1,736.00","34,720.00"
2021-04-28,2021042805002054,NICLBSL,49,33,10,"1,736.00","17,360.00"
2021-04-28,2021042805002052,NICLBSL,49,33,10,"1,736.00","17,360.00"
2021-04-28,2021042805002049,NICLBSL,49,3,10,"1,736.00","17,360.00"
2021-04-28,2021042805002077,NICLBSL,46,44,10,"1,735.00","17,350.00"
2021-04-28,2021042805002076,NICLBSL,49,44,40,"1,735.00","69,400.00"
2021-04-28,2021042805002075,NICLBSL,57,44,20,"1,735.00","34,700.00"
2021-04-28,2021042805002067,NICLBSL,57,42,20,"1,735.00","34,700.00"
2021-04-28,2021042805002066,NICLBSL,34,42,50,"1,735.00","86,750.00"
2021-04-28,2021042805002065,NICLBSL,22,42,100,"1,735.00","173,500.00"
2021-04-28,2021042805002083,NICLBSL,45,44,20,"1,734.00","34,680.00"
2021-04-28,2021042805002082,NICLBSL,49,44,20,"1,734.00","34,680.00"
2021-04-28,2021042805002081,NICLBSL,21,44,30,"1,735.00","52,050.00"
2021-04-28,2021042805002080,NICLBSL,58,44,20,"1,735.00","34,700.00"
2021-04-28,2021042805002079,NICLBSL,38,44,50,"1,735.00","86,750.00"
2021-04-28,2021042805002078,NICLBSL,47,44,50,"1,735.00","86,750.00"
2021-04-28,2021042805002091,NICLBSL,19,44,40,"1,735.00","69,400.00"
2021-04-28,2021042805002089,NICLBSL,19,5,10,"1,735.00","17,350.00"
2021-04-28,2021042805002087,NICLBSL,37,44,412,"1,732.00","713,584.00"
2021-04-28,2021042805002086,NICLBSL,55,44,50,"1,733.00","86,650.00"
2021-04-28,2021042805002085,NICLBSL,33,44,90,"1,733.00","155,970.00"
2021-04-28,2021042805002084,NICLBSL,58,44,23,"1,734.00","39,882.00"
2021-04-28,2021042805002103,NICLBSL,36,7,20,"1,730.00","34,600.00"
2021-04-28,2021042805002098,NICLBSL,36,57,10,"1,730.00","17,300.00"
2021-04-28,2021042805002097,NICLBSL,34,54,10,"1,739.00","17,390.00"
2021-04-28,2021042805002095,NICLBSL,36,44,282,"1,730.00","487,860.00"
2021-04-28,2021042805002094,NICLBSL,38,44,100,"1,731.00","173,100.00"
2021-04-28,2021042805002093,NICLBSL,37,44,78,"1,732.00","135,096.00"
2021-04-28,2021042805002112,NICLBSL,34,45,43,"1,730.00","74,390.00"
2021-04-28,2021042805002111,NICLBSL,49,45,300,"1,730.00","519,000.00"
2021-04-28,2021042805002110,NICLBSL,36,45,157,"1,730.00","271,610.00"
2021-04-28,2021042805002108,NICLBSL,36,7,10,"1,730.00","17,300.00"
2021-04-28,2021042805002107,NICLBSL,25,7,10,"1,731.00","17,310.00"
2021-04-28,2021042805002105,NICLBSL,25,8,10,"1,731.00","17,310.00"
2021-04-28,2021042805002121,NICLBSL,41,7,10,"1,730.00","17,300.00"
2021-04-28,2021042805002119,NICLBSL,41,51,10,"1,730.00","17,300.00"
2021-04-28,2021042805002118,NICLBSL,41,7,10,"1,730.00","17,300.00"
2021-04-28,2021042805002116,NICLBSL,41,7,10,"1,730.00","17,300.00"
2021-04-28,2021042805002114,NICLBSL,41,7,10,"1,730.00","17,300.00"
2021-04-28,2021042805002113,NICLBSL,41,8,10,"1,730.00","17,300.00"
2021-04-28,2021042805002133,NICLBSL,34,7,10,"1,730.00","17,300.00"
2021-04-28,2021042805002131,NICLBSL,34,7,10,"1,730.00","17,300.00"
2021-04-28,2021042805002130,NICLBSL,41,17,10,"1,730.00","17,300.00"
2021-04-28,2021042805002128,NICLBSL,41,7,10,"1,730.00","17,300.00"
2021-04-28,2021042805002124,NICLBSL,41,40,10,"1,730.00","17,300.00"
2021-04-28,2021042805002122,NICLBSL,41,7,10,"1,730.00","17,300.00"
2021-04-28,2021042805001645,JLI,48,39,10,855.00,"8,550.00"
2021-04-28,2021042805001643,JLI,48,32,10,855.00,"8,550.00"
2021-04-28,2021042805001641,JLI,14,55,10,855.00,"8,550.00"
2021-04-28,2021042805001640,JLI,14,57,10,855.00,"8,550.00"
2021-04-28,2021042805001638,JLI,14,49,10,855.00,"8,550.00"
2021-04-28,2021042805001636,JLI,17,6,10,857.00,"8,570.00"
2021-04-28,2021042805001155,JLI,46,39,30,863.00,"25,890.00"
2021-04-28,2021042805001153,JLI,42,57,10,863.00,"8,630.00"
2021-04-28,2021042805001152,JLI,42,52,10,863.00,"8,630.00"
2021-04-28,2021042805001146,JLI,42,25,10,863.00,"8,630.00"
2021-04-28,2021042805001166,JLI,40,41,10,861.00,"8,610.00"
2021-04-28,2021042805001163,JLI,40,38,10,861.00,"8,610.00"
2021-04-28,2021042805001162,JLI,40,53,10,861.00,"8,610.00"
2021-04-28,2021042805001160,JLI,40,52,115,861.00,"99,015.00"
2021-04-28,2021042805001159,JLI,40,8,10,861.00,"8,610.00"
2021-04-28,2021042805001158,JLI,40,52,10,861.00,"8,610.00"
2021-04-28,2021042805001176,JLI,41,25,10,860.00,"8,600.00"
2021-04-28,2021042805001175,JLI,41,21,10,860.00,"8,600.00"
2021-04-28,2021042805001170,JLI,58,58,10,860.00,"8,600.00"
2021-04-28,2021042805001169,JLI,40,41,10,861.00,"8,610.00"
2021-04-28,2021042805001168,JLI,40,43,10,861.00,"8,610.00"
2021-04-28,2021042805001167,JLI,40,8,10,861.00,"8,610.00"
2021-04-28,2021042805001183,JLI,22,7,10,860.00,"8,600.00"
2021-04-28,2021042805001181,JLI,22,53,10,860.00,"8,600.00"
2021-04-28,2021042805001180,JLI,22,42,10,860.00,"8,600.00"
2021-04-28,2021042805001179,JLI,44,56,10,860.00,"8,600.00"
2021-04-28,2021042805001178,JLI,7,39,50,860.00,"43,000.00"
2021-04-28,2021042805001177,JLI,41,39,30,860.00,"25,800.00"
2021-04-28,2021042805001197,JLI,57,34,10,858.00,"8,580.00"
2021-04-28,2021042805001194,JLI,57,56,10,858.00,"8,580.00"
2021-04-28,2021042805001193,JLI,29,19,10,859.00,"8,590.00"
2021-04-28,2021042805001192,JLI,29,16,10,859.00,"8,590.00"
2021-04-28,2021042805001185,JLI,22,49,10,860.00,"8,600.00"
2021-04-28,2021042805001184,JLI,22,29,10,860.00,"8,600.00"
2021-04-28,2021042805001206,JLI,59,45,10,858.00,"8,580.00"
2021-04-28,2021042805001205,JLI,59,34,10,858.00,"8,580.00"
2021-04-28,2021042805001204,JLI,59,21,10,858.00,"8,580.00"
2021-04-28,2021042805001200,JLI,57,11,10,858.00,"8,580.00"
2021-04-28,2021042805001199,JLI,57,7,10,858.00,"8,580.00"
2021-04-28,2021042805001198,JLI,57,22,10,858.00,"8,580.00"
2021-04-28,2021042805001214,JLI,59,45,10,858.00,"8,580.00"
2021-04-28,2021042805001213,JLI,59,49,10,858.00,"8,580.00"
2021-04-28,2021042805001210,JLI,59,21,10,858.00,"8,580.00"
2021-04-28,2021042805001209,JLI,59,7,10,858.00,"8,580.00"
2021-04-28,2021042805001208,JLI,59,34,10,858.00,"8,580.00"
2021-04-28,2021042805001207,JLI,59,56,10,858.00,"8,580.00"
2021-04-28,2021042805001221,JLI,59,18,10,858.00,"8,580.00"
2021-04-28,2021042805001220,JLI,59,21,10,858.00,"8,580.00"
2021-04-28,2021042805001219,JLI,59,18,10,858.00,"8,580.00"
2021-04-28,2021042805001217,JLI,59,21,10,858.00,"8,580.00"
2021-04-28,2021042805001216,JLI,59,11,10,858.00,"8,580.00"
2021-04-28,2021042805001215,JLI,59,56,10,858.00,"8,580.00"
2021-04-28,2021042805001231,JLI,5,21,10,858.00,"8,580.00"
2021-04-28,2021042805001230,JLI,59,16,10,858.00,"8,580.00"
2021-04-28,2021042805001225,JLI,59,18,10,858.00,"8,580.00"
2021-04-28,2021042805001224,JLI,59,21,10,858.00,"8,580.00"
2021-04-28,2021042805001223,JLI,59,18,10,858.00,"8,580.00"
2021-04-28,2021042805001222,JLI,59,21,10,858.00,"8,580.00"
2021-04-28,2021042805001238,JLI,36,21,10,857.00,"8,570.00"
2021-04-28,2021042805001236,JLI,36,37,10,857.00,"8,570.00"
2021-04-28,2021042805001235,JLI,36,53,10,857.00,"8,570.00"
2021-04-28,2021042805001234,JLI,36,21,10,857.00,"8,570.00"
2021-04-28,2021042805001233,JLI,21,16,10,858.00,"8,580.00"
2021-04-28,2021042805001232,JLI,1,58,10,859.00,"8,590.00"
2021-04-28,2021042805001248,JLI,36,21,10,857.00,"8,570.00"
2021-04-28,2021042805001247,JLI,36,38,10,857.00,"8,570.00"
2021-04-28,2021042805001246,JLI,57,57,10,858.00,"8,580.00"
2021-04-28,2021042805001245,JLI,57,34,10,858.00,"8,580.00"
2021-04-28,2021042805001241,JLI,36,21,10,857.00,"8,570.00"
2021-04-28,2021042805001240,JLI,36,7,10,857.00,"8,570.00"
2021-04-28,2021042805001254,JLI,36,58,10,857.00,"8,570.00"
2021-04-28,2021042805001253,JLI,36,51,10,857.00,"8,570.00"
2021-04-28,2021042805001252,JLI,36,21,10,857.00,"8,570.00"
2021-04-28,2021042805001251,JLI,36,43,10,857.00,"8,570.00"
2021-04-28,2021042805001250,JLI,36,46,10,857.00,"8,570.00"
2021-04-28,2021042805001249,JLI,36,51,10,857.00,"8,570.00"
2021-04-28,2021042805001261,JLI,36,51,10,857.00,"8,570.00"
2021-04-28,2021042805001260,JLI,38,43,10,858.00,"8,580.00"
2021-04-28,2021042805001259,JLI,36,51,10,857.00,"8,570.00"
2021-04-28,2021042805001258,JLI,36,43,10,857.00,"8,570.00"
2021-04-28,2021042805001257,JLI,36,56,10,857.00,"8,570.00"
2021-04-28,2021042805001256,JLI,36,21,10,857.00,"8,570.00"
2021-04-28,2021042805001267,JLI,36,52,10,857.00,"8,570.00"
2021-04-28,2021042805001266,JLI,36,51,10,857.00,"8,570.00"
2021-04-28,2021042805001265,JLI,36,43,10,857.00,"8,570.00"
2021-04-28,2021042805001264,JLI,36,51,10,857.00,"8,570.00"
2021-04-28,2021042805001263,JLI,36,43,10,857.00,"8,570.00"
2021-04-28,2021042805001262,JLI,36,52,10,857.00,"8,570.00"
2021-04-28,2021042805001278,JLI,36,51,10,857.00,"8,570.00"
2021-04-28,2021042805001277,JLI,36,52,10,857.00,"8,570.00"
2021-04-28,2021042805001275,JLI,36,38,10,857.00,"8,570.00"
2021-04-28,2021042805001272,JLI,36,32,10,857.00,"8,570.00"
2021-04-28,2021042805001269,JLI,36,38,10,857.00,"8,570.00"
2021-04-28,2021042805001268,JLI,36,51,10,857.00,"8,570.00"
2021-04-28,2021042805001285,JLI,4,20,58,857.00,"49,706.00"
2021-04-28,2021042805001284,JLI,16,3,10,855.00,"8,550.00"
2021-04-28,2021042805001283,JLI,16,21,10,855.00,"8,550.00"
2021-04-28,2021042805001281,JLI,49,20,55,857.00,"47,135.00"
2021-04-28,2021042805001280,JLI,36,20,40,857.00,"34,280.00"
2021-04-28,2021042805001279,JLI,36,40,140,857.00,"119,980.00"
2021-04-28,2021042805001293,JLI,8,26,10,854.00,"8,540.00"
2021-04-28,2021042805001292,JLI,8,51,10,854.00,"8,540.00"
