Date,Transact. No.,Symbol,Buyer,Seller,Quantity,Rate,Amount
2019-05-06,2019050601007916,ADBL,19,14,230,388.00,"89,240.00"
2019-05-06,2019050601007915,ADBL,19,54,70,388.00,"27,160.00"
2019-05-06,2019050601007803,ADBL,38,6,100,387.00,"38,700.00"
2019-05-06,2019050601007802,ADBL,38,39,50,387.00,"19,350.00"
2019-05-06,2019050601007801,ADBL,38,14,242,387.00,"93,654.00"
2019-05-06,2019050601007739,ADBL,49,14,"1,000",387.00,"387,000.00"
2019-05-06,2019050601008043,AKPL,48,58,13,183.00,"2,379.00"
2019-05-06,2019050601007570,AKPL,48,45,10,180.00,"1,800.00"
2019-05-06,2019050601008005,ALBSL,33,39,200,465.00,"93,000.00"
2019-05-06,2019050601007977,ALICL,41,37,100,455.00,"45,500.00"
2019-05-06,2019050601008056,BOKL,33,52,10,290.00,"2,900.00"
2019-05-06,2019050601008012,BOKL,16,40,50,286.00,"14,300.00"
2019-05-06,2019050601007959,BOKL,57,25,632,285.00,"180,120.00"
2019-05-06,2019050601007950,BOKL,16,25,358,285.00,"102,030.00"
2019-05-06,2019050601007949,BOKL,16,53,632,284.00,"179,488.00"
2019-05-06,2019050601007633,BOKL,35,52,140,281.00,"39,340.00"
2019-05-06,2019050601007750,BOKL,1,25,10,285.00,"2,850.00"
2019-05-06,2019050601007715,BOKL,1,8,237,282.00,"66,834.00"
2019-05-06,2019050601007667,BOKL,57,8,"1,000",282.00,"282,000.00"
2019-05-06,2019050601007634,BOKL,35,8,360,282.00,"101,520.00"
2019-05-06,2019050601007928,BPCL,1,34,28,375.00,"10,500.00"
2019-05-06,2019050601007738,BPCL,22,56,500,375.00,"187,500.00"
2019-05-06,2019050601007737,BPCL,22,56,159,374.00,"59,466.00"
2019-05-06,2019050601007731,BPCL,22,56,200,374.00,"74,800.00"
2019-05-06,2019050601008052,CBBL,49,21,10,962.00,"9,620.00"
2019-05-06,2019050601007925,CBL,6,37,"1,000",155.00,"155,000.00"
2019-05-06,2019050601007914,CBL,14,44,662,155.00,"102,610.00"
2019-05-06,2019050601007911,CBL,40,44,"1,331",155.00,"206,305.00"
2019-05-06,2019050601007910,CBL,40,48,169,155.00,"26,195.00"
2019-05-06,2019050601007877,CBL,7,48,831,155.00,"128,805.00"
2019-05-06,2019050601007876,CBL,7,13,169,155.00,"26,195.00"
2019-05-06,2019050601007831,CBL,6,49,160,155.00,"24,800.00"
2019-05-06,2019050601007830,CBL,6,50,340,155.00,"52,700.00"
2019-05-06,2019050601007875,CBL,56,13,101,155.00,"15,655.00"
2019-05-06,2019050601007874,CBL,56,41,899,155.00,"139,345.00"
2019-05-06,2019050601007864,CBL,6,13,730,155.00,"113,150.00"
2019-05-06,2019050601007863,CBL,6,39,50,155.00,"7,750.00"
2019-05-06,2019050601007862,CBL,6,37,100,155.00,"15,500.00"
2019-05-06,2019050601007861,CBL,6,49,120,155.00,"18,600.00"
2019-05-06,2019050601007954,CCBL,1,32,190,176.00,"33,440.00"
2019-05-06,2019050601007859,CCBL,34,37,10,176.00,"1,760.00"
2019-05-06,2019050601007730,CCBL,34,48,"1,000",175.00,"175,000.00"
2019-05-06,2019050601007729,CCBL,34,53,440,175.00,"77,000.00"
2019-05-06,2019050601007591,CCBL,14,53,400,175.00,"70,000.00"
2019-05-06,2019050601007853,CHCL,46,17,500,536.00,"268,000.00"
2019-05-06,2019050601007847,CHLBS,8,44,10,486.00,"4,860.00"
2019-05-06,2019050601007846,CHLBS,8,6,10,485.00,"4,850.00"
2019-05-06,2019050601007845,CHLBS,8,6,10,485.00,"4,850.00"
2019-05-06,2019050601007930,CIT,42,25,17,"2,523.00","42,891.00"
2019-05-06,2019050601007746,CIT,7,51,10,"2,510.00","25,100.00"
2019-05-06,2019050601007745,CIT,41,51,10,"2,510.00","25,100.00"
2019-05-06,2019050601007744,CIT,16,51,10,"2,515.00","25,150.00"
2019-05-06,2019050601007671,CLBSL,57,28,119,565.00,"67,235.00"
2019-05-06,2019050601007642,CLBSL,57,45,50,562.00,"28,100.00"
2019-05-06,2019050601007996,CMF1,26,21,"10,000",10.00,"100,000.00"
2019-05-06,2019050601007995,CMF1,26,54,"1,000",10.00,"10,000.00"
2019-05-06,2019050601007895,CZBIL,59,8,200,229.00,"45,800.00"
2019-05-06,2019050601007965,DBBL,39,43,89,133.00,"11,837.00"
2019-05-06,2019050601007748,DDBL,38,17,15,733.00,"10,995.00"
2019-05-06,2019050601008031,EBL,57,50,20,675.00,"13,500.00"
2019-05-06,2019050601008004,EBL,29,29,7,658.00,"4,606.00"
2019-05-06,2019050601007971,EBL,42,42,100,665.00,"66,500.00"
2019-05-06,2019050601007849,EBL,21,42,50,671.00,"33,550.00"
2019-05-06,2019050601007753,EBL,21,41,100,671.00,"67,100.00"
2019-05-06,2019050601007702,EBL,21,36,50,671.00,"33,550.00"
2019-05-06,2019050601007625,EBL,20,36,50,671.00,"33,550.00"
2019-05-06,2019050601007624,EBL,20,45,150,671.00,"100,650.00"
2019-05-06,2019050601007623,EBL,20,1,100,670.00,"67,000.00"
2019-05-06,2019050601007622,EBL,20,20,100,670.00,"67,000.00"
2019-05-06,2019050601007621,EBL,20,22,100,670.00,"67,000.00"
2019-05-06,2019050601007953,EIC,39,18,10,433.00,"4,330.00"
2019-05-06,2019050601007943,EIC,21,49,172,432.00,"74,304.00"
2019-05-06,2019050601007942,EIC,21,7,25,431.00,"10,775.00"
2019-05-06,2019050601007881,EIC,19,49,305,430.00,"131,150.00"
2019-05-06,2019050601007711,EIC,19,25,270,425.00,"114,750.00"
2019-05-06,2019050601007710,EIC,57,25,30,426.00,"12,780.00"
2019-05-06,2019050601007669,EIC,48,49,20,430.00,"8,600.00"
2019-05-06,2019050601007632,EIC,57,20,20,426.00,"8,520.00"
2019-05-06,2019050601007800,FMDBL,6,17,20,425.00,"8,500.00"
2019-05-06,2019050601007722,FMDBL,25,51,40,421.00,"16,840.00"
2019-05-06,2019050601007721,FMDBL,6,51,10,421.00,"4,210.00"
2019-05-06,2019050601007957,FOWAD,33,14,35,"1,540.00","53,900.00"
2019-05-06,2019050601007666,GBBL,58,41,100,220.00,"22,000.00"
2019-05-06,2019050601007665,GBBL,58,22,340,220.00,"74,800.00"
2019-05-06,2019050601007664,GBBL,58,57,10,220.00,"2,200.00"
2019-05-06,2019050601007663,GBBL,58,41,700,220.00,"154,000.00"
2019-05-06,2019050601008036,GBIME,49,11,130,313.00,"40,690.00"
2019-05-06,2019050601008035,GBIME,49,32,15,313.00,"4,695.00"
2019-05-06,2019050601008034,GBIME,49,55,355,313.00,"111,115.00"
2019-05-06,2019050601007991,GBIME,21,55,100,313.00,"31,300.00"
2019-05-06,2019050601007815,GBIME,49,55,45,313.00,"14,085.00"
2019-05-06,2019050601007814,GBIME,49,34,455,313.00,"142,415.00"
2019-05-06,2019050601007796,GBIME,48,34,100,313.00,"31,300.00"
2019-05-06,2019050601007726,GBIME,36,34,663,313.00,"207,519.00"
2019-05-06,2019050601007725,GBIME,36,44,337,313.00,"105,481.00"
2019-05-06,2019050601007878,GBLBS,47,55,10,361.00,"3,610.00"
2019-05-06,2019050601007734,GBLBS,13,13,400,367.00,"146,800.00"
2019-05-06,2019050601007733,GBLBS,13,56,300,367.00,"110,100.00"
2019-05-06,2019050601007732,GBLBS,13,55,50,367.00,"18,350.00"
2019-05-06,2019050601007693,GBLBS,13,45,500,366.00,"183,000.00"
2019-05-06,2019050601007692,GBLBS,13,5,100,365.00,"36,500.00"
2019-05-06,2019050601007685,GBLBS,13,44,10,363.00,"3,630.00"
2019-05-06,2019050601007691,GBLBS,13,32,400,365.00,"146,000.00"
2019-05-06,2019050601007690,GBLBS,13,42,200,364.00,"72,800.00"
2019-05-06,2019050601007689,GBLBS,13,7,10,364.00,"3,640.00"
2019-05-06,2019050601007688,GBLBS,13,7,10,364.00,"3,640.00"
2019-05-06,2019050601007687,GBLBS,13,7,10,364.00,"3,640.00"
2019-05-06,2019050601007686,GBLBS,13,7,10,364.00,"3,640.00"
2019-05-06,2019050601008000,GDBL,25,25,20,213.00,"4,260.00"
2019-05-06,2019050601007610,GLICL,58,57,50,570.00,"28,500.00"
2019-05-06,2019050601007609,GLICL,58,22,250,570.00,"142,500.00"
2019-05-06,2019050601007608,GLICL,58,5,300,569.00,"170,700.00"
2019-05-06,2019050601007607,GLICL,58,6,100,568.00,"56,800.00"
2019-05-06,2019050601008001,HBL,36,48,10,590.00,"5,900.00"
2019-05-06,2019050601007978,HBL,25,48,20,590.00,"11,800.00"
2019-05-06,2019050601007975,HBL,16,48,20,590.00,"11,800.00"
2019-05-06,2019050601007924,HBL,37,42,300,582.00,"174,600.00"
2019-05-06,2019050601007807,HBL,21,48,183,590.00,"107,970.00"
2019-05-06,2019050601007806,HBL,21,33,17,590.00,"10,030.00"
2019-05-06,2019050601007844,HDL,17,25,10,"1,500.00","15,000.00"
2019-05-06,2019050601007843,HDL,17,33,20,"1,490.00","29,800.00"
2019-05-06,2019050601007842,HDL,17,17,190,"1,490.00","283,100.00"
2019-05-06,2019050601008040,HGI,36,42,500,399.00,"199,500.00"
2019-05-06,2019050601008039,HGI,36,58,50,399.00,"19,950.00"
2019-05-06,2019050601007988,HGI,36,13,231,397.00,"91,707.00"
2019-05-06,2019050601007987,HGI,28,13,269,397.00,"106,793.00"
2019-05-06,2019050601007829,HGI,28,41,222,397.00,"88,134.00"
2019-05-06,2019050601007742,HIDCL,5,51,25,141.00,"3,525.00"
2019-05-06,2019050601007956,IGI,7,39,10,423.00,"4,230.00"
2019-05-06,2019050601007647,IGI,7,49,90,418.00,"37,620.00"
2019-05-06,2019050601007990,JBBL,40,11,500,142.00,"71,000.00"
2019-05-06,2019050601007989,JBBL,40,25,45,141.00,"6,345.00"
2019-05-06,2019050601007994,JBNL,58,48,100,208.00,"20,800.00"
2019-05-06,2019050601007983,JBNL,58,59,412,207.00,"85,284.00"
2019-05-06,2019050601007972,JBNL,58,59,88,207.00,"18,216.00"
2019-05-06,2019050601007969,JBNL,58,39,212,207.00,"43,884.00"
2019-05-06,2019050601007945,JBNL,58,48,500,207.00,"103,500.00"
2019-05-06,2019050601007922,JBNL,58,22,500,207.00,"103,500.00"
2019-05-06,2019050601007757,JBNL,58,39,81,204.00,"16,524.00"
2019-05-06,2019050601007668,JBNL,58,33,275,203.00,"55,825.00"
2019-05-06,2019050601007604,JBNL,5,39,419,204.00,"85,476.00"
2019-05-06,2019050601007603,JBNL,5,20,100,204.00,"20,400.00"
2019-05-06,2019050601007602,JBNL,5,34,481,204.00,"98,124.00"
2019-05-06,2019050601007763,JBNL,58,8,100,205.00,"20,500.00"
2019-05-06,2019050601007762,JBNL,58,32,500,204.00,"102,000.00"
2019-05-06,2019050601007761,JBNL,58,53,200,204.00,"40,800.00"
2019-05-06,2019050601007760,JBNL,58,40,"2,000",204.00,"408,000.00"
2019-05-06,2019050601007759,JBNL,58,40,"1,000",204.00,"204,000.00"
2019-05-06,2019050601007758,JBNL,58,48,500,204.00,"102,000.00"
2019-05-06,2019050601007769,JBNL,58,33,"1,000",205.00,"205,000.00"
2019-05-06,2019050601007768,JBNL,58,42,"3,000",205.00,"615,000.00"
2019-05-06,2019050601007767,JBNL,58,53,500,205.00,"102,500.00"
2019-05-06,2019050601007766,JBNL,58,53,300,205.00,"61,500.00"
2019-05-06,2019050601007765,JBNL,58,45,779,205.00,"159,695.00"
2019-05-06,2019050601007764,JBNL,58,4,500,205.00,"102,500.00"
2019-05-06,2019050601007775,JBNL,58,50,"1,000",205.00,"205,000.00"
2019-05-06,2019050601007774,JBNL,58,59,300,205.00,"61,500.00"
2019-05-06,2019050601007773,JBNL,58,41,"5,000",205.00,"1,025,000.00"
2019-05-06,2019050601007772,JBNL,58,36,282,205.00,"57,810.00"
2019-05-06,2019050601007771,JBNL,58,25,200,205.00,"41,000.00"
2019-05-06,2019050601007770,JBNL,58,8,100,205.00,"20,500.00"
2019-05-06,2019050601007838,JBNL,58,34,300,206.00,"61,800.00"
2019-05-06,2019050601007780,JBNL,58,57,150,205.00,"30,750.00"
2019-05-06,2019050601007779,JBNL,58,41,250,205.00,"51,250.00"
2019-05-06,2019050601007778,JBNL,58,19,191,205.00,"39,155.00"
2019-05-06,2019050601007777,JBNL,58,52,80,205.00,"16,400.00"
2019-05-06,2019050601007776,JBNL,58,25,200,205.00,"41,000.00"
2019-05-06,2019050601007921,JBNL,58,28,500,207.00,"103,500.00"
2019-05-06,2019050601007920,JBNL,58,17,250,207.00,"51,750.00"
2019-05-06,2019050601007919,JBNL,58,8,200,207.00,"41,400.00"
2019-05-06,2019050601007903,JBNL,58,34,400,206.00,"82,400.00"
2019-05-06,2019050601007840,JBNL,58,48,832,206.00,"171,392.00"
2019-05-06,2019050601007839,JBNL,58,22,500,206.00,"103,000.00"
2019-05-06,2019050601007885,JSLBB,17,1,20,"2,100.00","42,000.00"
2019-05-06,2019050601007784,KBBL,5,56,500,227.00,"113,500.00"
2019-05-06,2019050601008024,KBL,51,28,10,229.00,"2,290.00"
2019-05-06,2019050601008023,KBL,51,39,500,228.00,"114,000.00"
2019-05-06,2019050601007984,KBL,51,26,"1,000",227.00,"227,000.00"
2019-05-06,2019050601007973,KMCDB,52,37,50,734.00,"36,700.00"
2019-05-06,2019050601007585,KNBL,33,1,100,131.00,"13,100.00"
2019-05-06,2019050601007584,KNBL,33,41,"4,100",131.00,"537,100.00"
2019-05-06,2019050601007583,KSBBL,14,57,260,148.00,"38,480.00"
2019-05-06,2019050601007992,LBBL,5,26,75,195.00,"14,625.00"
2019-05-06,2019050601007597,LBBL,32,26,500,195.00,"97,500.00"
2019-05-06,2019050601007596,LBBL,5,26,625,195.00,"121,875.00"
2019-05-06,2019050601007813,LBL,57,21,320,228.00,"72,960.00"
2019-05-06,2019050601007812,LBL,35,21,145,228.00,"33,060.00"
2019-05-06,2019050601007811,LBL,49,21,"1,000",229.00,"229,000.00"
2019-05-06,2019050601007810,LBL,26,21,"1,000",229.00,"229,000.00"
2019-05-06,2019050601007809,LBL,26,21,135,229.00,"30,915.00"
2019-05-06,2019050601007808,LBL,50,21,100,230.00,"23,000.00"
2019-05-06,2019050601007701,LBL,49,45,200,230.00,"46,000.00"
2019-05-06,2019050601007700,LBL,49,32,26,230.00,"5,980.00"
2019-05-06,2019050601008055,LGIL,48,32,10,523.00,"5,230.00"
2019-05-06,2019050601007893,LICN,14,39,10,"1,870.00","18,700.00"
2019-05-06,2019050601007952,MBL,58,38,563,270.00,"152,010.00"
2019-05-06,2019050601007951,MBL,58,44,475,270.00,"128,250.00"
2019-05-06,2019050601007937,MBL,58,44,136,270.00,"36,720.00"
2019-05-06,2019050601007936,MBL,58,25,481,270.00,"129,870.00"
2019-05-06,2019050601007935,MBL,58,49,40,270.00,"10,800.00"
2019-05-06,2019050601007934,MBL,58,59,300,270.00,"81,000.00"
2019-05-06,2019050601007627,MBL,57,44,"1,000",268.00,"268,000.00"
2019-05-06,2019050601007626,MBL,17,44,453,268.00,"121,404.00"
2019-05-06,2019050601007598,MBL,17,21,547,268.00,"146,596.00"
2019-05-06,2019050601007933,MBL,58,34,43,270.00,"11,610.00"
2019-05-06,2019050601007918,MBL,43,34,930,270.00,"251,100.00"
2019-05-06,2019050601007917,MBL,43,43,70,270.00,"18,900.00"
2019-05-06,2019050601007879,MBL,50,28,500,269.00,"134,500.00"
2019-05-06,2019050601007841,MBL,25,47,500,269.00,"134,500.00"
2019-05-06,2019050601007697,MBL,43,44,"1,000",269.00,"269,000.00"
2019-05-06,2019050601007837,MEGA,14,48,10,193.00,"1,930.00"
2019-05-06,2019050601007836,MEGA,14,48,"1,000",192.00,"192,000.00"
2019-05-06,2019050601007835,MEGA,14,48,650,192.00,"124,800.00"
2019-05-06,2019050601007790,MEGA,14,1,421,190.00,"79,990.00"
2019-05-06,2019050601007789,MEGA,14,48,500,190.00,"95,000.00"
2019-05-06,2019050601007788,MEGA,14,48,900,190.00,"171,000.00"
2019-05-06,2019050601007787,MEGA,14,49,723,190.00,"137,370.00"
2019-05-06,2019050601007786,MEGA,14,1,500,190.00,"95,000.00"
2019-05-06,2019050601007785,MEGA,14,25,150,190.00,"28,500.00"
2019-05-06,2019050601007752,MEGA,20,48,56,188.00,"10,528.00"
2019-05-06,2019050601008050,MERO,25,38,25,635.00,"15,875.00"
2019-05-06,2019050601007929,MLBL,25,41,10,195.00,"1,950.00"
2019-05-06,2019050601007588,MLBL,25,38,162,192.00,"31,104.00"
2019-05-06,2019050601008030,MNBBL,6,48,"2,000",389.00,"778,000.00"
2019-05-06,2019050601007968,MNBBL,29,11,60,387.00,"23,220.00"
2019-05-06,2019050601007743,MNBBL,50,48,500,389.00,"194,500.00"
2019-05-06,2019050601007741,MNBBL,28,48,200,389.00,"77,800.00"
2019-05-06,2019050601007699,MNBBL,35,48,"4,699",389.00,"1,827,911.00"
2019-05-06,2019050601007698,MNBBL,35,25,301,389.00,"117,089.00"
2019-05-06,2019050601007557,MNBBL,10,48,20,389.00,"7,780.00"
2019-05-06,2019050601007946,MSLB,58,45,18,"1,193.00","21,474.00"
2019-05-06,2019050601007659,MSLB,58,51,23,"1,170.00","26,910.00"
2019-05-06,2019050601007658,MSLB,58,51,98,"1,160.00","113,680.00"
2019-05-06,2019050601008028,NABIL,40,6,284,851.00,"241,684.00"
2019-05-06,2019050601008010,NABIL,10,6,560,851.00,"476,560.00"
2019-05-06,2019050601008009,NABIL,58,6,131,851.00,"111,481.00"
2019-05-06,2019050601007852,NABIL,5,6,25,855.00,"21,375.00"
2019-05-06,2019050601007747,NABIL,58,3,69,851.00,"58,719.00"
2019-05-06,2019050601007713,NABIL,5,3,10,851.00,"8,510.00"
2019-05-06,2019050601007712,NABIL,5,3,100,849.00,"84,900.00"
2019-05-06,2019050601007586,NABIL,5,41,100,849.00,"84,900.00"
2019-05-06,2019050601007617,NADEP,34,51,10,510.00,"5,100.00"
2019-05-06,2019050601007616,NADEP,34,51,10,510.00,"5,100.00"
2019-05-06,2019050601007615,NADEP,34,39,10,510.00,"5,100.00"
2019-05-06,2019050601007614,NADEP,34,39,10,510.00,"5,100.00"
2019-05-06,2019050601007613,NADEP,34,51,10,510.00,"5,100.00"
2019-05-06,2019050601007705,NADEP,14,51,100,507.00,"50,700.00"
2019-05-06,2019050601007620,NADEP,34,51,10,510.00,"5,100.00"
2019-05-06,2019050601007619,NADEP,34,51,10,510.00,"5,100.00"
2019-05-06,2019050601007618,NADEP,34,51,10,510.00,"5,100.00"
2019-05-06,2019050601007834,NBB,25,45,255,231.00,"58,905.00"
2019-05-06,2019050601007724,NBB,25,47,45,231.00,"10,395.00"
2019-05-06,2019050601007723,NBB,16,47,455,231.00,"105,105.00"
2019-05-06,2019050601007587,NBB,16,38,100,231.00,"23,100.00"
2019-05-06,2019050601007574,NBB,16,32,445,231.00,"102,795.00"
2019-05-06,2019050601007573,NBB,58,32,55,231.00,"12,705.00"
2019-05-06,2019050601008051,NBL,33,25,50,315.00,"15,750.00"
2019-05-06,2019050601008026,NBL,5,25,50,315.00,"15,750.00"
2019-05-06,2019050601007970,NBL,6,47,200,314.00,"62,800.00"
2019-05-06,2019050601007926,NBL,7,25,250,315.00,"78,750.00"
2019-05-06,2019050601007913,NBL,13,25,200,315.00,"63,000.00"
2019-05-06,2019050601007855,NBL,40,25,500,315.00,"157,500.00"
2019-05-06,2019050601007816,NBL,13,25,500,315.00,"157,500.00"
2019-05-06,2019050601007783,NBL,35,25,"2,147",315.00,"676,305.00"
2019-05-06,2019050601007751,NBL,14,25,300,315.00,"94,500.00"
2019-05-06,2019050601007719,NBL,56,44,"1,000",314.00,"314,000.00"
2019-05-06,2019050601007694,NBL,5,25,100,315.00,"31,500.00"
2019-05-06,2019050601008033,NCCB,45,34,135,238.00,"32,130.00"
2019-05-06,2019050601008032,NCCB,34,34,65,238.00,"15,470.00"
2019-05-06,2019050601007948,NCCB,58,16,10,239.00,"2,390.00"
2019-05-06,2019050601007716,NCCB,34,32,358,238.00,"85,204.00"
2019-05-06,2019050601007714,NCCB,58,16,10,239.00,"2,390.00"
2019-05-06,2019050601007675,NCCB,34,32,150,238.00,"35,700.00"
2019-05-06,2019050601007674,NCCB,34,32,"1,427",238.00,"339,626.00"
2019-05-06,2019050601007673,NCCB,58,32,350,238.00,"83,300.00"
2019-05-06,2019050601007670,NCCB,58,49,150,238.00,"35,700.00"
2019-05-06,2019050601007704,NGPL,1,14,11,119.00,"1,309.00"
2019-05-06,2019050601007955,NHPC,56,7,100,72.00,"7,200.00"
2019-05-06,2019050601007941,NHPC,56,7,"1,000",71.00,"71,000.00"
2019-05-06,2019050601007909,NHPC,17,56,10,70.00,700.00
2019-05-06,2019050601007898,NIB,45,38,199,565.00,"112,435.00"
2019-05-06,2019050601007799,NIB,45,29,250,565.00,"141,250.00"
2019-05-06,2019050601007798,NIB,45,44,17,563.00,"9,571.00"
2019-05-06,2019050601007797,NIB,45,54,34,563.00,"19,142.00"
2019-05-06,2019050601007612,NIB,16,54,66,563.00,"37,158.00"
2019-05-06,2019050601007781,NIBPO,46,33,34,533.00,"18,122.00"
2019-05-06,2019050601007662,NIBPO,48,8,20,530.00,"10,600.00"
2019-05-06,2019050601007661,NIBPO,11,8,271,530.00,"143,630.00"
2019-05-06,2019050601007606,NIBPO,14,33,200,533.00,"106,600.00"
2019-05-06,2019050601007590,NIBPO,11,43,29,530.00,"15,370.00"
2019-05-06,2019050601007795,NICA,50,28,309,496.00,"153,264.00"
2019-05-06,2019050601007794,NICA,50,25,500,496.00,"248,000.00"
2019-05-06,2019050601007793,NICA,50,28,191,496.00,"94,736.00"
2019-05-06,2019050601007756,NICA,50,28,246,496.00,"122,016.00"
2019-05-06,2019050601007755,NICA,50,57,754,495.00,"373,230.00"
2019-05-06,2019050601007566,NICA,16,48,590,492.00,"290,280.00"
2019-05-06,2019050601007964,NICL,35,28,50,400.00,"20,000.00"
2019-05-06,2019050601007631,NICL,35,33,64,400.00,"25,600.00"
2019-05-06,2019050601007630,NICL,35,33,100,400.00,"40,000.00"
2019-05-06,2019050601008014,NIL,21,43,51,528.00,"26,928.00"
2019-05-06,2019050601007860,NIL,21,34,590,528.00,"311,520.00"
2019-05-06,2019050601007828,NIL,21,34,410,528.00,"216,480.00"
2019-05-06,2019050601007827,NIL,21,38,90,528.00,"47,520.00"
2019-05-06,2019050601007932,NLBBL,45,59,200,530.00,"106,000.00"
2019-05-06,2019050601007931,NLBBL,52,59,500,530.00,"265,000.00"
2019-05-06,2019050601007720,NLG,53,16,125,875.00,"109,375.00"
2019-05-06,2019050601007594,NLG,22,16,200,875.00,"175,000.00"
2019-05-06,2019050601008047,NLIC,42,16,222,985.00,"218,670.00"
2019-05-06,2019050601008046,NLIC,42,7,28,985.00,"27,580.00"
2019-05-06,2019050601008045,NLIC,42,50,50,984.00,"49,200.00"
2019-05-06,2019050601008044,NLIC,42,5,100,983.00,"98,300.00"
2019-05-06,2019050601008008,NLIC,49,53,200,981.00,"196,200.00"
2019-05-06,2019050601007976,NLIC,38,5,100,983.00,"98,300.00"
2019-05-06,2019050601007635,NLIC,22,6,100,981.00,"98,100.00"
2019-05-06,2019050601007892,NLIC,49,54,10,981.00,"9,810.00"
2019-05-06,2019050601007870,NLIC,49,6,100,981.00,"98,100.00"
2019-05-06,2019050601007857,NLIC,21,6,200,981.00,"196,200.00"
2019-05-06,2019050601007856,NLIC,49,56,200,980.00,"196,000.00"
2019-05-06,2019050601007851,NLIC,29,29,7,962.00,"6,734.00"
2019-05-06,2019050601007648,NLIC,34,6,300,981.00,"294,300.00"
2019-05-06,2019050601007848,NLICL,5,22,200,674.00,"134,800.00"
2019-05-06,2019050601007684,NLICL,37,22,67,674.00,"45,158.00"
2019-05-06,2019050601007683,NLICL,37,32,103,674.00,"69,422.00"
2019-05-06,2019050601007682,NLICL,37,50,20,674.00,"13,480.00"
2019-05-06,2019050601007681,NLICL,37,50,10,674.00,"6,740.00"
2019-05-06,2019050601007676,NLICL,11,53,200,670.00,"134,000.00"
2019-05-06,2019050601007660,NLICL,37,8,287,673.00,"193,151.00"
2019-05-06,2019050601007629,NLICL,11,49,52,670.00,"34,840.00"
2019-05-06,2019050601007628,NLICL,29,49,36,670.00,"24,120.00"
2019-05-06,2019050601008054,NMB,41,34,100,386.00,"38,600.00"
2019-05-06,2019050601008042,NMB,57,42,70,385.00,"26,950.00"
2019-05-06,2019050601008007,NMB,57,34,38,385.00,"14,630.00"
2019-05-06,2019050601007927,NMB,22,34,100,386.00,"38,600.00"
2019-05-06,2019050601007858,NMB,57,1,12,385.00,"4,620.00"
2019-05-06,2019050601007819,NMB,36,34,400,386.00,"154,400.00"
2019-05-06,2019050601007563,NMB,51,33,200,385.00,"77,000.00"
2019-05-06,2019050601007562,NMB,51,25,373,385.00,"143,605.00"
2019-05-06,2019050601007561,NMB,51,34,53,385.00,"20,405.00"
2019-05-06,2019050601007560,NMB,51,6,"1,026",385.00,"395,010.00"
2019-05-06,2019050601007818,NMB,36,49,100,386.00,"38,600.00"
2019-05-06,2019050601007817,NMB,36,40,500,386.00,"193,000.00"
2019-05-06,2019050601007568,NMB,57,25,110,385.00,"42,350.00"
2019-05-06,2019050601007567,NMB,57,58,144,385.00,"55,440.00"
2019-05-06,2019050601007565,NMB,51,58,226,385.00,"87,010.00"
2019-05-06,2019050601007564,NMB,51,57,"1,122",385.00,"431,970.00"
2019-05-06,2019050601008011,NMFBS,57,42,15,"1,728.00","25,920.00"
2019-05-06,2019050601007649,NMFBS,57,43,10,"1,696.00","16,960.00"
2019-05-06,2019050601007993,NSEWA,39,49,30,468.00,"14,040.00"
2019-05-06,2019050601007947,NTC,35,49,30,700.00,"21,000.00"
2019-05-06,2019050601007873,NTC,41,49,100,700.00,"70,000.00"
2019-05-06,2019050601007872,NTC,6,49,200,700.00,"140,000.00"
2019-05-06,2019050601007871,NTC,43,49,100,700.00,"70,000.00"
2019-05-06,2019050601007923,NUBL,35,21,10,870.00,"8,700.00"
2019-05-06,2019050601007805,NUBL,35,17,30,870.00,"26,100.00"
2019-05-06,2019050601007804,NUBL,35,54,20,870.00,"17,400.00"
2019-05-06,2019050601007706,NUBL,6,14,100,868.00,"86,800.00"
2019-05-06,2019050601007559,OHL,5,14,30,548.00,"16,440.00"
2019-05-06,2019050601007963,PCBL,38,42,200,357.00,"71,400.00"
2019-05-06,2019050601007880,PCBL,49,42,50,357.00,"17,850.00"
2019-05-06,2019050601007740,PCBL,17,55,50,358.00,"17,900.00"
2019-05-06,2019050601007901,PFL,25,56,11,137.00,"1,507.00"
2019-05-06,2019050601007900,PFL,25,6,100,137.00,"13,700.00"
2019-05-06,2019050601007899,PFL,25,48,36,136.00,"4,896.00"
2019-05-06,2019050601007754,PFL,25,7,90,135.00,"12,150.00"
2019-05-06,2019050601007986,PLIC,21,38,100,492.00,"49,200.00"
2019-05-06,2019050601007646,PRIN,41,17,500,427.00,"213,500.00"
2019-05-06,2019050601007645,PRIN,41,32,82,426.00,"34,932.00"
2019-05-06,2019050601007644,PRIN,41,1,22,425.00,"9,350.00"
2019-05-06,2019050601008053,PRVU,33,14,100,288.00,"28,800.00"
2019-05-06,2019050601008013,PRVU,38,14,200,288.00,"57,600.00"
2019-05-06,2019050601007902,PRVU,57,14,"1,000",288.00,"288,000.00"
2019-05-06,2019050601007896,PRVU,26,48,50,287.00,"14,350.00"
2019-05-06,2019050601007680,PRVU,26,44,450,287.00,"129,150.00"
2019-05-06,2019050601007599,PRVU,35,28,100,288.00,"28,800.00"
2019-05-06,2019050601007572,PRVU,49,8,50,287.00,"14,350.00"
2019-05-06,2019050601007679,PRVU,22,44,100,287.00,"28,700.00"
2019-05-06,2019050601007678,PRVU,49,44,450,287.00,"129,150.00"
2019-05-06,2019050601007637,PRVU,45,14,300,288.00,"86,400.00"
2019-05-06,2019050601007636,PRVU,45,14,200,288.00,"57,600.00"
2019-05-06,2019050601007601,PRVU,35,14,300,288.00,"86,400.00"
2019-05-06,2019050601007600,PRVU,35,45,100,288.00,"28,800.00"
2019-05-06,2019050601008029,RBCL,49,11,10,"10,000.00","100,000.00"
2019-05-06,2019050601008038,RBCLPO,51,42,20,"8,900.00","178,000.00"
2019-05-06,2019050601008037,RBCLPO,51,50,10,"8,850.00","88,500.00"
2019-05-06,2019050601007592,RBCLPO,58,58,10,"8,730.00","87,300.00"
2019-05-06,2019050601007595,RHPC,25,26,500,94.00,"47,000.00"
2019-05-06,2019050601008049,RMDC,50,17,119,654.00,"77,826.00"
2019-05-06,2019050601008048,RMDC,50,29,47,654.00,"30,738.00"
2019-05-06,2019050601008025,RMDC,22,29,500,654.00,"327,000.00"
2019-05-06,2019050601008006,SADBL,28,21,10,153.00,"1,530.00"
2019-05-06,2019050601007982,SADBL,26,21,"1,000",151.00,"151,000.00"
2019-05-06,2019050601007981,SADBL,49,21,"1,000",151.00,"151,000.00"
2019-05-06,2019050601007980,SADBL,49,21,336,151.00,"50,736.00"
2019-05-06,2019050601007979,SADBL,25,21,200,152.00,"30,400.00"
2019-05-06,2019050601007985,SANIMA,4,36,"1,000",356.00,"356,000.00"
2019-05-06,2019050601007966,SANIMA,34,36,"1,000",357.00,"357,000.00"
2019-05-06,2019050601007958,SANIMA,34,36,146,358.00,"52,268.00"
2019-05-06,2019050601007907,SANIMA,34,48,500,358.00,"179,000.00"
2019-05-06,2019050601007906,SANIMA,34,49,274,358.00,"98,092.00"
2019-05-06,2019050601007905,SANIMA,34,34,200,358.00,"71,600.00"
2019-05-06,2019050601007904,SANIMA,34,57,880,357.00,"314,160.00"
2019-05-06,2019050601007897,SANIMA,11,57,70,357.00,"24,990.00"
2019-05-06,2019050601007850,SANIMA,37,57,50,357.00,"17,850.00"
2019-05-06,2019050601007782,SBI,48,28,300,497.00,"149,100.00"
2019-05-06,2019050601007736,SBI,48,41,200,496.00,"99,200.00"
2019-05-06,2019050601007735,SBI,48,42,500,496.00,"248,000.00"
2019-05-06,2019050601007974,SBL,51,44,100,349.00,"34,900.00"
2019-05-06,2019050601007696,SBL,16,8,10,350.00,"3,500.00"
2019-05-06,2019050601007695,SBL,16,42,50,345.00,"17,250.00"
2019-05-06,2019050601008019,SCB,34,57,20,710.00,"14,200.00"
2019-05-06,2019050601008018,SCB,34,35,100,710.00,"71,000.00"
2019-05-06,2019050601008017,SCB,34,40,40,709.00,"28,360.00"
2019-05-06,2019050601008016,SCB,34,20,40,705.00,"28,200.00"
2019-05-06,2019050601008015,SCB,43,20,60,705.00,"42,300.00"
2019-05-06,2019050601007997,SCB,58,40,10,709.00,"7,090.00"
2019-05-06,2019050601007939,SCB,43,16,40,705.00,"28,200.00"
2019-05-06,2019050601007938,SCB,21,16,60,705.00,"42,300.00"
2019-05-06,2019050601008027,SDESI,43,4,10,637.00,"6,370.00"
2019-05-06,2019050601007944,SDESI,19,1,20,642.00,"12,840.00"
2019-05-06,2019050601007940,SDESI,43,8,29,637.00,"18,473.00"
2019-05-06,2019050601008021,SHIVM,17,25,40,388.00,"15,520.00"
2019-05-06,2019050601008003,SHIVM,18,25,10,388.00,"3,880.00"
2019-05-06,2019050601008002,SHIVM,18,58,10,388.00,"3,880.00"
2019-05-06,2019050601007967,SHIVM,22,58,40,388.00,"15,520.00"
2019-05-06,2019050601007962,SHIVM,42,29,100,390.00,"39,000.00"
2019-05-06,2019050601007894,SHIVM,22,34,50,388.00,"19,400.00"
2019-05-06,2019050601007579,SHIVM,43,42,40,385.00,"15,400.00"
2019-05-06,2019050601007578,SHIVM,34,42,50,386.00,"19,300.00"
2019-05-06,2019050601007577,SHIVM,58,42,500,388.00,"194,000.00"
2019-05-06,2019050601007576,SHIVM,48,42,"1,000",388.00,"388,000.00"
2019-05-06,2019050601007575,SHIVM,56,42,"1,000",389.00,"389,000.00"
2019-05-06,2019050601007571,SHIVM,26,59,50,390.00,"19,500.00"
2019-05-06,2019050601007651,SHIVM,34,50,110,392.00,"43,120.00"
2019-05-06,2019050601007611,SHIVM,18,50,10,392.00,"3,920.00"
2019-05-06,2019050601007593,SHIVM,52,42,210,385.00,"80,850.00"
2019-05-06,2019050601007582,SHIVM,21,42,200,385.00,"77,000.00"
2019-05-06,2019050601007581,SHIVM,45,42,"1,000",385.00,"385,000.00"
2019-05-06,2019050601007580,SHIVM,52,42,"1,000",385.00,"385,000.00"
2019-05-06,2019050601007657,SHIVM,34,49,440,393.00,"172,920.00"
2019-05-06,2019050601007656,SHIVM,34,47,500,393.00,"196,500.00"
2019-05-06,2019050601007655,SHIVM,34,37,150,393.00,"58,950.00"
2019-05-06,2019050601007654,SHIVM,34,20,100,392.00,"39,200.00"
2019-05-06,2019050601007653,SHIVM,34,25,50,392.00,"19,600.00"
2019-05-06,2019050601007652,SHIVM,34,25,50,392.00,"19,600.00"
2019-05-06,2019050601007884,SHIVM,38,50,200,390.00,"78,000.00"
2019-05-06,2019050601007883,SHIVM,38,32,200,390.00,"78,000.00"
2019-05-06,2019050601007882,SHIVM,38,18,190,390.00,"74,100.00"
2019-05-06,2019050601007792,SHIVM,52,18,10,390.00,"3,900.00"
2019-05-06,2019050601007749,SHIVM,22,1,60,388.00,"23,280.00"
2019-05-06,2019050601007718,SHIVM,42,45,300,391.00,"117,300.00"
2019-05-06,2019050601007558,SHL,50,34,575,228.00,"131,100.00"
2019-05-06,2019050601007677,SHPC,4,45,200,269.00,"53,800.00"
2019-05-06,2019050601007867,SICL,10,26,100,900.00,"90,000.00"
2019-05-06,2019050601007866,SICL,10,33,"1,500",900.00,"1,350,000.00"
2019-05-06,2019050601007865,SICL,10,17,30,899.00,"26,970.00"
2019-05-06,2019050601007960,SIL,36,25,52,622.00,"32,344.00"
2019-05-06,2019050601007854,SINDU,38,49,100,129.00,"12,900.00"
2019-05-06,2019050601007908,SKBBL,49,44,500,"1,003.00","501,500.00"
2019-05-06,2019050601008020,SLBBL,16,49,60,500.00,"30,000.00"
2019-05-06,2019050601007605,SLBBL,41,49,50,500.00,"25,000.00"
2019-05-06,2019050601007999,SLICL,5,42,10,580.00,"5,800.00"
2019-05-06,2019050601007998,SLICL,5,34,225,579.00,"130,275.00"
2019-05-06,2019050601007833,SLICL,58,55,30,576.00,"17,280.00"
2019-05-06,2019050601007832,SLICL,58,10,38,576.00,"21,888.00"
2019-05-06,2019050601007791,SLICL,5,55,20,576.00,"11,520.00"
2019-05-06,2019050601007589,SLICL,58,10,208,575.00,"119,600.00"
2019-05-06,2019050601007912,SRBL,36,22,300,260.00,"78,000.00"
2019-05-06,2019050601007869,SRBL,36,32,15,260.00,"3,900.00"
2019-05-06,2019050601007868,SRBL,16,32,304,260.00,"79,040.00"
2019-05-06,2019050601007826,SRBL,16,50,500,260.00,"130,000.00"
2019-05-06,2019050601007825,SRBL,16,13,"1,000",260.00,"260,000.00"
2019-05-06,2019050601007824,SRBL,16,28,500,260.00,"130,000.00"
2019-05-06,2019050601007823,SRBL,16,53,50,259.00,"12,950.00"
2019-05-06,2019050601007822,SRBL,16,6,"2,000",259.00,"518,000.00"
2019-05-06,2019050601007821,SRBL,16,28,200,259.00,"51,800.00"
2019-05-06,2019050601007820,SRBL,16,44,446,258.00,"115,068.00"
2019-05-06,2019050601007641,SWBBL,49,25,100,914.00,"91,400.00"
2019-05-06,2019050601007640,SWBBL,49,34,50,914.00,"45,700.00"
2019-05-06,2019050601007639,SWBBL,49,14,197,912.00,"179,664.00"
2019-05-06,2019050601007638,SWBBL,49,17,20,911.00,"18,220.00"
2019-05-06,2019050601007717,UIC,5,16,20,971.00,"19,420.00"
2019-05-06,2019050601007703,UIC,5,6,60,970.00,"58,200.00"
2019-05-06,2019050601007569,UIC,42,44,850,969.00,"823,650.00"
2019-05-06,2019050601008022,UMHL,58,51,10,112.00,"1,120.00"
2019-05-06,2019050601007643,UMHL,37,29,14,110.00,"1,540.00"
2019-05-06,2019050601007961,UPCL,59,32,100,93.00,"9,300.00"
2019-05-06,2019050601007672,UPCL,59,29,50,93.00,"4,650.00"
2019-05-06,2019050601007650,UPCL,5,32,100,94.00,"9,400.00"
2019-05-06,2019050601008041,UPPER,44,45,10,236.00,"2,360.00"
2019-05-06,2019050601007891,UPPER,51,20,375,232.00,"87,000.00"
2019-05-06,2019050601007890,UPPER,43,20,375,232.00,"87,000.00"
2019-05-06,2019050601007889,UPPER,1,20,100,233.00,"23,300.00"
2019-05-06,2019050601007708,UPPER,35,44,50,234.00,"11,700.00"
2019-05-06,2019050601007707,UPPER,35,37,50,234.00,"11,700.00"
2019-05-06,2019050601007888,UPPER,39,20,500,233.00,"116,500.00"
2019-05-06,2019050601007887,UPPER,59,20,500,233.00,"116,500.00"
2019-05-06,2019050601007886,UPPER,59,20,150,233.00,"34,950.00"
2019-05-06,2019050601007728,UPPER,41,59,50,235.00,"11,750.00"
2019-05-06,2019050601007727,UPPER,41,42,"1,930",235.00,"453,550.00"
2019-05-06,2019050601007709,UPPER,35,37,40,234.00,"9,360.00"
2019-05-06,2019050601007514,ADBL,11,35,150,386.00,"57,900.00"
2019-05-06,2019050601007508,ADBL,11,17,15,386.00,"5,790.00"
2019-05-06,2019050601007452,ADBL,16,14,758,387.00,"293,346.00"
2019-05-06,2019050601007451,ADBL,16,25,44,387.00,"17,028.00"
2019-05-06,2019050601007450,ADBL,16,42,78,387.00,"30,186.00"
2019-05-06,2019050601007449,ADBL,16,42,120,387.00,"46,440.00"
2019-05-06,2019050601007117,ADBL,19,45,400,385.00,"154,000.00"
2019-05-06,2019050601007433,ADBL,49,19,155,386.00,"59,830.00"
2019-05-06,2019050601007386,ADBL,5,19,10,386.00,"3,860.00"
2019-05-06,2019050601007385,ADBL,58,19,85,386.00,"32,810.00"
2019-05-06,2019050601007155,ADBL,58,5,32,386.00,"12,352.00"
2019-05-06,2019050601007154,ADBL,58,19,383,386.00,"147,838.00"
2019-05-06,2019050601007118,ADBL,49,45,71,385.00,"27,335.00"
2019-05-06,2019050601007492,ALBSL,59,41,10,462.00,"4,620.00"
2019-05-06,2019050601007485,ALICL,51,25,100,447.00,"44,700.00"
2019-05-06,2019050601007484,ALICL,51,8,100,447.00,"44,700.00"
2019-05-06,2019050601007483,ALICL,51,22,48,443.00,"21,264.00"
2019-05-06,2019050601007482,ALICL,51,29,100,443.00,"44,300.00"
2019-05-06,2019050601007481,ALICL,51,29,100,442.00,"44,200.00"
2019-05-06,2019050601007480,ALICL,51,54,208,440.00,"91,520.00"
2019-05-06,2019050601007348,ALICL,34,58,100,439.00,"43,900.00"
2019-05-06,2019050601007296,ALICL,19,32,200,438.00,"87,600.00"
2019-05-06,2019050601007499,API,25,39,100,138.00,"13,800.00"
2019-05-06,2019050601007276,API,25,39,50,138.00,"6,900.00"
2019-05-06,2019050601007275,API,25,5,252,137.00,"34,524.00"
2019-05-06,2019050601007274,API,25,51,48,137.00,"6,576.00"
2019-05-06,2019050601007221,BARUN,56,57,10,93.00,930.00
2019-05-06,2019050601007251,BHBL,56,33,171,168.00,"28,728.00"
2019-05-06,2019050601007250,BHBL,38,33,170,168.00,"28,560.00"
2019-05-06,2019050601007249,BHBL,58,33,10,168.00,"1,680.00"
2019-05-06,2019050601007085,BNT,57,14,15,"6,975.00","104,625.00"
2019-05-06,2019050601007406,BOKL,52,8,200,282.00,"56,400.00"
2019-05-06,2019050601007193,BOKL,57,41,200,280.00,"56,000.00"
2019-05-06,2019050601007130,BOKL,57,1,44,280.00,"12,320.00"
2019-05-06,2019050601007129,BOKL,57,34,200,280.00,"56,000.00"
2019-05-06,2019050601007128,BOKL,57,48,426,280.00,"119,280.00"
2019-05-06,2019050601007080,BOKL,38,48,240,280.00,"67,200.00"
2019-05-06,2019050601007079,BOKL,38,32,60,280.00,"16,800.00"
2019-05-06,2019050601007078,BOKL,38,32,500,280.00,"140,000.00"
2019-05-06,2019050601007077,BOKL,38,42,200,280.00,"56,000.00"
2019-05-06,2019050601007495,CBBL,58,13,170,956.00,"162,520.00"
2019-05-06,2019050601007248,CBBL,4,42,10,963.00,"9,630.00"
2019-05-06,2019050601007247,CBBL,4,55,300,963.00,"288,900.00"
2019-05-06,2019050601007246,CBBL,4,53,200,963.00,"192,600.00"
2019-05-06,2019050601007245,CBBL,4,1,80,962.00,"76,960.00"
2019-05-06,2019050601007244,CBBL,4,54,10,961.00,"9,610.00"
2019-05-06,2019050601007204,CBBL,53,22,200,962.00,"192,400.00"
2019-05-06,2019050601007203,CBBL,53,59,100,961.00,"96,100.00"
2019-05-06,2019050601007397,CBL,7,13,"1,800",154.00,"277,200.00"
2019-05-06,2019050601007309,CBL,57,13,700,154.00,"107,800.00"
2019-05-06,2019050601007308,CBL,25,13,500,154.00,"77,000.00"
2019-05-06,2019050601007229,CBL,25,13,200,154.00,"30,800.00"
2019-05-06,2019050601007228,CBL,6,13,500,154.00,"77,000.00"
2019-05-06,2019050601007166,CBL,38,13,300,154.00,"46,200.00"
2019-05-06,2019050601007165,CBL,58,13,"1,000",154.00,"154,000.00"
2019-05-06,2019050601007543,CCBL,35,17,417,174.00,"72,558.00"
2019-05-06,2019050601007542,CCBL,35,32,49,174.00,"8,526.00"
2019-05-06,2019050601007541,CCBL,35,6,750,174.00,"130,500.00"
2019-05-06,2019050601007540,CCBL,35,52,230,174.00,"40,020.00"
2019-05-06,2019050601007539,CCBL,35,43,490,174.00,"85,260.00"
2019-05-06,2019050601007368,CCBL,34,43,10,174.00,"1,740.00"
2019-05-06,2019050601007423,CHCL,42,22,10,540.00,"5,400.00"
2019-05-06,2019050601007422,CHCL,42,42,50,539.00,"26,950.00"
2019-05-06,2019050601007259,CHCL,28,25,40,536.00,"21,440.00"
2019-05-06,2019050601007512,CIT,59,51,10,"2,520.00","25,200.00"
2019-05-06,2019050601007432,CIT,16,13,190,"2,515.00","477,850.00"
2019-05-06,2019050601007377,CLBSL,47,5,40,551.00,"22,040.00"
2019-05-06,2019050601007376,CLBSL,44,5,19,551.00,"10,469.00"
2019-05-06,2019050601007375,CLBSL,16,5,50,552.00,"27,600.00"
2019-05-06,2019050601007381,CMF1,26,40,"1,000",9.84,"9,840.00"
2019-05-06,2019050601007384,CZBIL,43,14,54,232.00,"12,528.00"
2019-05-06,2019050601007383,CZBIL,43,39,100,232.00,"23,200.00"
2019-05-06,2019050601007382,CZBIL,43,35,309,230.00,"71,070.00"
2019-05-06,2019050601007209,CZBIL,43,25,10,227.00,"2,270.00"
2019-05-06,2019050601007208,CZBIL,43,41,780,227.00,"177,060.00"
2019-05-06,2019050601007207,CZBIL,43,49,10,227.00,"2,270.00"
2019-05-06,2019050601007206,CZBIL,43,47,"1,000",227.00,"227,000.00"
2019-05-06,2019050601007205,CZBIL,43,55,60,226.00,"13,560.00"
2019-05-06,2019050601007226,CZBIL,48,38,310,228.00,"70,680.00"
2019-05-06,2019050601007214,CZBIL,43,38,"1,090",228.00,"248,520.00"
2019-05-06,2019050601007213,CZBIL,43,21,500,228.00,"114,000.00"
2019-05-06,2019050601007212,CZBIL,43,43,100,228.00,"22,800.00"
2019-05-06,2019050601007211,CZBIL,43,55,300,228.00,"68,400.00"
2019-05-06,2019050601007210,CZBIL,43,45,150,227.00,"34,050.00"
2019-05-06,2019050601007402,DBBL,56,43,131,131.00,"17,161.00"
2019-05-06,2019050601007434,DDBL,38,43,17,733.00,"12,461.00"
2019-05-06,2019050601007337,DDBL,42,14,50,747.00,"37,350.00"
2019-05-06,2019050601007336,DDBL,42,55,20,739.00,"14,780.00"
2019-05-06,2019050601007335,DDBL,42,57,50,738.00,"36,900.00"
2019-05-06,2019050601007334,DDBL,42,13,86,736.00,"63,296.00"
2019-05-06,2019050601007333,DDBL,42,44,89,735.00,"65,415.00"
2019-05-06,2019050601007283,DDBL,42,32,55,728.00,"40,040.00"
2019-05-06,2019050601007282,DDBL,42,44,"1,000",727.00,"727,000.00"
2019-05-06,2019050601007094,DDBL,28,32,43,728.00,"31,304.00"
2019-05-06,2019050601007093,DDBL,28,44,57,727.00,"41,439.00"
2019-05-06,2019050601007332,DDBL,42,1,50,734.00,"36,700.00"
2019-05-06,2019050601007288,DDBL,42,52,50,733.00,"36,650.00"
2019-05-06,2019050601007287,DDBL,42,35,55,730.00,"40,150.00"
2019-05-06,2019050601007286,DDBL,42,19,20,729.00,"14,580.00"
2019-05-06,2019050601007285,DDBL,42,44,55,729.00,"40,095.00"
2019-05-06,2019050601007284,DDBL,42,54,20,728.00,"14,560.00"
2019-05-06,2019050601007556,EBL,5,22,100,670.00,"67,000.00"
2019-05-06,2019050601007497,EBL,48,4,200,670.00,"134,000.00"
2019-05-06,2019050601007317,EBL,42,57,78,670.00,"52,260.00"
2019-05-06,2019050601007316,EBL,42,50,100,670.00,"67,000.00"
2019-05-06,2019050601007315,EBL,42,50,192,669.00,"128,448.00"
2019-05-06,2019050601007314,EBL,42,33,100,668.00,"66,800.00"
2019-05-06,2019050601007313,EBL,42,19,65,667.00,"43,355.00"
2019-05-06,2019050601007312,EBL,42,4,100,666.00,"66,600.00"
2019-05-06,2019050601007232,EIC,48,26,50,424.00,"21,200.00"
2019-05-06,2019050601007181,EIC,25,26,100,423.00,"42,300.00"
2019-05-06,2019050601007466,FMDBL,33,17,300,425.00,"127,500.00"
2019-05-06,2019050601007393,FMDBL,48,22,500,424.00,"212,000.00"
2019-05-06,2019050601007392,FMDBL,48,56,40,424.00,"16,960.00"
2019-05-06,2019050601007380,FMDBL,42,50,200,423.00,"84,600.00"
2019-05-06,2019050601007379,FMDBL,42,33,50,422.00,"21,100.00"
2019-05-06,2019050601007378,FMDBL,42,42,50,421.00,"21,050.00"
2019-05-06,2019050601007103,FMDBL,48,55,450,420.00,"189,000.00"
2019-05-06,2019050601007083,FMDBL,25,55,50,420.00,"21,000.00"
2019-05-06,2019050601007515,GBBL,39,14,67,218.00,"14,606.00"
2019-05-06,2019050601007410,GBBL,25,22,160,219.00,"35,040.00"
2019-05-06,2019050601007387,GBBL,25,32,40,219.00,"8,760.00"
2019-05-06,2019050601007075,GBBL,39,41,300,220.00,"66,000.00"
2019-05-06,2019050601007074,GBBL,39,56,200,220.00,"44,000.00"
2019-05-06,2019050601007459,GILB,38,17,19,"1,195.00","22,705.00"
2019-05-06,2019050601007458,GILB,38,17,19,"1,195.00","22,705.00"
2019-05-06,2019050601007164,GLICL,26,26,83,565.00,"46,895.00"
2019-05-06,2019050601007535,HBL,16,42,20,592.00,"11,840.00"
2019-05-06,2019050601007534,HBL,16,3,230,591.00,"135,930.00"
2019-05-06,2019050601007533,HBL,16,3,310,591.00,"183,210.00"
2019-05-06,2019050601007420,HBL,50,3,190,591.00,"112,290.00"
2019-05-06,2019050601007419,HBL,50,45,20,590.00,"11,800.00"
2019-05-06,2019050601007418,HBL,50,3,190,590.00,"112,100.00"
2019-05-06,2019050601007112,HBL,5,3,70,590.00,"41,300.00"
2019-05-06,2019050601007111,HBL,5,37,40,590.00,"23,600.00"
2019-05-06,2019050601007110,HBL,5,59,90,590.00,"53,100.00"
2019-05-06,2019050601007087,HBL,11,3,500,588.00,"294,000.00"
2019-05-06,2019050601007256,IGI,5,32,73,422.00,"30,806.00"
2019-05-06,2019050601007171,JBBL,28,59,719,140.00,"100,660.00"
2019-05-06,2019050601007170,JBBL,10,59,160,141.00,"22,560.00"
2019-05-06,2019050601007421,JBNL,58,28,100,203.00,"20,300.00"
2019-05-06,2019050601007300,JBNL,21,34,419,204.00,"85,476.00"
2019-05-06,2019050601007299,JBNL,21,48,90,204.00,"18,360.00"
2019-05-06,2019050601007298,JBNL,21,22,300,204.00,"61,200.00"
2019-05-06,2019050601007297,JBNL,21,40,500,204.00,"102,000.00"
2019-05-06,2019050601007223,JBNL,58,28,21,203.00,"4,263.00"
2019-05-06,2019050601007222,JBNL,51,28,229,203.00,"46,487.00"
2019-05-06,2019050601007219,JBNL,38,40,500,204.00,"102,000.00"
2019-05-06,2019050601007195,JBNL,47,38,65,204.00,"13,260.00"
2019-05-06,2019050601007183,JBNL,47,38,185,204.00,"37,740.00"
2019-05-06,2019050601007440,KBL,42,45,750,225.00,"168,750.00"
2019-05-06,2019050601007292,KBL,42,14,"1,986",225.00,"446,850.00"
2019-05-06,2019050601007291,KBL,43,14,14,228.00,"3,192.00"
2019-05-06,2019050601007220,KBL,55,28,100,229.00,"22,900.00"
2019-05-06,2019050601007150,KBL,43,48,500,228.00,"114,000.00"
2019-05-06,2019050601007149,KBL,43,13,200,228.00,"45,600.00"
2019-05-06,2019050601007136,KBL,43,42,50,225.00,"11,250.00"
2019-05-06,2019050601007142,KBL,43,1,200,225.00,"45,000.00"
2019-05-06,2019050601007141,KBL,43,26,700,225.00,"157,500.00"
2019-05-06,2019050601007140,KBL,43,56,229,225.00,"51,525.00"
2019-05-06,2019050601007139,KBL,43,33,"1,207",225.00,"271,575.00"
2019-05-06,2019050601007138,KBL,43,33,"2,476",225.00,"557,100.00"
2019-05-06,2019050601007137,KBL,43,33,200,225.00,"45,000.00"
2019-05-06,2019050601007148,KBL,43,43,"1,000",228.00,"228,000.00"
2019-05-06,2019050601007147,KBL,43,44,"1,313",228.00,"299,364.00"
2019-05-06,2019050601007146,KBL,43,5,500,228.00,"114,000.00"
2019-05-06,2019050601007145,KBL,43,52,411,227.00,"93,297.00"
2019-05-06,2019050601007144,KBL,43,6,"1,000",227.00,"227,000.00"
2019-05-06,2019050601007143,KBL,43,17,"1,000",227.00,"227,000.00"
2019-05-06,2019050601007086,KKHC,32,29,16,71.00,"1,136.00"
2019-05-06,2019050601007201,KMFL,54,45,10,817.00,"8,170.00"
2019-05-06,2019050601007329,KNBL,34,57,214,130.00,"27,820.00"
2019-05-06,2019050601007328,KNBL,59,57,198,130.00,"25,740.00"
2019-05-06,2019050601007257,KNBL,59,59,92,130.00,"11,960.00"
2019-05-06,2019050601007227,KNBL,4,41,100,131.00,"13,100.00"
2019-05-06,2019050601007516,KSBBL,44,32,250,147.00,"36,750.00"
2019-05-06,2019050601007217,LBBL,5,28,75,195.00,"14,625.00"
2019-05-06,2019050601007216,LBBL,46,28,425,195.00,"82,875.00"
2019-05-06,2019050601007396,LBL,46,32,974,230.00,"224,020.00"
2019-05-06,2019050601007395,LBL,46,11,26,230.00,"5,980.00"
2019-05-06,2019050601007188,LBL,38,11,250,230.00,"57,500.00"
2019-05-06,2019050601007123,LBL,38,11,224,230.00,"51,520.00"
2019-05-06,2019050601007122,LBL,38,47,500,230.00,"115,000.00"
2019-05-06,2019050601007121,LBL,38,22,14,230.00,"3,220.00"
2019-05-06,2019050601007120,LBL,38,32,262,230.00,"60,260.00"
2019-05-06,2019050601007318,LGIL,8,59,225,520.00,"117,000.00"
2019-05-06,2019050601007487,LLBS,34,51,24,795.00,"19,080.00"
2019-05-06,2019050601007431,LVF1,48,56,"2,000",10.21,"20,420.00"
2019-05-06,2019050601007521,MBL,58,45,500,269.00,"134,500.00"
2019-05-06,2019050601007490,MBL,19,43,130,270.00,"35,100.00"
2019-05-06,2019050601007489,MBL,19,1,270,270.00,"72,900.00"
2019-05-06,2019050601007488,MBL,19,38,100,269.00,"26,900.00"
2019-05-06,2019050601007439,MBL,36,38,900,269.00,"242,100.00"
2019-05-06,2019050601007438,MBL,36,58,100,269.00,"26,900.00"
2019-05-06,2019050601007311,MBL,58,38,"1,500",269.00,"403,500.00"
2019-05-06,2019050601007310,MBL,58,58,90,269.00,"24,210.00"
2019-05-06,2019050601007272,MBL,58,58,10,269.00,"2,690.00"
2019-05-06,2019050601007153,MBL,58,8,707,269.00,"190,183.00"
2019-05-06,2019050601007152,MBL,58,1,40,269.00,"10,760.00"
2019-05-06,2019050601007151,MBL,34,1,10,269.00,"2,690.00"
2019-05-06,2019050601007506,MEGA,20,25,850,190.00,"161,500.00"
2019-05-06,2019050601007505,MEGA,20,39,500,189.00,"94,500.00"
2019-05-06,2019050601007504,MEGA,20,17,100,189.00,"18,900.00"
2019-05-06,2019050601007503,MEGA,20,57,50,189.00,"9,450.00"
2019-05-06,2019050601007502,MEGA,20,43,300,188.00,"56,400.00"
2019-05-06,2019050601007501,MEGA,20,57,200,188.00,"37,600.00"
2019-05-06,2019050601007134,MEGA,58,50,34,186.00,"6,324.00"
2019-05-06,2019050601007133,MEGA,58,57,"5,400",186.00,"1,004,400.00"
2019-05-06,2019050601007132,MEGA,58,43,300,186.00,"55,800.00"
2019-05-06,2019050601007119,MEGA,34,29,14,185.00,"2,590.00"
2019-05-06,2019050601007398,MEGA,34,28,324,187.00,"60,588.00"
2019-05-06,2019050601007359,MEGA,17,28,676,187.00,"126,412.00"
2019-05-06,2019050601007358,MEGA,17,3,572,187.00,"106,964.00"
2019-05-06,2019050601007357,MEGA,17,25,101,187.00,"18,887.00"
2019-05-06,2019050601007356,MEGA,17,28,500,187.00,"93,500.00"
2019-05-06,2019050601007355,MEGA,17,38,151,187.00,"28,237.00"
2019-05-06,2019050601007500,MLBL,17,41,100,195.00,"19,500.00"
2019-05-06,2019050601007185,MLBL,22,29,35,192.00,"6,720.00"
2019-05-06,2019050601007426,MMFDB,22,5,10,911.00,"9,110.00"
2019-05-06,2019050601007425,MMFDB,43,5,20,928.00,"18,560.00"
2019-05-06,2019050601007424,MMFDB,45,5,20,928.00,"18,560.00"
2019-05-06,2019050601007127,MMFDB,33,25,200,929.00,"185,800.00"
2019-05-06,2019050601007548,MNBBL,6,16,100,388.00,"38,800.00"
2019-05-06,2019050601007538,MNBBL,6,20,275,388.00,"106,700.00"
2019-05-06,2019050601007475,MNBBL,6,32,900,388.00,"349,200.00"
2019-05-06,2019050601007361,MNBBL,25,32,100,388.00,"38,800.00"
2019-05-06,2019050601007218,MNBBL,29,29,25,387.00,"9,675.00"
2019-05-06,2019050601007448,NABIL,5,33,80,845.00,"67,600.00"
2019-05-06,2019050601007447,NABIL,19,33,20,845.00,"16,900.00"
2019-05-06,2019050601007446,NABIL,19,3,100,845.00,"84,500.00"
2019-05-06,2019050601007445,NABIL,19,59,80,845.00,"67,600.00"
2019-05-06,2019050601007199,NABIL,4,3,131,844.00,"110,564.00"
2019-05-06,2019050601007198,NABIL,4,44,20,844.00,"16,880.00"
2019-05-06,2019050601007197,NABIL,4,25,169,843.00,"142,467.00"
2019-05-06,2019050601007196,NABIL,4,57,180,842.00,"151,560.00"
2019-05-06,2019050601007084,NABIL,5,1,100,840.00,"84,000.00"
2019-05-06,2019050601007471,NABILP,52,1,110,822.00,"90,420.00"
2019-05-06,2019050601007470,NABILP,52,43,90,821.00,"73,890.00"
2019-05-06,2019050601007347,NADEP,19,40,50,509.00,"25,450.00"
2019-05-06,2019050601007290,NADEP,35,37,20,506.00,"10,120.00"
2019-05-06,2019050601007158,NADEP,35,10,10,506.00,"5,060.00"
2019-05-06,2019050601007135,NADEP,35,10,10,506.00,"5,060.00"
2019-05-06,2019050601007254,NBB,58,34,945,231.00,"218,295.00"
2019-05-06,2019050601007253,NBB,55,34,55,231.00,"12,705.00"
2019-05-06,2019050601007233,NBB,55,55,45,231.00,"10,395.00"
2019-05-06,2019050601007169,NBB,25,55,500,231.00,"115,500.00"
2019-05-06,2019050601007131,NBB,25,55,150,231.00,"34,650.00"
2019-05-06,2019050601007115,NBB,25,55,250,231.00,"57,750.00"
2019-05-06,2019050601007105,NBB,25,21,100,231.00,"23,100.00"
2019-05-06,2019050601007555,NBL,58,45,"1,000",314.00,"314,000.00"
2019-05-06,2019050601007554,NBL,58,10,"10,000",314.00,"3,140,000.00"
2019-05-06,2019050601007553,NBL,58,26,500,314.00,"157,000.00"
2019-05-06,2019050601007552,NBL,58,50,"1,000",314.00,"314,000.00"
2019-05-06,2019050601007551,NBL,58,52,"1,000",314.00,"314,000.00"
2019-05-06,2019050601007550,NBL,58,25,"2,200",314.00,"690,800.00"
2019-05-06,2019050601007491,NBL,35,1,50,313.00,"15,650.00"
2019-05-06,2019050601007394,NBL,16,25,"1,000",314.00,"314,000.00"
2019-05-06,2019050601007346,NBL,35,28,"2,000",313.00,"626,000.00"
2019-05-06,2019050601007230,NBL,35,29,24,313.00,"7,512.00"
2019-05-06,2019050601007113,NBL,6,25,250,314.00,"78,500.00"
2019-05-06,2019050601007547,NCCB,56,28,300,238.00,"71,400.00"
2019-05-06,2019050601007546,NCCB,56,34,"1,800",238.00,"428,400.00"
2019-05-06,2019050601007437,NCCB,1,34,200,238.00,"47,600.00"
2019-05-06,2019050601007258,NCCB,55,16,100,239.00,"23,900.00"
2019-05-06,2019050601007192,NCCB,13,48,615,238.00,"146,370.00"
2019-05-06,2019050601007191,NCCB,13,55,200,238.00,"47,600.00"
2019-05-06,2019050601007190,NCCB,13,49,"1,142",238.00,"271,796.00"
2019-05-06,2019050601007189,NCCB,13,49,340,238.00,"80,920.00"
2019-05-06,2019050601007182,NCCB,52,49,50,238.00,"11,900.00"
2019-05-06,2019050601007173,NCDB,4,26,200,140.00,"28,000.00"
2019-05-06,2019050601007163,NCDB,4,57,"1,000",138.00,"138,000.00"
2019-05-06,2019050601007162,NCDB,4,50,397,138.00,"54,786.00"
2019-05-06,2019050601007457,NEF,48,29,"1,207",8.30,"10,018.10"
2019-05-06,2019050601007532,NIB,19,38,250,565.00,"141,250.00"
2019-05-06,2019050601007454,NIB,16,35,100,566.00,"56,600.00"
2019-05-06,2019050601007430,NIB,43,42,45,565.00,"25,425.00"
2019-05-06,2019050601007429,NIB,43,25,90,565.00,"50,850.00"
2019-05-06,2019050601007391,NIB,37,25,10,565.00,"5,650.00"
2019-05-06,2019050601007307,NIB,16,7,44,563.00,"24,772.00"
2019-05-06,2019050601007295,NIB,16,1,10,563.00,"5,630.00"
2019-05-06,2019050601007265,NIB,34,25,20,561.00,"11,220.00"
2019-05-06,2019050601007531,NICA,58,57,155,495.00,"76,725.00"
2019-05-06,2019050601007530,NICA,58,28,500,495.00,"247,500.00"
2019-05-06,2019050601007529,NICA,58,45,75,495.00,"37,125.00"
2019-05-06,2019050601007528,NICA,58,19,10,495.00,"4,950.00"
2019-05-06,2019050601007527,NICA,58,22,582,495.00,"288,090.00"
2019-05-06,2019050601007526,NICA,58,25,701,495.00,"346,995.00"
2019-05-06,2019050601007338,NICA,33,58,50,494.00,"24,700.00"
2019-05-06,2019050601007525,NICA,58,46,100,494.00,"49,400.00"
2019-05-06,2019050601007524,NICA,58,7,850,494.00,"419,900.00"
2019-05-06,2019050601007523,NICA,58,35,27,494.00,"13,338.00"
2019-05-06,2019050601007494,NICA,38,35,105,494.00,"51,870.00"
2019-05-06,2019050601007493,NICA,38,58,95,494.00,"46,930.00"
2019-05-06,2019050601007479,NICA,16,8,50,492.00,"24,600.00"
2019-05-06,2019050601007302,NICL,35,6,100,401.00,"40,100.00"
2019-05-06,2019050601007301,NICL,35,7,100,401.00,"40,100.00"
2019-05-06,2019050601007462,NIL,43,38,110,528.00,"58,080.00"
2019-05-06,2019050601007461,NIL,43,58,190,528.00,"100,320.00"
2019-05-06,2019050601007460,NIL,43,53,200,527.00,"105,400.00"
2019-05-06,2019050601007399,NIL,17,58,10,528.00,"5,280.00"
2019-05-06,2019050601007235,NIL,43,43,798,528.00,"421,344.00"
2019-05-06,2019050601007234,NIL,43,38,200,527.00,"105,400.00"
2019-05-06,2019050601007114,NIL,8,57,300,524.00,"157,200.00"
2019-05-06,2019050601007536,NLBBL,50,59,50,540.00,"27,000.00"
2019-05-06,2019050601007414,NLBBL,50,37,100,540.00,"54,000.00"
2019-05-06,2019050601007413,NLBBL,50,59,150,538.00,"80,700.00"
2019-05-06,2019050601007412,NLBBL,50,1,100,537.00,"53,700.00"
2019-05-06,2019050601007411,NLBBL,50,17,100,536.00,"53,600.00"
2019-05-06,2019050601007403,NLBBL,39,59,300,534.00,"160,200.00"
2019-05-06,2019050601007369,NLBBL,16,19,200,531.00,"106,200.00"
2019-05-06,2019050601007522,NLG,22,49,27,872.00,"23,544.00"
2019-05-06,2019050601007511,NLG,53,29,60,863.00,"51,780.00"
2019-05-06,2019050601007510,NLG,22,29,20,863.00,"17,260.00"
2019-05-06,2019050601007509,NLG,29,29,100,865.00,"86,500.00"
2019-05-06,2019050601007371,NLG,53,49,27,870.00,"23,490.00"
2019-05-06,2019050601007370,NLG,53,49,27,870.00,"23,490.00"
2019-05-06,2019050601007507,NLIC,45,6,100,981.00,"98,100.00"
2019-05-06,2019050601007409,NLIC,49,35,100,980.00,"98,000.00"
2019-05-06,2019050601007408,NLIC,49,50,119,980.00,"116,620.00"
2019-05-06,2019050601007407,NLIC,49,17,89,980.00,"87,220.00"
2019-05-06,2019050601007278,NLIC,16,17,300,980.00,"294,000.00"
2019-05-06,2019050601007243,NLIC,4,17,111,980.00,"108,780.00"
2019-05-06,2019050601007236,NLIC,4,5,300,978.00,"293,400.00"
2019-05-06,2019050601007242,NLIC,4,45,70,980.00,"68,600.00"
2019-05-06,2019050601007241,NLIC,4,11,50,980.00,"49,000.00"
2019-05-06,2019050601007240,NLIC,4,17,199,980.00,"195,020.00"
2019-05-06,2019050601007239,NLIC,4,54,50,979.00,"48,950.00"
2019-05-06,2019050601007238,NLIC,4,28,500,979.00,"489,500.00"
2019-05-06,2019050601007237,NLIC,4,36,220,979.00,"215,380.00"
2019-05-06,2019050601007281,NLICL,22,8,100,673.00,"67,300.00"
2019-05-06,2019050601007537,NMB,58,6,"1,000",385.00,"385,000.00"
2019-05-06,2019050601007520,NMB,22,6,200,385.00,"77,000.00"
2019-05-06,2019050601007498,NMB,51,6,"2,000",385.00,"770,000.00"
2019-05-06,2019050601007469,NMB,17,14,300,384.00,"115,200.00"
2019-05-06,2019050601007390,NMB,26,42,230,383.00,"88,090.00"
2019-05-06,2019050601007389,NMB,16,42,200,384.00,"76,800.00"
2019-05-06,2019050601007106,NMB,58,6,100,384.00,"38,400.00"
2019-05-06,2019050601007088,NMB,58,53,550,384.00,"211,200.00"
2019-05-06,2019050601007331,NMB,16,33,300,384.00,"115,200.00"
2019-05-06,2019050601007271,NMB,17,32,100,385.00,"38,500.00"
2019-05-06,2019050601007264,NMB,58,8,500,384.00,"192,000.00"
2019-05-06,2019050601007187,NMB,58,45,123,384.00,"47,232.00"
2019-05-06,2019050601007160,NMB,38,6,250,384.00,"96,000.00"
2019-05-06,2019050601007124,NMB,58,6,250,384.00,"96,000.00"
2019-05-06,2019050601007354,NMB,51,6,774,385.00,"297,990.00"
2019-05-06,2019050601007353,NMB,51,42,126,385.00,"48,510.00"
2019-05-06,2019050601007352,NMB,51,57,500,385.00,"192,500.00"
2019-05-06,2019050601007351,NMB,51,37,100,385.00,"38,500.00"
2019-05-06,2019050601007350,NMB,51,8,100,385.00,"38,500.00"
2019-05-06,2019050601007349,NMB,51,32,400,385.00,"154,000.00"
2019-05-06,2019050601007496,NMBMF,5,44,15,960.00,"14,400.00"
2019-05-06,2019050601007517,NMBSF1,47,43,"10,270",10.84,"111,326.80"
2019-05-06,2019050601007109,NUBL,14,34,20,867.00,"17,340.00"
2019-05-06,2019050601007108,NUBL,38,34,50,867.00,"43,350.00"
2019-05-06,2019050601007107,NUBL,16,34,20,867.00,"17,340.00"
2019-05-06,2019050601007545,OHL,42,13,103,545.00,"56,135.00"
2019-05-06,2019050601007330,OHL,59,34,200,545.00,"109,000.00"
2019-05-06,2019050601007126,OHL,16,33,188,540.00,"101,520.00"
2019-05-06,2019050601007104,OHL,5,33,50,540.00,"27,000.00"
2019-05-06,2019050601007279,OHL,36,57,140,544.00,"76,160.00"
2019-05-06,2019050601007255,OHL,5,57,10,544.00,"5,440.00"
2019-05-06,2019050601007172,OHL,58,33,647,540.00,"349,380.00"
2019-05-06,2019050601007473,PCBL,49,25,27,355.00,"9,585.00"
2019-05-06,2019050601007472,PCBL,51,25,100,356.00,"35,600.00"
2019-05-06,2019050601007367,PCBL,52,55,900,356.00,"320,400.00"
2019-05-06,2019050601007294,PCBL,39,57,10,355.00,"3,550.00"
2019-05-06,2019050601007293,PCBL,39,42,369,355.00,"130,995.00"
2019-05-06,2019050601007125,PCBL,49,42,400,355.00,"142,000.00"
2019-05-06,2019050601007464,PIC,7,1,200,"1,105.00","221,000.00"
2019-05-06,2019050601007463,PIC,7,21,21,"1,105.00","23,205.00"
2019-05-06,2019050601007319,PIC,37,33,50,"1,104.00","55,200.00"
2019-05-06,2019050601007116,PIC,34,51,10,"1,104.00","11,040.00"
2019-05-06,2019050601007202,PICL,52,33,150,724.00,"108,600.00"
2019-05-06,2019050601007092,PICL,14,10,103,720.00,"74,160.00"
2019-05-06,2019050601007091,PICL,21,10,20,721.00,"14,420.00"
2019-05-06,2019050601007366,PMHPL,56,32,10,111.00,"1,110.00"
2019-05-06,2019050601007428,PRIN,34,57,200,423.00,"84,600.00"
2019-05-06,2019050601007486,PRVU,11,28,300,288.00,"86,400.00"
2019-05-06,2019050601007455,PRVU,41,28,100,288.00,"28,800.00"
2019-05-06,2019050601007401,PRVU,57,33,100,289.00,"28,900.00"
2019-05-06,2019050601007289,PRVU,32,33,500,289.00,"144,500.00"
2019-05-06,2019050601007102,PRVU,38,33,20,289.00,"5,780.00"
2019-05-06,2019050601007101,PRVU,38,16,200,289.00,"57,800.00"
2019-05-06,2019050601007100,PRVU,38,43,780,289.00,"225,420.00"
2019-05-06,2019050601007280,PRVU,49,34,100,288.00,"28,800.00"
2019-05-06,2019050601007161,PRVU,51,33,200,289.00,"57,800.00"
2019-05-06,2019050601007159,PRVU,49,46,300,288.00,"86,400.00"
2019-05-06,2019050601007544,RBCLPO,16,58,10,"8,730.00","87,300.00"
2019-05-06,2019050601007262,RBCLPO,34,33,30,"8,800.00","264,000.00"
2019-05-06,2019050601007261,RBCLPO,34,33,10,"8,800.00","88,000.00"
2019-05-06,2019050601007260,RBCLPO,34,35,17,"8,790.00","149,430.00"
2019-05-06,2019050601007215,RMDC,29,33,500,649.00,"324,500.00"
2019-05-06,2019050601007179,RRHP,37,37,10,94.00,940.00
2019-05-06,2019050601007467,SBI,52,28,50,497.00,"24,850.00"
2019-05-06,2019050601007549,SBL,33,42,700,345.00,"241,500.00"
2019-05-06,2019050601007518,SBL,33,8,50,345.00,"17,250.00"
2019-05-06,2019050601007404,SBL,16,8,50,350.00,"17,500.00"
2019-05-06,2019050601007073,SBL,7,21,150,346.00,"51,900.00"
2019-05-06,2019050601007477,SCB,20,36,100,703.00,"70,300.00"
2019-05-06,2019050601007476,SCB,20,20,20,703.00,"14,060.00"
2019-05-06,2019050601007468,SCB,32,6,100,702.00,"70,200.00"
2019-05-06,2019050601007327,SCB,21,43,200,700.00,"140,000.00"
2019-05-06,2019050601007326,SCB,21,34,20,700.00,"14,000.00"
2019-05-06,2019050601007325,SCB,21,49,20,700.00,"14,000.00"
2019-05-06,2019050601007267,SEF,43,45,500,9.80,"4,900.00"
2019-05-06,2019050601007266,SEF,43,36,"5,000",9.79,"48,950.00"
2019-05-06,2019050601007200,SEF,36,52,100,9.71,971.00
2019-05-06,2019050601007405,SEOS,48,8,"5,898",10.30,"60,749.40"
2019-05-06,2019050601007372,SEOS,48,43,"4,186",10.28,"43,032.08"
2019-05-06,2019050601007519,SHIVM,26,57,50,390.00,"19,500.00"
2019-05-06,2019050601007435,SHIVM,34,41,50,386.00,"19,300.00"
2019-05-06,2019050601007388,SHIVM,52,50,880,392.00,"344,960.00"
2019-05-06,2019050601007374,SHIVM,52,58,120,392.00,"47,040.00"
2019-05-06,2019050601007373,SHIVM,26,58,"1,000",392.00,"392,000.00"
2019-05-06,2019050601007365,SHIVM,45,58,380,392.00,"148,960.00"
2019-05-06,2019050601007062,SHIVM,43,48,50,385.00,"19,250.00"
2019-05-06,2019050601007061,SHIVM,43,47,80,385.00,"30,800.00"
2019-05-06,2019050601007060,SHIVM,43,47,80,385.00,"30,800.00"
2019-05-06,2019050601007059,SHIVM,43,13,100,385.00,"38,500.00"
2019-05-06,2019050601007058,SHIVM,43,17,50,385.00,"19,250.00"
2019-05-06,2019050601007057,SHIVM,43,34,500,385.00,"192,500.00"
2019-05-06,2019050601007068,SHIVM,43,25,50,385.00,"19,250.00"
2019-05-06,2019050601007067,SHIVM,43,25,500,385.00,"192,500.00"
2019-05-06,2019050601007066,SHIVM,43,38,300,385.00,"115,500.00"
2019-05-06,2019050601007065,SHIVM,43,39,100,385.00,"38,500.00"
2019-05-06,2019050601007064,SHIVM,43,41,50,385.00,"19,250.00"
2019-05-06,2019050601007063,SHIVM,43,48,50,385.00,"19,250.00"
2019-05-06,2019050601007176,SHIVM,52,47,50,387.00,"19,350.00"
2019-05-06,2019050601007175,SHIVM,52,47,80,387.00,"30,960.00"
2019-05-06,2019050601007168,SHIVM,58,20,100,386.00,"38,600.00"
2019-05-06,2019050601007167,SHIVM,58,52,20,386.00,"7,720.00"
2019-05-06,2019050601007090,SHIVM,58,52,130,386.00,"50,180.00"
2019-05-06,2019050601007089,SHIVM,58,47,70,386.00,"27,020.00"
2019-05-06,2019050601007194,SHIVM,38,42,920,387.00,"356,040.00"
2019-05-06,2019050601007186,SHIVM,43,40,100,385.00,"38,500.00"
2019-05-06,2019050601007184,SHIVM,11,42,300,387.00,"116,100.00"
2019-05-06,2019050601007180,SHIVM,18,42,10,387.00,"3,870.00"
2019-05-06,2019050601007178,SHIVM,52,42,770,387.00,"297,990.00"
2019-05-06,2019050601007177,SHIVM,52,42,100,387.00,"38,700.00"
2019-05-06,2019050601007364,SHIVM,45,34,100,391.00,"39,100.00"
2019-05-06,2019050601007363,SHIVM,45,49,20,391.00,"7,820.00"
2019-05-06,2019050601007362,SHIVM,45,6,500,390.00,"195,000.00"
2019-05-06,2019050601007341,SHIVM,56,33,100,389.00,"38,900.00"
2019-05-06,2019050601007340,SHIVM,56,49,50,388.00,"19,400.00"
2019-05-06,2019050601007339,SHIVM,56,49,50,388.00,"19,400.00"
2019-05-06,2019050601007456,SHL,42,29,"1,000",226.00,"226,000.00"
2019-05-06,2019050601007270,SHL,26,44,185,223.00,"41,255.00"
2019-05-06,2019050601007269,SHL,26,44,500,224.00,"112,000.00"
2019-05-06,2019050601007268,SHL,6,44,315,224.00,"70,560.00"
2019-05-06,2019050601007465,SHPC,56,29,13,264.00,"3,432.00"
2019-05-06,2019050601007071,SHPC,4,48,100,265.00,"26,500.00"
2019-05-06,2019050601007070,SHPC,4,50,20,265.00,"5,300.00"
2019-05-06,2019050601007069,SHPC,4,29,87,264.00,"22,968.00"
2019-05-06,2019050601007099,SHPC,4,45,100,269.00,"26,900.00"
2019-05-06,2019050601007098,SHPC,4,1,200,268.00,"53,600.00"
2019-05-06,2019050601007097,SHPC,4,43,200,268.00,"53,600.00"
2019-05-06,2019050601007096,SHPC,4,34,200,267.00,"53,400.00"
2019-05-06,2019050601007095,SHPC,4,57,100,265.00,"26,500.00"
2019-05-06,2019050601007072,SHPC,4,21,110,265.00,"29,150.00"
2019-05-06,2019050601007277,SIC,42,11,75,"1,351.00","101,325.00"
2019-05-06,2019050601007474,SICL,56,43,44,899.00,"39,556.00"
2019-05-06,2019050601007174,SICL,32,43,100,899.00,"89,900.00"
2019-05-06,2019050601007417,SIL,34,25,100,622.00,"62,200.00"
2019-05-06,2019050601007416,SIL,34,5,50,620.00,"31,000.00"
2019-05-06,2019050601007415,SIL,34,21,30,618.00,"18,540.00"
2019-05-06,2019050601007400,SIL,41,5,100,617.00,"61,700.00"
2019-05-06,2019050601007360,SIL,32,16,114,612.00,"69,768.00"
2019-05-06,2019050601007324,SIL,1,16,100,612.00,"61,200.00"
2019-05-06,2019050601007323,SIL,21,16,250,612.00,"153,000.00"
2019-05-06,2019050601007322,SIL,32,16,400,613.00,"245,200.00"
2019-05-06,2019050601007321,SIL,11,16,100,613.00,"61,300.00"
2019-05-06,2019050601007320,SIL,44,16,100,614.00,"61,400.00"
2019-05-06,2019050601007444,SKBBL,50,44,300,"1,009.00","302,700.00"
2019-05-06,2019050601007443,SKBBL,50,28,100,"1,008.00","100,800.00"
2019-05-06,2019050601007442,SKBBL,50,44,100,"1,007.00","100,700.00"
2019-05-06,2019050601007441,SKBBL,50,47,100,"1,005.00","100,500.00"
2019-05-06,2019050601007263,SLBBL,33,48,100,501.00,"50,100.00"
2019-05-06,2019050601007513,SLBSL,29,41,10,620.00,"6,200.00"
2019-05-06,2019050601007427,SLICL,58,29,22,575.00,"12,650.00"
2019-05-06,2019050601007345,SLICL,58,42,100,575.00,"57,500.00"
2019-05-06,2019050601007344,SLICL,58,50,60,575.00,"34,500.00"
2019-05-06,2019050601007343,SLICL,58,5,20,575.00,"11,500.00"
2019-05-06,2019050601007342,SLICL,58,59,90,573.00,"51,570.00"
2019-05-06,2019050601007306,SLICL,58,59,10,573.00,"5,730.00"
2019-05-06,2019050601007305,SLICL,58,43,380,572.00,"217,360.00"
2019-05-06,2019050601007304,SLICL,58,22,60,571.00,"34,260.00"
2019-05-06,2019050601007303,SLICL,58,55,50,570.00,"28,500.00"
2019-05-06,2019050601007273,SLICL,37,55,200,570.00,"114,000.00"
2019-05-06,2019050601007082,SRBL,5,6,500,257.00,"128,500.00"
2019-05-06,2019050601007081,SRBL,57,6,100,257.00,"25,700.00"
2019-05-06,2019050601007436,UIC,7,44,50,969.00,"48,450.00"
2019-05-06,2019050601007225,UIC,5,6,40,970.00,"38,800.00"
2019-05-06,2019050601007224,UIC,5,39,10,970.00,"9,700.00"
2019-05-06,2019050601007157,UIC,7,17,200,965.00,"193,000.00"
2019-05-06,2019050601007156,UIC,7,57,50,964.00,"48,200.00"
2019-05-06,2019050601007076,UIC,41,34,100,956.00,"95,600.00"
2019-05-06,2019050601007231,UMHL,37,35,50,110.00,"5,500.00"
2019-05-06,2019050601007478,UPPER,59,41,50,233.00,"11,650.00"
2019-05-06,2019050601007453,UPPER,59,41,50,233.00,"11,650.00"
2019-05-06,2019050601007252,UPPER,40,37,36,234.00,"8,424.00"
2019-05-06,2019050601007009,ADBL,53,5,100,386.00,"38,600.00"
2019-05-06,2019050601006993,ADBL,49,5,368,386.00,"142,048.00"
2019-05-06,2019050601006792,ADBL,19,6,604,386.00,"233,144.00"
2019-05-06,2019050601006791,ADBL,19,14,658,386.00,"253,988.00"
2019-05-06,2019050601006785,AHPC,49,29,42,108.00,"4,536.00"
2019-05-06,2019050601006620,AKJCL,25,44,10,79.00,790.00
2019-05-06,2019050601006619,AKJCL,25,44,20,79.00,"1,580.00"
2019-05-06,2019050601006618,AKJCL,25,44,20,79.00,"1,580.00"
2019-05-06,2019050601006617,AKJCL,25,44,10,79.00,790.00
2019-05-06,2019050601006801,AKPL,48,29,13,180.00,"2,340.00"
2019-05-06,2019050601006948,ALBSL,59,45,10,462.00,"4,620.00"
2019-05-06,2019050601006915,ALBSL,32,34,10,463.00,"4,630.00"
2019-05-06,2019050601006756,ALBSL,52,43,10,464.00,"4,640.00"
2019-05-06,2019050601006630,ALBSL,59,37,10,462.00,"4,620.00"
2019-05-06,2019050601006578,ALBSL,59,8,10,462.00,"4,620.00"
2019-05-06,2019050601006793,ALICL,33,58,504,435.00,"219,240.00"
2019-05-06,2019050601006590,ALICL,34,26,113,434.00,"49,042.00"
2019-05-06,2019050601006580,ALICL,34,59,100,433.00,"43,300.00"
2019-05-06,2019050601006579,ALICL,34,58,100,432.00,"43,200.00"
2019-05-06,2019050601006847,API,25,51,52,137.00,"7,124.00"
2019-05-06,2019050601006593,API,49,29,300,136.00,"40,800.00"
2019-05-06,2019050601006650,BNL,17,5,10,"1,760.00","17,600.00"
2019-05-06,2019050601006588,BNL,42,5,10,"1,726.00","17,260.00"
2019-05-06,2019050601006903,BNT,33,14,10,"6,975.00","69,750.00"
2019-05-06,2019050601006940,BOKL,32,42,500,280.00,"140,000.00"
2019-05-06,2019050601006925,BOKL,26,42,150,279.00,"41,850.00"
2019-05-06,2019050601006924,BOKL,26,25,400,279.00,"111,600.00"
2019-05-06,2019050601006845,BOKL,34,25,600,279.00,"167,400.00"
2019-05-06,2019050601006844,BOKL,34,43,"1,000",279.00,"279,000.00"
2019-05-06,2019050601006843,BOKL,34,53,400,279.00,"111,600.00"
2019-05-06,2019050601006608,BOKL,41,43,117,277.00,"32,409.00"
2019-05-06,2019050601006758,BOKL,1,14,70,277.00,"19,390.00"
2019-05-06,2019050601006757,BOKL,41,14,500,277.00,"138,500.00"
2019-05-06,2019050601006612,BOKL,41,6,30,278.00,"8,340.00"
2019-05-06,2019050601006611,BOKL,41,6,19,278.00,"5,282.00"
2019-05-06,2019050601006610,BOKL,41,6,328,278.00,"91,184.00"
2019-05-06,2019050601006609,BOKL,41,1,77,277.00,"21,329.00"
2019-05-06,2019050601006879,BPCL,21,56,150,372.00,"55,800.00"
2019-05-06,2019050601006878,BPCL,58,56,991,373.00,"369,643.00"
2019-05-06,2019050601006741,BPCL,58,50,55,375.00,"20,625.00"
2019-05-06,2019050601006740,BPCL,58,34,500,375.00,"187,500.00"
2019-05-06,2019050601006739,BPCL,58,44,33,375.00,"12,375.00"
2019-05-06,2019050601006738,BPCL,58,42,44,375.00,"16,500.00"
2019-05-06,2019050601006737,BPCL,58,56,377,374.00,"140,998.00"
2019-05-06,2019050601006666,BPCL,21,48,50,372.00,"18,600.00"
2019-05-06,2019050601006809,CBBL,33,14,10,960.00,"9,600.00"
2019-05-06,2019050601006808,CBBL,33,43,40,960.00,"38,400.00"
2019-05-06,2019050601006807,CBBL,33,6,200,960.00,"192,000.00"
2019-05-06,2019050601006800,CBBL,34,6,300,960.00,"288,000.00"
2019-05-06,2019050601006932,CBL,52,50,400,155.00,"62,000.00"
2019-05-06,2019050601006931,CBL,52,5,100,154.00,"15,400.00"
2019-05-06,2019050601006914,CBL,38,5,200,154.00,"30,800.00"
2019-05-06,2019050601006913,CBL,6,5,500,154.00,"77,000.00"
2019-05-06,2019050601006912,CBL,52,5,100,154.00,"15,400.00"
2019-05-06,2019050601006904,CBL,55,50,200,155.00,"31,000.00"
2019-05-06,2019050601006662,CBL,6,41,"1,000",154.00,"154,000.00"
2019-05-06,2019050601006860,CFCL,28,42,373,110.00,"41,030.00"
2019-05-06,2019050601006859,CFCL,28,35,249,110.00,"27,390.00"
2019-05-06,2019050601006858,CFCL,28,57,174,110.00,"19,140.00"
2019-05-06,2019050601006853,CHCL,28,29,53,536.00,"28,408.00"
2019-05-06,2019050601006825,CHCL,39,16,100,537.00,"53,700.00"
2019-05-06,2019050601006761,CHCL,4,33,31,535.00,"16,585.00"
2019-05-06,2019050601006560,CHCL,25,50,100,536.00,"53,600.00"
2019-05-06,2019050601007031,CHLBS,44,14,10,483.00,"4,830.00"
2019-05-06,2019050601006898,CHLBS,44,29,10,483.00,"4,830.00"
2019-05-06,2019050601006876,CHLBS,44,45,10,483.00,"4,830.00"
2019-05-06,2019050601006908,CIT,25,41,30,"2,507.00","75,210.00"
2019-05-06,2019050601006926,CLBSL,44,29,16,551.00,"8,816.00"
2019-05-06,2019050601006834,CZBIL,52,21,30,226.00,"6,780.00"
2019-05-06,2019050601007015,DBBL,10,56,600,132.00,"79,200.00"
2019-05-06,2019050601007014,DBBL,10,14,200,132.00,"26,400.00"
2019-05-06,2019050601006955,DDBL,33,44,943,727.00,"685,561.00"
2019-05-06,2019050601006954,DDBL,33,34,"1,000",726.00,"726,000.00"
2019-05-06,2019050601006953,DDBL,33,45,"1,000",725.00,"725,000.00"
2019-05-06,2019050601006952,DDBL,33,4,150,725.00,"108,750.00"
2019-05-06,2019050601006951,DDBL,33,39,387,724.00,"280,188.00"
2019-05-06,2019050601006950,DDBL,33,45,20,724.00,"14,480.00"
2019-05-06,2019050601006956,DHPL,55,29,11,80.00,880.00
2019-05-06,2019050601006704,DHPL,55,59,50,81.00,"4,050.00"
2019-05-06,2019050601006788,EBL,8,6,150,661.00,"99,150.00"
2019-05-06,2019050601006784,EBL,45,6,50,661.00,"33,050.00"
2019-05-06,2019050601006703,EBL,53,6,200,661.00,"132,200.00"
2019-05-06,2019050601006667,EBL,42,6,100,661.00,"66,100.00"
2019-05-06,2019050601006877,EIC,29,20,30,426.00,"12,780.00"
2019-05-06,2019050601006752,EIC,57,19,10,420.00,"4,200.00"
2019-05-06,2019050601006864,GBBL,58,6,153,219.00,"33,507.00"
2019-05-06,2019050601006863,GBBL,58,34,347,219.00,"75,993.00"
2019-05-06,2019050601006862,GBBL,58,59,255,219.00,"55,845.00"
2019-05-06,2019050601006861,GBBL,58,22,"1,890",219.00,"413,910.00"
2019-05-06,2019050601006849,GBBL,58,43,"1,545",218.00,"336,810.00"
2019-05-06,2019050601006848,GBBL,58,49,400,218.00,"87,200.00"
2019-05-06,2019050601007053,GBIME,43,44,43,312.00,"13,416.00"
2019-05-06,2019050601006973,GBIME,41,29,32,311.00,"9,952.00"
2019-05-06,2019050601006755,GBIME,19,55,500,312.00,"156,000.00"
2019-05-06,2019050601006687,GBIME,57,44,100,313.00,"31,300.00"
2019-05-06,2019050601006857,GBLBS,47,54,10,361.00,"3,610.00"
2019-05-06,2019050601006980,GDBL,34,49,100,212.00,"21,200.00"
2019-05-06,2019050601006979,GDBL,34,26,33,212.00,"6,996.00"
2019-05-06,2019050601006978,GDBL,34,14,990,212.00,"209,880.00"
2019-05-06,2019050601006957,GDBL,26,32,80,211.00,"16,880.00"
2019-05-06,2019050601006717,GDBL,26,33,200,211.00,"42,200.00"
2019-05-06,2019050601006909,GDBL,26,14,500,212.00,"106,000.00"
2019-05-06,2019050601006710,GILB,33,45,11,"1,195.00","13,145.00"
2019-05-06,2019050601006709,GILB,33,45,11,"1,180.00","12,980.00"
2019-05-06,2019050601007003,GLICL,26,32,100,565.00,"56,500.00"
2019-05-06,2019050601007002,GLICL,26,50,17,565.00,"9,605.00"
2019-05-06,2019050601006965,GLICL,10,50,33,565.00,"18,645.00"
2019-05-06,2019050601006867,GLICL,26,6,60,564.00,"33,840.00"
2019-05-06,2019050601006907,HBL,36,17,200,585.00,"117,000.00"
2019-05-06,2019050601006781,HDL,45,17,10,"1,490.00","14,900.00"
2019-05-06,2019050601006749,HDL,17,34,10,"1,486.00","14,860.00"
2019-05-06,2019050601006748,HDL,17,28,20,"1,485.00","29,700.00"
2019-05-06,2019050601006747,HDL,17,19,20,"1,485.00","29,700.00"
2019-05-06,2019050601007034,HIDCL,58,29,14,140.00,"1,960.00"
2019-05-06,2019050601006846,HIDCL,52,51,10,141.00,"1,410.00"
2019-05-06,2019050601006841,HIDCL,52,34,61,141.00,"8,601.00"
2019-05-06,2019050601006840,HIDCL,52,41,16,141.00,"2,256.00"
2019-05-06,2019050601006779,IGI,40,29,80,420.00,"33,600.00"
2019-05-06,2019050601007045,JBBL,10,29,40,141.00,"5,640.00"
2019-05-06,2019050601006773,JBBL,28,14,199,140.00,"27,860.00"
2019-05-06,2019050601006772,JBBL,40,14,301,140.00,"42,140.00"
2019-05-06,2019050601006635,JBBL,40,48,15,140.00,"2,100.00"
2019-05-06,2019050601006629,JBBL,40,48,15,140.00,"2,100.00"
2019-05-06,2019050601006623,JBBL,40,48,17,140.00,"2,380.00"
2019-05-06,2019050601007051,JBNL,51,29,38,203.00,"7,714.00"
2019-05-06,2019050601007040,JBNL,58,38,"1,000",204.00,"204,000.00"
2019-05-06,2019050601006982,JBNL,26,38,750,204.00,"153,000.00"
2019-05-06,2019050601006981,JBNL,26,43,250,204.00,"51,000.00"
2019-05-06,2019050601006938,JBNL,51,44,"1,733",203.00,"351,799.00"
2019-05-06,2019050601006937,JBNL,42,44,"1,267",203.00,"257,201.00"
2019-05-06,2019050601006684,JBNL,38,41,500,204.00,"102,000.00"
2019-05-06,2019050601006683,JBNL,38,34,300,204.00,"61,200.00"
2019-05-06,2019050601006614,JBNL,22,32,"1,900",203.00,"385,700.00"
2019-05-06,2019050601006586,JBNL,22,39,100,203.00,"20,300.00"
2019-05-06,2019050601006566,JBNL,58,40,750,203.00,"152,250.00"
2019-05-06,2019050601006561,JBNL,29,40,500,203.00,"101,500.00"
2019-05-06,2019050601006799,JBNL,42,32,183,203.00,"37,149.00"
2019-05-06,2019050601006798,JBNL,42,38,50,203.00,"10,150.00"
2019-05-06,2019050601006797,JBNL,22,38,850,203.00,"172,550.00"
2019-05-06,2019050601006771,JBNL,38,43,250,204.00,"51,000.00"
2019-05-06,2019050601006708,JBNL,22,17,150,203.00,"30,450.00"
2019-05-06,2019050601006685,JBNL,38,43,400,204.00,"81,600.00"
2019-05-06,2019050601006774,JFL,28,5,500,172.00,"86,000.00"
2019-05-06,2019050601006731,JFL,28,34,192,172.00,"33,024.00"
2019-05-06,2019050601007046,KBL,59,42,100,225.00,"22,500.00"
2019-05-06,2019050601006790,KBL,53,33,500,224.00,"112,000.00"
2019-05-06,2019050601006789,KBL,53,55,503,224.00,"112,672.00"
2019-05-06,2019050601006719,KBL,58,28,704,223.00,"156,992.00"
2019-05-06,2019050601006686,KBL,22,28,296,223.00,"66,008.00"
2019-05-06,2019050601006659,KBL,22,5,300,223.00,"66,900.00"
2019-05-06,2019050601006824,KMFL,49,7,16,810.00,"12,960.00"
2019-05-06,2019050601006639,KMFL,49,44,13,800.00,"10,400.00"
2019-05-06,2019050601006638,KMFL,49,45,31,799.00,"24,769.00"
2019-05-06,2019050601006637,KMFL,49,51,37,795.00,"29,415.00"
2019-05-06,2019050601006636,KMFL,49,51,37,795.00,"29,415.00"
2019-05-06,2019050601007043,KNBL,42,26,29,132.00,"3,828.00"
2019-05-06,2019050601006607,KNBL,42,29,21,132.00,"2,772.00"
2019-05-06,2019050601007010,LBBL,33,14,500,195.00,"97,500.00"
2019-05-06,2019050601006811,LBBL,5,25,100,196.00,"19,600.00"
2019-05-06,2019050601006640,LBBL,52,25,100,196.00,"19,600.00"
2019-05-06,2019050601007050,LBL,26,17,365,229.00,"83,585.00"
2019-05-06,2019050601006998,LBL,58,17,90,229.00,"20,610.00"
2019-05-06,2019050601006997,LBL,58,55,310,229.00,"70,990.00"
2019-05-06,2019050601006916,LBL,55,55,200,229.00,"45,800.00"
2019-05-06,2019050601006634,LBL,35,16,255,228.00,"58,140.00"
2019-05-06,2019050601006567,LLBS,6,50,50,788.00,"39,400.00"
2019-05-06,2019050601006842,MBL,36,36,"1,000",269.00,"269,000.00"
2019-05-06,2019050601006810,MBL,26,17,500,269.00,"134,500.00"
2019-05-06,2019050601006787,MBL,38,19,"1,000",268.00,"268,000.00"
2019-05-06,2019050601006786,MBL,38,41,50,267.00,"13,350.00"
2019-05-06,2019050601006728,MBL,53,28,974,266.00,"259,084.00"
2019-05-06,2019050601006698,MBL,36,28,26,267.00,"6,942.00"
2019-05-06,2019050601006563,MBL,36,52,74,267.00,"19,758.00"
2019-05-06,2019050601006933,MEGA,55,57,100,186.00,"18,600.00"
2019-05-06,2019050601006929,MEGA,10,57,50,186.00,"9,300.00"
2019-05-06,2019050601006923,MEGA,57,57,100,186.00,"18,600.00"
2019-05-06,2019050601006910,MEGA,10,57,50,186.00,"9,300.00"
2019-05-06,2019050601006906,MEGA,34,28,306,185.00,"56,610.00"
2019-05-06,2019050601006905,MEGA,50,28,120,185.00,"22,200.00"
2019-05-06,2019050601006672,MEGA,34,22,19,185.00,"3,515.00"
2019-05-06,2019050601006671,MEGA,34,11,100,185.00,"18,500.00"
2019-05-06,2019050601006670,MEGA,34,57,34,185.00,"6,290.00"
2019-05-06,2019050601006678,MEGA,34,43,500,186.00,"93,000.00"
2019-05-06,2019050601006677,MEGA,34,21,55,186.00,"10,230.00"
2019-05-06,2019050601006676,MEGA,34,52,100,186.00,"18,600.00"
2019-05-06,2019050601006675,MEGA,34,13,110,186.00,"20,460.00"
2019-05-06,2019050601006674,MEGA,34,29,106,186.00,"19,716.00"
2019-05-06,2019050601006673,MEGA,34,54,200,186.00,"37,200.00"
2019-05-06,2019050601006901,MEGA,10,57,50,186.00,"9,300.00"
2019-05-06,2019050601006833,MEGA,10,22,74,186.00,"13,764.00"
2019-05-06,2019050601006832,MEGA,10,26,92,186.00,"17,112.00"
2019-05-06,2019050601006681,MEGA,34,26,110,186.00,"20,460.00"
2019-05-06,2019050601006680,MEGA,34,42,111,186.00,"20,646.00"
2019-05-06,2019050601006679,MEGA,34,57,55,186.00,"10,230.00"
2019-05-06,2019050601006839,MHNL,11,54,30,91.00,"2,730.00"
2019-05-06,2019050601006806,MHNL,11,54,40,91.00,"3,640.00"
2019-05-06,2019050601006796,MHNL,11,54,10,91.00,910.00
2019-05-06,2019050601006795,MHNL,52,54,20,92.00,"1,840.00"
2019-05-06,2019050601006827,MLBBL,1,54,13,490.00,"6,370.00"
2019-05-06,2019050601006622,MNBBL,28,32,"1,000",388.00,"388,000.00"
2019-05-06,2019050601006604,MNBBL,28,48,100,387.00,"38,700.00"
2019-05-06,2019050601006603,MNBBL,28,58,847,387.00,"327,789.00"
2019-05-06,2019050601006991,NABIL,1,26,10,840.00,"8,400.00"
2019-05-06,2019050601006896,NABIL,52,26,20,840.00,"16,800.00"
2019-05-06,2019050601006777,NABIL,6,48,84,838.00,"70,392.00"
2019-05-06,2019050601006776,NABIL,34,48,10,838.00,"8,380.00"
2019-05-06,2019050601007042,NADEP,35,10,10,506.00,"5,060.00"
2019-05-06,2019050601007032,NADEP,14,44,10,508.00,"5,080.00"
2019-05-06,2019050601006921,NADEP,35,37,20,506.00,"10,120.00"
2019-05-06,2019050601006746,NBB,4,11,500,230.00,"115,000.00"
2019-05-06,2019050601006745,NBB,4,22,200,230.00,"46,000.00"
2019-05-06,2019050601006574,NBB,25,55,203,227.00,"46,081.00"
2019-05-06,2019050601006573,NBB,4,55,840,228.00,"191,520.00"
2019-05-06,2019050601006643,NBB,34,32,500,230.00,"115,000.00"
2019-05-06,2019050601006642,NBB,34,34,500,230.00,"115,000.00"
2019-05-06,2019050601006592,NBB,34,48,100,229.00,"22,900.00"
2019-05-06,2019050601006591,NBB,34,5,600,229.00,"137,400.00"
2019-05-06,2019050601006575,NBB,58,55,159,227.00,"36,093.00"
2019-05-06,2019050601006736,NBBL,52,22,50,613.00,"30,650.00"
2019-05-06,2019050601006735,NBBL,51,22,430,613.00,"263,590.00"
2019-05-06,2019050601007021,NBL,5,25,100,314.00,"31,400.00"
2019-05-06,2019050601006764,NBL,58,17,70,313.00,"21,910.00"
2019-05-06,2019050601006763,NBL,58,46,500,313.00,"156,500.00"
2019-05-06,2019050601006762,NBL,58,44,"1,000",313.00,"313,000.00"
2019-05-06,2019050601006587,NBL,6,55,122,312.00,"38,064.00"
2019-05-06,2019050601007029,NCCB,58,49,10,238.00,"2,380.00"
2019-05-06,2019050601007028,NCCB,58,44,20,237.00,"4,740.00"
2019-05-06,2019050601007027,NCCB,58,26,100,237.00,"23,700.00"
2019-05-06,2019050601007026,NCCB,58,46,500,237.00,"118,500.00"
2019-05-06,2019050601007025,NCCB,58,58,"1,000",237.00,"237,000.00"
2019-05-06,2019050601007024,NCCB,58,44,"1,990",237.00,"471,630.00"
2019-05-06,2019050601006775,NCCB,36,44,"1,000",237.00,"237,000.00"
2019-05-06,2019050601006732,NCCB,22,34,"1,000",236.00,"236,000.00"
2019-05-06,2019050601006658,NCCB,22,34,"1,000",236.00,"236,000.00"
2019-05-06,2019050601006992,NCDB,4,50,10,138.00,"1,380.00"
2019-05-06,2019050601006628,NHPC,7,49,100,69.00,"6,900.00"
2019-05-06,2019050601006613,NHPC,56,21,101,68.00,"6,868.00"
2019-05-06,2019050601006985,NIB,34,1,140,563.00,"78,820.00"
2019-05-06,2019050601006984,NIB,34,39,77,563.00,"43,351.00"
2019-05-06,2019050601006983,NIB,34,52,33,562.00,"18,546.00"
2019-05-06,2019050601006947,NIB,16,52,413,562.00,"232,106.00"
2019-05-06,2019050601006946,NIB,16,38,200,562.00,"112,400.00"
2019-05-06,2019050601006945,NIB,16,25,35,562.00,"19,670.00"
2019-05-06,2019050601006944,NIB,16,44,98,561.00,"54,978.00"
2019-05-06,2019050601006943,NIB,16,49,28,561.00,"15,708.00"
2019-05-06,2019050601006942,NIB,16,25,226,561.00,"126,786.00"
2019-05-06,2019050601006865,NIB,21,49,44,560.00,"24,640.00"
2019-05-06,2019050601006730,NIB,34,44,24,561.00,"13,464.00"
2019-05-06,2019050601006585,NIB,34,49,28,561.00,"15,708.00"
2019-05-06,2019050601006564,NIBLPF,42,26,"2,525",8.18,"20,654.50"
2019-05-06,2019050601007033,NICA,10,22,406,495.00,"200,970.00"
2019-05-06,2019050601006972,NICA,8,22,12,495.00,"5,940.00"
2019-05-06,2019050601006971,NICA,8,59,55,495.00,"27,225.00"
2019-05-06,2019050601006970,NICA,8,59,22,495.00,"10,890.00"
2019-05-06,2019050601006969,NICA,8,1,26,495.00,"12,870.00"
2019-05-06,2019050601006968,NICA,8,57,200,495.00,"99,000.00"
2019-05-06,2019050601006765,NICA,38,50,45,494.00,"22,230.00"
2019-05-06,2019050601006967,NICA,8,48,100,495.00,"49,500.00"
2019-05-06,2019050601006966,NICA,8,21,85,495.00,"42,075.00"
2019-05-06,2019050601006958,NICA,8,21,685,495.00,"339,075.00"
2019-05-06,2019050601006852,NICA,10,8,94,494.00,"46,436.00"
2019-05-06,2019050601006851,NICA,10,22,100,494.00,"49,400.00"
2019-05-06,2019050601006766,NICA,38,46,95,494.00,"46,930.00"
2019-05-06,2019050601007007,NICGF,51,34,500,9.80,"4,900.00"
2019-05-06,2019050601007006,NICGF,51,26,500,9.80,"4,900.00"
2019-05-06,2019050601007005,NICGF,51,45,100,9.79,979.00
2019-05-06,2019050601007004,NICGF,51,50,"1,000",9.78,"9,780.00"
2019-05-06,2019050601007044,NICL,34,14,200,400.00,"80,000.00"
2019-05-06,2019050601006778,NICL,34,7,400,401.00,"160,400.00"
2019-05-06,2019050601006760,NICL,40,43,500,400.00,"200,000.00"
2019-05-06,2019050601006716,NIL,36,29,300,527.00,"158,100.00"
2019-05-06,2019050601006616,NIL,57,38,100,526.00,"52,600.00"
2019-05-06,2019050601006854,NLBBL,1,50,10,530.00,"5,300.00"
2019-05-06,2019050601006665,NLBBL,36,36,200,529.00,"105,800.00"
2019-05-06,2019050601006664,NLBBL,36,59,50,529.00,"26,450.00"
2019-05-06,2019050601006663,NLBBL,36,6,45,528.00,"23,760.00"
2019-05-06,2019050601006598,NLG,34,25,22,863.00,"18,986.00"
2019-05-06,2019050601006597,NLG,34,25,40,865.00,"34,600.00"
2019-05-06,2019050601006602,NLG,46,25,48,860.00,"41,280.00"
2019-05-06,2019050601006601,NLG,41,25,60,861.00,"51,660.00"
2019-05-06,2019050601006600,NLG,35,25,20,863.00,"17,260.00"
2019-05-06,2019050601006599,NLG,48,25,10,863.00,"8,630.00"
2019-05-06,2019050601006869,NLIC,39,36,50,979.00,"48,950.00"
2019-05-06,2019050601006657,NLIC,49,47,336,975.00,"327,600.00"
2019-05-06,2019050601006656,NLIC,49,28,500,974.00,"487,000.00"
2019-05-06,2019050601006655,NLIC,49,36,500,973.00,"486,500.00"
2019-05-06,2019050601006584,NLIC,28,49,17,972.00,"16,524.00"
2019-05-06,2019050601006583,NLIC,28,17,11,972.00,"10,692.00"
2019-05-06,2019050601006813,NLICL,6,8,10,673.00,"6,730.00"
2019-05-06,2019050601007030,NMB,58,50,100,384.00,"38,400.00"
2019-05-06,2019050601006960,NMB,51,32,500,384.00,"192,000.00"
2019-05-06,2019050601006959,NMB,51,57,500,384.00,"192,000.00"
2019-05-06,2019050601006936,NMB,11,34,64,384.00,"24,576.00"
2019-05-06,2019050601006935,NMB,11,8,200,384.00,"76,800.00"
2019-05-06,2019050601006934,NMB,11,26,36,384.00,"13,824.00"
2019-05-06,2019050601006565,NMB,48,34,126,383.00,"48,258.00"
2019-05-06,2019050601006706,NMB,25,34,116,383.00,"44,428.00"
2019-05-06,2019050601006705,NMB,40,34,884,383.00,"338,572.00"
2019-05-06,2019050601006690,NMB,40,39,116,383.00,"44,428.00"
2019-05-06,2019050601006689,NMB,48,39,56,383.00,"21,448.00"
2019-05-06,2019050601006688,NMB,48,33,11,383.00,"4,213.00"
2019-05-06,2019050601006660,NMB,48,57,300,383.00,"114,900.00"
2019-05-06,2019050601006922,NMB,26,42,37,383.00,"14,171.00"
2019-05-06,2019050601006866,NMB,26,51,20,383.00,"7,660.00"
2019-05-06,2019050601006838,NMB,26,17,12,383.00,"4,596.00"
2019-05-06,2019050601006837,NMB,26,34,16,383.00,"6,128.00"
2019-05-06,2019050601006751,NMB,25,34,400,383.00,"153,200.00"
2019-05-06,2019050601006729,NMB,25,34,584,383.00,"223,672.00"
2019-05-06,2019050601007041,NMFBS,45,45,10,"1,730.00","17,300.00"
2019-05-06,2019050601006816,NMFBS,57,55,10,"1,708.00","17,080.00"
2019-05-06,2019050601006875,NNLB,46,41,25,450.00,"11,250.00"
2019-05-06,2019050601006714,NTC,38,19,420,703.00,"295,260.00"
2019-05-06,2019050601006713,NTC,38,14,190,702.00,"133,380.00"
2019-05-06,2019050601006712,NTC,38,53,400,701.00,"280,400.00"
2019-05-06,2019050601006711,NTC,38,40,90,701.00,"63,090.00"
2019-05-06,2019050601006691,NTC,36,40,10,701.00,"7,010.00"
2019-05-06,2019050601007048,PCBL,49,42,600,355.00,"213,000.00"
2019-05-06,2019050601007047,PCBL,49,46,400,355.00,"142,000.00"
2019-05-06,2019050601006977,PCBL,58,58,300,354.00,"106,200.00"
2019-05-06,2019050601006976,PCBL,58,49,110,354.00,"38,940.00"
2019-05-06,2019050601006975,PCBL,58,45,75,354.00,"26,550.00"
2019-05-06,2019050601006974,PCBL,58,6,218,354.00,"77,172.00"
2019-05-06,2019050601006707,PCBL,49,16,25,353.00,"8,825.00"
2019-05-06,2019050601006606,PCBL,49,55,368,353.00,"129,904.00"
2019-05-06,2019050601006605,PCBL,58,55,131,353.00,"46,243.00"
2019-05-06,2019050601006927,PCBL,34,6,300,354.00,"106,200.00"
2019-05-06,2019050601006900,PCBL,34,6,92,354.00,"32,568.00"
2019-05-06,2019050601006899,PCBL,34,55,108,354.00,"38,232.00"
2019-05-06,2019050601006727,PCBL,38,14,175,353.00,"61,775.00"
2019-05-06,2019050601006726,PCBL,32,14,100,353.00,"35,300.00"
2019-05-06,2019050601006725,PCBL,42,14,25,353.00,"8,825.00"
2019-05-06,2019050601006835,PFL,41,59,110,134.00,"14,740.00"
2019-05-06,2019050601007023,PIC,6,1,55,"1,103.00","60,665.00"
2019-05-06,2019050601007022,PIC,6,32,11,"1,102.00","12,122.00"
2019-05-06,2019050601006928,PIC,25,45,12,"1,100.00","13,200.00"
2019-05-06,2019050601006868,PIC,25,45,23,"1,100.00","25,300.00"
2019-05-06,2019050601006831,PIC,7,21,50,"1,101.00","55,050.00"
2019-05-06,2019050601006964,PICL,47,57,22,727.00,"15,994.00"
2019-05-06,2019050601006870,PICL,47,58,78,727.00,"56,706.00"
2019-05-06,2019050601006744,PLIC,11,29,200,486.00,"97,200.00"
2019-05-06,2019050601006743,PLIC,14,29,100,487.00,"48,700.00"
2019-05-06,2019050601006733,PMHPL,56,22,10,111.00,"1,110.00"
2019-05-06,2019050601006645,PMHPL,56,14,10,111.00,"1,110.00"
2019-05-06,2019050601007011,PRVU,49,42,100,288.00,"28,800.00"
2019-05-06,2019050601006930,PRVU,14,43,20,289.00,"5,780.00"
2019-05-06,2019050601006562,PRVU,36,46,100,287.00,"28,700.00"
2019-05-06,2019050601006804,PRVU,14,33,"1,000",287.00,"287,000.00"
2019-05-06,2019050601006803,PRVU,14,55,100,287.00,"28,700.00"
2019-05-06,2019050601006782,PRVU,36,55,"1,000",287.00,"287,000.00"
2019-05-06,2019050601006581,PRVU,46,16,14,288.00,"4,032.00"
2019-05-06,2019050601006920,PRVU,42,46,500,288.00,"144,000.00"
2019-05-06,2019050601006919,PRVU,42,49,500,288.00,"144,000.00"
2019-05-06,2019050601006918,PRVU,42,42,"3,000",288.00,"864,000.00"
2019-05-06,2019050601006917,PRVU,42,29,150,288.00,"43,200.00"
2019-05-06,2019050601006805,PRVU,14,8,320,287.00,"91,840.00"
2019-05-06,2019050601006836,RLFL,21,13,100,119.00,"11,900.00"
2019-05-06,2019050601006963,RMDC,53,29,88,654.00,"57,552.00"
2019-05-06,2019050601006962,RMDC,53,59,200,654.00,"130,800.00"
2019-05-06,2019050601006961,RMDC,53,21,12,651.00,"7,812.00"
2019-05-06,2019050601007008,RRHP,37,37,10,94.00,940.00
2019-05-06,2019050601006986,RRHP,37,37,10,94.00,940.00
2019-05-06,2019050601006949,RRHP,37,37,10,94.00,940.00
2019-05-06,2019050601006855,RRHP,37,37,10,94.00,940.00
2019-05-06,2019050601006826,RRHP,37,37,10,94.00,940.00
2019-05-06,2019050601006794,RRHP,37,37,10,94.00,940.00
2019-05-06,2019050601006589,RRHP,37,37,10,94.00,940.00
2019-05-06,2019050601006767,RRHP,37,37,10,94.00,940.00
2019-05-06,2019050601006750,RRHP,37,37,10,94.00,940.00
2019-05-06,2019050601006702,RRHP,37,37,10,94.00,940.00
2019-05-06,2019050601006644,RRHP,37,37,10,94.00,940.00
2019-05-06,2019050601006818,RSDC,34,50,192,399.00,"76,608.00"
2019-05-06,2019050601006715,RSDC,34,39,50,399.00,"19,950.00"
2019-05-06,2019050601006648,RSDC,34,57,47,399.00,"18,753.00"
2019-05-06,2019050601006559,RSDC,34,42,11,399.00,"4,389.00"
2019-05-06,2019050601006897,SADBL,49,49,12,151.00,"1,812.00"
2019-05-06,2019050601006850,SADBL,28,45,"1,300",152.00,"197,600.00"
2019-05-06,2019050601006812,SADBL,49,32,122,151.00,"18,422.00"
2019-05-06,2019050601006742,SADBL,49,49,11,151.00,"1,661.00"
2019-05-06,2019050601006627,SADBL,36,45,26,152.00,"3,952.00"
2019-05-06,2019050601007039,SANIMA,58,57,900,357.00,"321,300.00"
2019-05-06,2019050601007038,SANIMA,58,35,300,356.00,"106,800.00"
2019-05-06,2019050601007037,SANIMA,58,49,50,356.00,"17,800.00"
2019-05-06,2019050601007036,SANIMA,58,5,400,356.00,"142,400.00"
2019-05-06,2019050601007013,SANIMA,49,10,10,354.00,"3,540.00"
2019-05-06,2019050601007012,SANIMA,58,26,100,353.00,"35,300.00"
2019-05-06,2019050601006582,SANIMA,19,1,240,355.00,"85,200.00"
2019-05-06,2019050601006569,SANIMA,19,57,37,355.00,"13,135.00"
2019-05-06,2019050601006568,SANIMA,19,57,10,355.00,"3,550.00"
2019-05-06,2019050601006902,SANIMA,58,7,573,353.00,"202,269.00"
2019-05-06,2019050601006815,SANIMA,58,7,427,354.00,"151,158.00"
2019-05-06,2019050601006769,SANIMA,6,33,300,355.00,"106,500.00"
2019-05-06,2019050601006768,SANIMA,19,33,453,355.00,"160,815.00"
2019-05-06,2019050601006734,SANIMA,19,16,231,355.00,"82,005.00"
2019-05-06,2019050601006724,SANIMA,19,33,29,355.00,"10,295.00"
2019-05-06,2019050601006596,SBI,58,39,20,500.00,"10,000.00"
2019-05-06,2019050601006595,SBI,58,28,200,500.00,"100,000.00"
2019-05-06,2019050601006594,SBI,58,39,500,495.00,"247,500.00"
2019-05-06,2019050601007035,SBL,33,22,262,345.00,"90,390.00"
2019-05-06,2019050601007020,SBL,36,22,38,345.00,"13,110.00"
2019-05-06,2019050601007019,SBL,36,6,50,345.00,"17,250.00"
2019-05-06,2019050601007018,SBL,36,49,310,345.00,"106,950.00"
2019-05-06,2019050601007017,SBL,36,44,702,345.00,"242,190.00"
2019-05-06,2019050601007016,SBL,36,41,900,344.00,"309,600.00"
2019-05-06,2019050601007000,SBL,25,41,100,344.00,"34,400.00"
2019-05-06,2019050601006882,SBL,42,10,10,344.00,"3,440.00"
2019-05-06,2019050601006881,SBL,42,16,682,344.00,"234,608.00"
2019-05-06,2019050601006880,SBL,42,8,321,344.00,"110,424.00"
2019-05-06,2019050601006770,SBL,33,16,184,344.00,"63,296.00"
2019-05-06,2019050601006823,SCB,11,33,19,700.00,"13,300.00"
2019-05-06,2019050601006722,SCB,11,58,33,700.00,"23,100.00"
2019-05-06,2019050601006721,SCB,11,41,100,700.00,"70,000.00"
2019-05-06,2019050601006720,SCB,11,59,48,700.00,"33,600.00"
2019-05-06,2019050601006651,SCB,56,55,37,695.00,"25,715.00"
2019-05-06,2019050601006654,SDESI,4,4,"2,500",638.00,"1,595,000.00"
2019-05-06,2019050601006653,SDESI,38,4,295,639.00,"188,505.00"
2019-05-06,2019050601006652,SDESI,10,4,10,640.00,"6,400.00"
2019-05-06,2019050601006817,SEF,36,29,500,9.71,"4,855.00"
2019-05-06,2019050601006669,SHINE,33,28,119,251.00,"29,869.00"
2019-05-06,2019050601006626,SHINE,19,32,200,252.00,"50,400.00"
2019-05-06,2019050601006625,SHINE,19,58,50,252.00,"12,600.00"
2019-05-06,2019050601007056,SHIVM,43,33,500,385.00,"192,500.00"
2019-05-06,2019050601007055,SHIVM,43,35,"1,000",385.00,"385,000.00"
2019-05-06,2019050601007054,SHIVM,43,49,"2,450",384.00,"940,800.00"
2019-05-06,2019050601006990,SHIVM,39,49,550,384.00,"211,200.00"
2019-05-06,2019050601006989,SHIVM,39,55,150,384.00,"57,600.00"
2019-05-06,2019050601006988,SHIVM,39,58,"1,200",384.00,"460,800.00"
2019-05-06,2019050601006576,SHIVM,36,58,820,380.00,"311,600.00"
2019-05-06,2019050601006572,SHIVM,50,1,100,381.00,"38,100.00"
2019-05-06,2019050601006571,SHIVM,50,44,50,381.00,"19,050.00"
2019-05-06,2019050601006570,SHIVM,50,42,50,381.00,"19,050.00"
2019-05-06,2019050601006558,SHIVM,36,47,50,380.00,"19,000.00"
2019-05-06,2019050601006696,SHIVM,48,58,476,380.00,"180,880.00"
2019-05-06,2019050601006668,SHIVM,28,28,300,379.00,"113,700.00"
2019-05-06,2019050601006649,SHIVM,45,58,500,380.00,"190,000.00"
2019-05-06,2019050601006646,SHIVM,41,6,30,380.00,"11,400.00"
2019-05-06,2019050601006624,SHIVM,17,58,24,380.00,"9,120.00"
2019-05-06,2019050601006577,SHIVM,17,58,26,380.00,"9,880.00"
2019-05-06,2019050601006820,SHIVM,22,14,600,379.00,"227,400.00"
2019-05-06,2019050601006819,SHIVM,25,14,150,379.00,"56,850.00"
2019-05-06,2019050601006814,SHIVM,56,58,950,380.00,"361,000.00"
2019-05-06,2019050601006780,SHIVM,56,11,50,380.00,"19,000.00"
2019-05-06,2019050601006718,SHIVM,25,59,50,379.00,"18,950.00"
2019-05-06,2019050601006697,SHIVM,48,39,100,380.00,"38,000.00"
2019-05-06,2019050601006883,SHIVM,42,57,10,382.00,"3,820.00"
2019-05-06,2019050601006830,SHIVM,21,58,"1,200",381.00,"457,200.00"
2019-05-06,2019050601006829,SHIVM,21,42,45,381.00,"17,145.00"
2019-05-06,2019050601006828,SHIVM,21,58,550,380.00,"209,000.00"
2019-05-06,2019050601006822,SHIVM,22,14,550,379.00,"208,450.00"
2019-05-06,2019050601006821,SHIVM,50,14,200,379.00,"75,800.00"
2019-05-06,2019050601006889,SHIVM,42,6,50,382.00,"19,100.00"
2019-05-06,2019050601006888,SHIVM,42,29,20,382.00,"7,640.00"
2019-05-06,2019050601006887,SHIVM,42,25,50,382.00,"19,100.00"
2019-05-06,2019050601006886,SHIVM,42,19,780,382.00,"297,960.00"
2019-05-06,2019050601006885,SHIVM,42,35,50,382.00,"19,100.00"
2019-05-06,2019050601006884,SHIVM,42,39,50,382.00,"19,100.00"
2019-05-06,2019050601006987,SHIVM,39,58,100,383.00,"38,300.00"
2019-05-06,2019050601006894,SHIVM,42,41,50,383.00,"19,150.00"
2019-05-06,2019050601006893,SHIVM,42,34,"1,000",383.00,"383,000.00"
2019-05-06,2019050601006892,SHIVM,42,13,150,383.00,"57,450.00"
2019-05-06,2019050601006891,SHIVM,42,52,500,383.00,"191,500.00"
2019-05-06,2019050601006890,SHIVM,42,32,50,382.00,"19,100.00"
2019-05-06,2019050601006996,SHL,6,6,185,224.00,"41,440.00"
2019-05-06,2019050601006995,SHL,14,6,200,224.00,"44,800.00"
2019-05-06,2019050601006700,SHPC,4,18,175,262.00,"45,850.00"
2019-05-06,2019050601006699,SHPC,10,18,45,262.00,"11,790.00"
2019-05-06,2019050601007001,SIC,34,33,300,"1,352.00","405,600.00"
2019-05-06,2019050601006682,SICL,56,49,43,895.00,"38,485.00"
2019-05-06,2019050601006999,SIL,38,38,2,598.00,"1,196.00"
2019-05-06,2019050601006631,SLBS,22,26,10,967.00,"9,670.00"
2019-05-06,2019050601006632,SLBSL,49,55,10,618.00,"6,180.00"
2019-05-06,2019050601006994,SLICL,26,55,200,570.00,"114,000.00"
2019-05-06,2019050601006895,SLICL,33,55,50,570.00,"28,500.00"
2019-05-06,2019050601006874,SRBL,38,44,"1,000",257.00,"257,000.00"
2019-05-06,2019050601006873,SRBL,38,49,55,257.00,"14,135.00"
2019-05-06,2019050601006872,SRBL,38,17,100,256.00,"25,600.00"
2019-05-06,2019050601006871,SRBL,38,5,153,256.00,"39,168.00"
2019-05-06,2019050601006701,SRBL,49,33,16,255.00,"4,080.00"
2019-05-06,2019050601006633,SRBL,49,33,700,255.00,"178,500.00"
2019-05-06,2019050601006802,SWBBL,46,14,40,912.00,"36,480.00"
2019-05-06,2019050601006754,UIC,5,42,35,960.00,"33,600.00"
2019-05-06,2019050601006753,UIC,5,44,10,960.00,"9,600.00"
2019-05-06,2019050601006723,UIC,5,55,25,955.00,"23,875.00"
2019-05-06,2019050601006647,UIC,17,55,50,955.00,"47,750.00"
2019-05-06,2019050601007052,UPPER,59,37,50,233.00,"11,650.00"
2019-05-06,2019050601007049,UPPER,11,58,864,234.00,"202,176.00"
2019-05-06,2019050601006941,UPPER,59,58,300,234.00,"70,200.00"
2019-05-06,2019050601006939,UPPER,43,49,40,232.00,"9,280.00"
2019-05-06,2019050601006911,UPPER,59,16,200,233.00,"46,600.00"
2019-05-06,2019050601006856,UPPER,59,16,100,233.00,"23,300.00"
2019-05-06,2019050601006692,UPPER,52,29,170,233.00,"39,610.00"
2019-05-06,2019050601006661,UPPER,43,55,50,232.00,"11,600.00"
2019-05-06,2019050601006641,UPPER,36,29,200,233.00,"46,600.00"
2019-05-06,2019050601006621,UPPER,43,49,50,232.00,"11,600.00"
2019-05-06,2019050601006615,UPPER,43,37,40,232.00,"9,280.00"
2019-05-06,2019050601006557,UPPER,43,34,40,232.00,"9,280.00"
2019-05-06,2019050601006783,UPPER,43,17,40,232.00,"9,280.00"
2019-05-06,2019050601006759,UPPER,43,49,40,232.00,"9,280.00"
2019-05-06,2019050601006695,UPPER,52,44,40,233.00,"9,320.00"
2019-05-06,2019050601006694,UPPER,52,44,50,233.00,"11,650.00"
2019-05-06,2019050601006693,UPPER,52,44,40,233.00,"9,320.00"
2019-05-06,2019050601006374,ADBL,49,55,132,385.00,"50,820.00"
2019-05-06,2019050601006373,ADBL,5,55,12,386.00,"4,632.00"
2019-05-06,2019050601006218,ADBL,5,49,138,386.00,"53,268.00"
2019-05-06,2019050601006217,ADBL,33,49,80,386.00,"30,880.00"
2019-05-06,2019050601006206,ADBL,33,55,120,386.00,"46,320.00"
2019-05-06,2019050601006401,AKJCL,48,59,10,78.00,780.00
2019-05-06,2019050601006387,AKJCL,48,59,10,78.00,780.00
2019-05-06,2019050601006228,AKJCL,52,42,10,79.00,790.00
2019-05-06,2019050601006227,AKJCL,52,43,10,79.00,790.00
2019-05-06,2019050601006226,AKJCL,52,43,10,79.00,790.00
2019-05-06,2019050601006366,AKPL,40,25,236,181.00,"42,716.00"
2019-05-06,2019050601006365,AKPL,40,1,30,181.00,"5,430.00"
2019-05-06,2019050601006514,ALBSL,59,42,10,462.00,"4,620.00"
2019-05-06,2019050601006300,ALBSL,59,26,10,462.00,"4,620.00"
2019-05-06,2019050601006292,ALBSL,59,39,10,462.00,"4,620.00"
2019-05-06,2019050601006109,ALBSL,52,13,10,464.00,"4,640.00"
2019-05-06,2019050601006108,ALBSL,52,13,10,464.00,"4,640.00"
2019-05-06,2019050601006536,ALICL,47,5,100,431.00,"43,100.00"
2019-05-06,2019050601006527,ALICL,50,48,30,430.00,"12,900.00"
2019-05-06,2019050601006413,BOKL,53,1,110,277.00,"30,470.00"
2019-05-06,2019050601006412,BOKL,53,55,390,276.00,"107,640.00"
2019-05-06,2019050601006405,BOKL,52,55,110,276.00,"30,360.00"
2019-05-06,2019050601006404,BOKL,52,38,20,276.00,"5,520.00"
2019-05-06,2019050601006403,BOKL,52,26,70,276.00,"19,320.00"
2019-05-06,2019050601006249,BOKL,20,49,64,275.00,"17,600.00"
2019-05-06,2019050601006476,CBL,52,13,500,154.00,"77,000.00"
2019-05-06,2019050601006447,CBL,52,55,600,154.00,"92,400.00"
2019-05-06,2019050601006423,CBL,52,55,400,154.00,"61,600.00"
2019-05-06,2019050601006416,CBL,52,13,"2,600",154.00,"400,400.00"
2019-05-06,2019050601006415,CBL,45,13,400,154.00,"61,600.00"
2019-05-06,2019050601006340,CBL,52,32,173,154.00,"26,642.00"
2019-05-06,2019050601006339,CBL,52,41,500,154.00,"77,000.00"
2019-05-06,2019050601006338,CBL,52,25,891,154.00,"137,214.00"
2019-05-06,2019050601006337,CBL,52,43,162,154.00,"24,948.00"
2019-05-06,2019050601006326,CBL,41,8,30,153.00,"4,590.00"
2019-05-06,2019050601006165,CBL,52,43,78,154.00,"12,012.00"
2019-05-06,2019050601006330,CCBL,34,8,72,172.00,"12,384.00"
2019-05-06,2019050601006299,CCBL,34,39,28,172.00,"4,816.00"
2019-05-06,2019050601006257,CCBL,34,11,50,172.00,"8,600.00"
2019-05-06,2019050601006239,CCBL,34,39,16,172.00,"2,752.00"
2019-05-06,2019050601006238,CCBL,45,39,12,173.00,"2,076.00"
2019-05-06,2019050601006195,CCBL,45,34,988,173.00,"170,924.00"
2019-05-06,2019050601006144,CCBL,34,38,60,172.00,"10,320.00"
2019-05-06,2019050601006296,CHL,16,21,14,102.00,"1,428.00"
2019-05-06,2019050601006237,CHL,58,28,52,103.00,"5,356.00"
2019-05-06,2019050601006284,CHLBS,38,41,10,483.00,"4,830.00"
2019-05-06,2019050601006119,CIT,16,1,100,"2,520.00","252,000.00"
2019-05-06,2019050601006444,CMF1,51,19,"2,500",9.90,"24,750.00"
2019-05-06,2019050601006443,CMF1,51,26,500,9.90,"4,950.00"
2019-05-06,2019050601006450,CZBIL,33,55,503,225.00,"113,175.00"
2019-05-06,2019050601006449,CZBIL,33,55,21,225.00,"4,725.00"
2019-05-06,2019050601006448,CZBIL,22,55,490,226.00,"110,740.00"
2019-05-06,2019050601006402,CZBIL,22,44,10,226.00,"2,260.00"
2019-05-06,2019050601006381,CZBIL,49,8,122,226.00,"27,572.00"
2019-05-06,2019050601006380,CZBIL,49,48,100,226.00,"22,600.00"
2019-05-06,2019050601006379,CZBIL,49,29,97,226.00,"21,922.00"
2019-05-06,2019050601006357,CZBIL,33,56,479,225.00,"107,775.00"
2019-05-06,2019050601006356,CZBIL,48,56,16,225.00,"3,600.00"
2019-05-06,2019050601006355,CZBIL,35,56,34,225.00,"7,650.00"
2019-05-06,2019050601006274,CZBIL,35,17,16,225.00,"3,600.00"
2019-05-06,2019050601006123,CZBIL,48,29,10,226.00,"2,260.00"
2019-05-06,2019050601006271,DBBL,36,19,15,134.00,"2,010.00"
2019-05-06,2019050601006267,DBBL,36,22,200,133.00,"26,600.00"
2019-05-06,2019050601006225,DBBL,56,19,372,131.00,"48,732.00"
2019-05-06,2019050601006224,DBBL,26,19,100,131.00,"13,100.00"
2019-05-06,2019050601006223,DBBL,45,19,362,131.00,"47,422.00"
2019-05-06,2019050601006222,DBBL,26,19,100,132.00,"13,200.00"
2019-05-06,2019050601006221,DBBL,52,19,66,133.00,"8,778.00"
2019-05-06,2019050601006421,EBL,48,8,71,660.00,"46,860.00"
2019-05-06,2019050601006375,EBL,48,57,50,660.00,"33,000.00"
2019-05-06,2019050601006364,EBL,21,57,100,660.00,"66,000.00"
2019-05-06,2019050601006349,EBL,21,57,50,660.00,"33,000.00"
2019-05-06,2019050601006348,EBL,21,45,50,660.00,"33,000.00"
2019-05-06,2019050601006307,EBL,53,39,52,657.00,"34,164.00"
2019-05-06,2019050601006155,EBL,53,28,62,658.00,"40,796.00"
2019-05-06,2019050601006269,EIC,43,17,21,419.00,"8,799.00"
2019-05-06,2019050601006261,FMDBL,51,41,200,418.00,"83,600.00"
2019-05-06,2019050601006324,GBBL,56,21,58,216.00,"12,528.00"
2019-05-06,2019050601006323,GBBL,22,21,442,216.00,"95,472.00"
2019-05-06,2019050601006205,GBBL,42,49,600,218.00,"130,800.00"
2019-05-06,2019050601006204,GBBL,42,49,600,218.00,"130,800.00"
2019-05-06,2019050601006118,GBBL,22,19,135,216.00,"29,160.00"
2019-05-06,2019050601006117,GBBL,38,19,"1,044",217.00,"226,548.00"
2019-05-06,2019050601006116,GBBL,59,19,170,218.00,"37,060.00"
2019-05-06,2019050601006115,GBBL,43,19,200,218.00,"43,600.00"
2019-05-06,2019050601006454,GBIME,19,57,500,312.00,"156,000.00"
2019-05-06,2019050601006397,GBIME,36,44,16,313.00,"5,008.00"
2019-05-06,2019050601006253,GBIME,41,39,43,311.00,"13,373.00"
2019-05-06,2019050601006077,GBIME,38,44,500,313.00,"156,500.00"
2019-05-06,2019050601006076,GBIME,38,29,500,312.00,"156,000.00"
2019-05-06,2019050601006066,GBIME,38,44,"1,000",313.00,"313,000.00"
2019-05-06,2019050601006064,GBIME,41,43,79,311.00,"24,569.00"
2019-05-06,2019050601006385,GBLBS,26,42,30,362.00,"10,860.00"
2019-05-06,2019050601006093,GBLBS,26,42,50,362.00,"18,100.00"
2019-05-06,2019050601006247,GDBL,26,21,500,210.00,"105,000.00"
2019-05-06,2019050601006246,GDBL,57,21,500,211.00,"105,500.00"
2019-05-06,2019050601006325,HBL,34,3,500,581.00,"290,500.00"
2019-05-06,2019050601006372,HIDCL,58,41,47,140.00,"6,580.00"
2019-05-06,2019050601006078,HIDCL,58,43,61,140.00,"8,540.00"
2019-05-06,2019050601006420,HPPL,1,41,20,180.00,"3,600.00"
2019-05-06,2019050601006254,HPPL,1,41,10,180.00,"1,800.00"
2019-05-06,2019050601006483,JBBL,52,52,4,140.00,560.00
2019-05-06,2019050601006505,JBNL,58,40,"2,000",203.00,"406,000.00"
2019-05-06,2019050601006504,JBNL,58,38,20,203.00,"4,060.00"
2019-05-06,2019050601006482,JBNL,58,49,"1,000",203.00,"203,000.00"
2019-05-06,2019050601006481,JBNL,58,29,"1,000",203.00,"203,000.00"
2019-05-06,2019050601006480,JBNL,58,48,100,203.00,"20,300.00"
2019-05-06,2019050601006438,JBNL,38,48,400,203.00,"81,200.00"
2019-05-06,2019050601006166,JBNL,38,22,50,202.00,"10,100.00"
2019-05-06,2019050601006106,JBNL,45,40,700,203.00,"142,100.00"
2019-05-06,2019050601006105,JBNL,45,59,300,203.00,"60,900.00"
2019-05-06,2019050601006098,JBNL,47,40,150,202.00,"30,300.00"
2019-05-06,2019050601006097,JBNL,47,40,100,202.00,"20,200.00"
2019-05-06,2019050601006172,JBNL,38,48,100,203.00,"20,300.00"
2019-05-06,2019050601006171,JBNL,38,48,10,203.00,"2,030.00"
2019-05-06,2019050601006170,JBNL,38,6,472,203.00,"95,816.00"
