Date,Transact. No.,Symbol,Buyer,Seller,Quantity,Rate,Amount
2019-03-24,2019032401007232,ADBL,37,54,20,293.00,"5,860.00"
2019-03-24,2019032401007084,ADBL,37,35,53,293.00,"15,529.00"
2019-03-24,2019032401007083,ADBL,58,35,100,294.00,"29,400.00"
2019-03-24,2019032401007082,ADBL,56,35,47,294.00,"13,818.00"
2019-03-24,2019032401007060,ADBL,29,33,42,296.00,"12,432.00"
2019-03-24,2019032401007059,AKJCL,42,7,10,79.00,790.00
2019-03-24,2019032401007032,AKJCL,42,7,20,79.00,"1,580.00"
2019-03-24,2019032401007022,AKJCL,42,7,10,79.00,790.00
2019-03-24,2019032401007011,AKJCL,42,7,20,79.00,"1,580.00"
2019-03-24,2019032401006974,AKJCL,42,7,10,79.00,790.00
2019-03-24,2019032401006931,AKJCL,42,48,20,79.00,"1,580.00"
2019-03-24,2019032401006896,AKJCL,42,48,10,79.00,790.00
2019-03-24,2019032401006879,AKJCL,42,48,20,79.00,"1,580.00"
2019-03-24,2019032401006865,AKJCL,42,48,20,79.00,"1,580.00"
2019-03-24,2019032401006845,AKJCL,42,48,10,79.00,790.00
2019-03-24,2019032401007283,ALBSL,45,39,10,492.00,"4,920.00"
2019-03-24,2019032401007264,ALBSL,45,57,10,492.00,"4,920.00"
2019-03-24,2019032401007260,ALBSL,45,36,10,492.00,"4,920.00"
2019-03-24,2019032401007257,ALBSL,45,21,10,492.00,"4,920.00"
2019-03-24,2019032401007256,ALBSL,45,46,10,492.00,"4,920.00"
2019-03-24,2019032401007255,ALBSL,45,39,10,492.00,"4,920.00"
2019-03-24,2019032401006853,ALBSL,52,7,10,491.00,"4,910.00"
2019-03-24,2019032401006851,ALBSL,28,47,10,490.00,"4,900.00"
2019-03-24,2019032401006844,ALBSL,28,7,10,490.00,"4,900.00"
2019-03-24,2019032401006839,ALBSL,28,16,10,490.00,"4,900.00"
2019-03-24,2019032401006838,ALBSL,28,1,10,490.00,"4,900.00"
2019-03-24,2019032401006837,ALBSL,28,18,10,490.00,"4,900.00"
2019-03-24,2019032401006883,ALBSL,11,3,10,492.00,"4,920.00"
2019-03-24,2019032401006882,ALBSL,11,3,10,492.00,"4,920.00"
2019-03-24,2019032401006864,ALBSL,22,7,10,491.00,"4,910.00"
2019-03-24,2019032401006863,ALBSL,22,1,10,491.00,"4,910.00"
2019-03-24,2019032401006862,ALBSL,22,7,10,491.00,"4,910.00"
2019-03-24,2019032401006854,ALBSL,52,3,10,491.00,"4,910.00"
2019-03-24,2019032401006911,ALBSL,22,25,10,491.00,"4,910.00"
2019-03-24,2019032401006910,ALBSL,22,1,10,491.00,"4,910.00"
2019-03-24,2019032401006907,ALBSL,22,16,10,491.00,"4,910.00"
2019-03-24,2019032401006894,ALBSL,22,47,10,491.00,"4,910.00"
2019-03-24,2019032401006887,ALBSL,22,25,10,491.00,"4,910.00"
2019-03-24,2019032401006884,ALBSL,22,1,10,491.00,"4,910.00"
2019-03-24,2019032401006936,ALBSL,26,1,10,491.00,"4,910.00"
2019-03-24,2019032401006932,ALBSL,26,16,10,491.00,"4,910.00"
2019-03-24,2019032401006923,ALBSL,14,40,10,491.00,"4,910.00"
2019-03-24,2019032401006922,ALBSL,1,1,10,491.00,"4,910.00"
2019-03-24,2019032401006919,ALBSL,1,16,10,491.00,"4,910.00"
2019-03-24,2019032401006918,ALBSL,22,40,10,491.00,"4,910.00"
2019-03-24,2019032401006945,ALBSL,29,37,10,492.00,"4,920.00"
2019-03-24,2019032401006944,ALBSL,29,40,10,492.00,"4,920.00"
2019-03-24,2019032401006943,ALBSL,29,37,10,492.00,"4,920.00"
2019-03-24,2019032401006942,ALBSL,29,37,10,492.00,"4,920.00"
2019-03-24,2019032401006941,ALBSL,29,37,10,492.00,"4,920.00"
2019-03-24,2019032401006939,ALBSL,26,18,10,491.00,"4,910.00"
2019-03-24,2019032401006961,ALBSL,29,40,10,492.00,"4,920.00"
2019-03-24,2019032401006960,ALBSL,29,40,10,492.00,"4,920.00"
2019-03-24,2019032401006959,ALBSL,29,40,10,492.00,"4,920.00"
2019-03-24,2019032401006957,ALBSL,26,18,10,491.00,"4,910.00"
2019-03-24,2019032401006953,ALBSL,26,21,10,491.00,"4,910.00"
2019-03-24,2019032401006947,ALBSL,26,18,10,491.00,"4,910.00"
2019-03-24,2019032401006977,ALBSL,26,18,10,491.00,"4,910.00"
2019-03-24,2019032401006976,ALBSL,26,28,10,491.00,"4,910.00"
2019-03-24,2019032401006975,ALBSL,38,1,10,492.00,"4,920.00"
2019-03-24,2019032401006968,ALBSL,26,43,10,491.00,"4,910.00"
2019-03-24,2019032401006966,ALBSL,26,21,10,491.00,"4,910.00"
2019-03-24,2019032401006964,ALBSL,26,1,10,491.00,"4,910.00"
2019-03-24,2019032401007012,ALBSL,13,13,10,492.00,"4,920.00"
2019-03-24,2019032401007008,ALBSL,13,28,10,492.00,"4,920.00"
2019-03-24,2019032401007005,ALBSL,13,13,10,492.00,"4,920.00"
2019-03-24,2019032401007001,ALBSL,13,1,10,492.00,"4,920.00"
2019-03-24,2019032401006996,ALBSL,26,18,10,491.00,"4,910.00"
2019-03-24,2019032401006980,ALBSL,26,1,10,491.00,"4,910.00"
2019-03-24,2019032401007035,ALBSL,45,1,10,493.00,"4,930.00"
2019-03-24,2019032401007031,ALBSL,45,45,10,493.00,"4,930.00"
2019-03-24,2019032401007025,ALBSL,45,17,10,493.00,"4,930.00"
2019-03-24,2019032401007019,ALBSL,45,29,10,493.00,"4,930.00"
2019-03-24,2019032401007018,ALBSL,45,52,10,493.00,"4,930.00"
2019-03-24,2019032401007013,ALBSL,13,1,10,492.00,"4,920.00"
2019-03-24,2019032401007045,ALBSL,46,37,10,494.00,"4,940.00"
2019-03-24,2019032401007044,ALBSL,46,37,10,494.00,"4,940.00"
2019-03-24,2019032401007043,ALBSL,46,37,10,494.00,"4,940.00"
2019-03-24,2019032401007042,ALBSL,46,37,10,494.00,"4,940.00"
2019-03-24,2019032401007041,ALBSL,46,40,10,494.00,"4,940.00"
2019-03-24,2019032401007040,ALBSL,46,40,10,494.00,"4,940.00"
2019-03-24,2019032401007072,ALBSL,17,1,10,494.00,"4,940.00"
2019-03-24,2019032401007070,ALBSL,45,45,10,493.00,"4,930.00"
2019-03-24,2019032401007053,ALBSL,17,52,10,494.00,"4,940.00"
2019-03-24,2019032401007048,ALBSL,46,16,10,494.00,"4,940.00"
2019-03-24,2019032401007047,ALBSL,46,37,10,494.00,"4,940.00"
2019-03-24,2019032401007046,ALBSL,46,37,10,494.00,"4,940.00"
2019-03-24,2019032401007152,ALBSL,17,1,10,493.00,"4,930.00"
2019-03-24,2019032401007125,ALBSL,45,1,10,493.00,"4,930.00"
2019-03-24,2019032401007118,ALBSL,45,39,10,493.00,"4,930.00"
2019-03-24,2019032401007095,ALBSL,45,39,10,493.00,"4,930.00"
2019-03-24,2019032401007087,ALBSL,45,52,10,493.00,"4,930.00"
2019-03-24,2019032401007086,ALBSL,17,1,10,494.00,"4,940.00"
2019-03-24,2019032401007194,ALBSL,13,16,10,492.00,"4,920.00"
2019-03-24,2019032401007188,ALBSL,13,39,10,492.00,"4,920.00"
2019-03-24,2019032401007174,ALBSL,17,16,10,493.00,"4,930.00"
2019-03-24,2019032401007156,ALBSL,17,52,10,493.00,"4,930.00"
2019-03-24,2019032401007154,ALBSL,17,16,10,493.00,"4,930.00"
2019-03-24,2019032401007153,ALBSL,17,39,10,493.00,"4,930.00"
2019-03-24,2019032401007234,ALBSL,1,58,10,494.00,"4,940.00"
2019-03-24,2019032401007233,ALBSL,1,1,10,494.00,"4,940.00"
2019-03-24,2019032401007227,ALBSL,45,39,10,492.00,"4,920.00"
2019-03-24,2019032401007225,ALBSL,13,46,10,492.00,"4,920.00"
2019-03-24,2019032401007216,ALBSL,13,16,10,492.00,"4,920.00"
2019-03-24,2019032401007195,ALBSL,13,1,10,492.00,"4,920.00"
2019-03-24,2019032401007240,ALBSL,1,16,10,495.00,"4,950.00"
2019-03-24,2019032401007239,ALBSL,1,16,10,495.00,"4,950.00"
2019-03-24,2019032401007238,ALBSL,1,34,10,495.00,"4,950.00"
2019-03-24,2019032401007237,ALBSL,1,16,10,495.00,"4,950.00"
2019-03-24,2019032401007236,ALBSL,1,41,10,495.00,"4,950.00"
2019-03-24,2019032401007235,ALBSL,1,34,10,495.00,"4,950.00"
2019-03-24,2019032401007252,ALBSL,26,16,10,493.00,"4,930.00"
2019-03-24,2019032401007251,ALBSL,26,36,10,493.00,"4,930.00"
2019-03-24,2019032401007250,ALBSL,26,46,10,493.00,"4,930.00"
2019-03-24,2019032401007243,ALBSL,1,16,10,495.00,"4,950.00"
2019-03-24,2019032401007242,ALBSL,1,47,10,495.00,"4,950.00"
2019-03-24,2019032401007241,ALBSL,1,41,10,495.00,"4,950.00"
2019-03-24,2019032401007193,ALICL,41,19,48,381.00,"18,288.00"
2019-03-24,2019032401007192,ALICL,45,19,50,382.00,"19,100.00"
2019-03-24,2019032401007191,ALICL,17,19,50,382.00,"19,100.00"
2019-03-24,2019032401007190,ALICL,34,19,164,382.00,"62,648.00"
2019-03-24,2019032401006955,ALICL,56,56,16,383.00,"6,128.00"
2019-03-24,2019032401006978,AMFI,48,25,10,621.00,"6,210.00"
2019-03-24,2019032401007024,BARUN,45,39,200,93.00,"18,600.00"
2019-03-24,2019032401007009,BHBL,34,28,200,142.00,"28,400.00"
2019-03-24,2019032401007010,BHBL,28,28,"1,000",142.00,"142,000.00"
2019-03-24,2019032401007037,BOKL,40,33,180,243.00,"43,740.00"
2019-03-24,2019032401006950,BOKL,40,52,175,243.00,"42,525.00"
2019-03-24,2019032401006855,BOKL,22,34,100,245.00,"24,500.00"
2019-03-24,2019032401007276,BPCL,1,56,20,357.00,"7,140.00"
2019-03-24,2019032401007222,BPCL,1,58,50,357.00,"17,850.00"
2019-03-24,2019032401006847,BPCL,1,16,30,357.00,"10,710.00"
2019-03-24,2019032401007160,CBBL,45,34,50,883.00,"44,150.00"
2019-03-24,2019032401007124,CBL,49,53,"1,443",153.00,"220,779.00"
2019-03-24,2019032401007123,CBL,33,53,550,153.00,"84,150.00"
2019-03-24,2019032401007122,CBL,25,53,300,153.00,"45,900.00"
2019-03-24,2019032401007121,CBL,48,53,250,153.00,"38,250.00"
2019-03-24,2019032401007120,CBL,22,53,200,153.00,"30,600.00"
2019-03-24,2019032401007119,CBL,59,53,257,153.00,"39,321.00"
2019-03-24,2019032401007038,CBL,59,26,23,153.00,"3,519.00"
2019-03-24,2019032401007261,CFCL,57,37,305,106.00,"32,330.00"
2019-03-24,2019032401007030,CHCL,6,6,30,510.00,"15,300.00"
2019-03-24,2019032401007029,CHCL,6,22,50,507.00,"25,350.00"
2019-03-24,2019032401007246,CHLBS,6,32,20,548.00,"10,960.00"
2019-03-24,2019032401007228,CHLBS,35,57,10,541.00,"5,410.00"
2019-03-24,2019032401007081,CHLBS,35,34,10,541.00,"5,410.00"
2019-03-24,2019032401006981,CHLBS,35,36,10,541.00,"5,410.00"
2019-03-24,2019032401006938,CHLBS,35,41,10,545.00,"5,450.00"
2019-03-24,2019032401006937,CHLBS,35,38,10,545.00,"5,450.00"
2019-03-24,2019032401006885,CHLBS,14,38,10,540.00,"5,400.00"
2019-03-24,2019032401006856,CHLBS,5,16,10,542.00,"5,420.00"
2019-03-24,2019032401007266,CIT,48,35,100,"2,620.00","262,000.00"
2019-03-24,2019032401007213,CIT,38,35,13,"2,620.00","34,060.00"
2019-03-24,2019032401007198,CIT,26,35,10,"2,620.00","26,200.00"
2019-03-24,2019032401007137,CIT,52,35,50,"2,620.00","131,000.00"
2019-03-24,2019032401007136,CIT,49,35,200,"2,621.00","524,200.00"
2019-03-24,2019032401007135,CIT,56,35,20,"2,621.00","52,420.00"
2019-03-24,2019032401007134,CIT,57,35,20,"2,622.00","52,440.00"
2019-03-24,2019032401007133,CIT,50,35,20,"2,625.00","52,500.00"
2019-03-24,2019032401007132,CIT,16,35,15,"2,625.00","39,375.00"
2019-03-24,2019032401007131,CIT,34,35,50,"2,626.00","131,300.00"
2019-03-24,2019032401007130,CIT,50,35,20,"2,627.00","52,540.00"
2019-03-24,2019032401006917,CIT,11,5,40,"2,630.00","105,200.00"
2019-03-24,2019032401007146,CLBSL,11,45,10,580.00,"5,800.00"
2019-03-24,2019032401007245,CZBIL,11,16,83,205.00,"17,015.00"
2019-03-24,2019032401007244,CZBIL,42,16,17,205.00,"3,485.00"
2019-03-24,2019032401007171,CZBIL,4,14,690,208.00,"143,520.00"
2019-03-24,2019032401007170,CZBIL,4,28,"1,000",208.00,"208,000.00"
2019-03-24,2019032401007169,CZBIL,4,1,200,208.00,"41,600.00"
2019-03-24,2019032401007168,CZBIL,4,1,200,208.00,"41,600.00"
2019-03-24,2019032401006906,CZBIL,42,44,33,205.00,"6,765.00"
2019-03-24,2019032401006905,CZBIL,42,44,46,205.00,"9,430.00"
2019-03-24,2019032401007167,CZBIL,4,46,50,208.00,"10,400.00"
2019-03-24,2019032401007166,CZBIL,4,17,10,208.00,"2,080.00"
2019-03-24,2019032401007165,CZBIL,4,8,150,208.00,"31,200.00"
2019-03-24,2019032401007050,CZBIL,4,28,"1,000",207.00,"207,000.00"
2019-03-24,2019032401007049,CZBIL,4,14,300,207.00,"62,100.00"
2019-03-24,2019032401007172,DDBL,43,44,300,580.00,"174,000.00"
2019-03-24,2019032401007145,DDBL,43,35,27,580.00,"15,660.00"
2019-03-24,2019032401007006,EBL,58,40,10,555.00,"5,550.00"
2019-03-24,2019032401006985,EBL,14,13,40,550.00,"22,000.00"
2019-03-24,2019032401006984,EBL,45,13,100,551.00,"55,100.00"
2019-03-24,2019032401006983,EBL,7,13,105,551.00,"57,855.00"
2019-03-24,2019032401006982,EBL,4,13,200,552.00,"110,400.00"
2019-03-24,2019032401006973,EBL,4,57,100,552.00,"55,200.00"
2019-03-24,2019032401006991,EBL,28,13,200,548.00,"109,600.00"
2019-03-24,2019032401006990,EBL,55,13,100,548.00,"54,800.00"
2019-03-24,2019032401006989,EBL,25,13,50,548.00,"27,400.00"
2019-03-24,2019032401006988,EBL,45,13,150,548.00,"82,200.00"
2019-03-24,2019032401006987,EBL,47,13,49,548.00,"26,852.00"
2019-03-24,2019032401006986,EBL,43,13,500,550.00,"275,000.00"
2019-03-24,2019032401007144,EDBL,58,56,450,290.00,"130,500.00"
2019-03-24,2019032401007071,EDBL,58,48,50,290.00,"14,500.00"
2019-03-24,2019032401007178,FMDBL,11,19,50,361.00,"18,050.00"
2019-03-24,2019032401007177,FMDBL,39,19,50,361.00,"18,050.00"
2019-03-24,2019032401007176,FMDBL,34,19,50,362.00,"18,100.00"
2019-03-24,2019032401007249,GBIME,47,33,100,260.00,"26,000.00"
2019-03-24,2019032401006956,GBIME,22,33,300,260.00,"78,000.00"
2019-03-24,2019032401006924,GBIME,37,33,500,260.00,"130,000.00"
2019-03-24,2019032401006869,GBLBS,44,48,10,448.00,"4,480.00"
2019-03-24,2019032401006868,GBLBS,44,48,10,448.00,"4,480.00"
2019-03-24,2019032401006867,GBLBS,44,1,50,448.00,"22,400.00"
2019-03-24,2019032401007098,GDBL,46,33,180,183.00,"32,940.00"
2019-03-24,2019032401007088,GFCL,58,32,306,119.00,"36,414.00"
2019-03-24,2019032401007036,GILB,22,45,19,972.00,"18,468.00"
2019-03-24,2019032401006842,GILB,22,55,10,972.00,"9,720.00"
2019-03-24,2019032401007265,GLICL,58,46,10,501.00,"5,010.00"
2019-03-24,2019032401007143,GLICL,49,33,86,495.00,"42,570.00"
2019-03-24,2019032401007066,GLICL,49,39,14,495.00,"6,930.00"
2019-03-24,2019032401007058,GLICL,17,39,100,497.00,"49,700.00"
2019-03-24,2019032401007057,GLICL,1,39,100,497.00,"49,700.00"
2019-03-24,2019032401007056,GLICL,34,39,15,497.00,"7,455.00"
2019-03-24,2019032401007215,GUFL,7,43,282,111.00,"31,302.00"
2019-03-24,2019032401007254,HBL,25,13,13,460.00,"5,980.00"
2019-03-24,2019032401007101,HBL,57,26,26,458.00,"11,908.00"
2019-03-24,2019032401006886,HBL,22,13,100,460.00,"46,000.00"
2019-03-24,2019032401007268,IGI,22,17,10,416.00,"4,160.00"
2019-03-24,2019032401006935,IGI,22,37,10,413.00,"4,130.00"
2019-03-24,2019032401007034,IGI,28,28,30,408.00,"12,240.00"
2019-03-24,2019032401007033,IGI,4,28,70,408.00,"28,560.00"
2019-03-24,2019032401007055,JBNL,57,53,72,170.00,"12,240.00"
2019-03-24,2019032401007054,JBNL,57,22,28,170.00,"4,760.00"
2019-03-24,2019032401007004,KBL,50,52,145,234.00,"33,930.00"
2019-03-24,2019032401007003,KBL,33,52,55,234.00,"12,870.00"
2019-03-24,2019032401006952,KBL,11,52,200,235.00,"47,000.00"
2019-03-24,2019032401006858,KPCL,25,47,10,94.00,940.00
2019-03-24,2019032401006946,KPCL,58,49,10,95.00,950.00
2019-03-24,2019032401006979,KPCL,58,7,10,95.00,950.00
2019-03-24,2019032401007073,KPCL,58,7,10,95.00,950.00
2019-03-24,2019032401007063,KRBL,33,26,52,98.00,"5,096.00"
2019-03-24,2019032401007028,KRBL,57,47,30,99.00,"2,970.00"
2019-03-24,2019032401007027,KRBL,33,47,131,99.00,"12,969.00"
2019-03-24,2019032401007085,KSBBL,13,26,21,137.00,"2,877.00"
2019-03-24,2019032401007159,LBBL,14,19,10,169.00,"1,690.00"
2019-03-24,2019032401007158,LBBL,33,19,200,169.00,"33,800.00"
2019-03-24,2019032401007157,LBBL,7,19,362,170.00,"61,540.00"
2019-03-24,2019032401007272,LBL,19,5,390,188.00,"73,320.00"
2019-03-24,2019032401007271,LBL,55,5,500,188.00,"94,000.00"
2019-03-24,2019032401007270,LBL,32,5,100,189.00,"18,900.00"
2019-03-24,2019032401007269,LBL,55,5,10,189.00,"1,890.00"
2019-03-24,2019032401007189,LBL,34,16,67,190.00,"12,730.00"
2019-03-24,2019032401007129,LBL,55,43,200,189.00,"37,800.00"
2019-03-24,2019032401007128,LBL,26,43,100,189.00,"18,900.00"
2019-03-24,2019032401007127,LBL,21,43,200,189.00,"37,800.00"
2019-03-24,2019032401007126,LBL,21,43,200,189.00,"37,800.00"
2019-03-24,2019032401007026,LBL,45,16,50,190.00,"9,500.00"
2019-03-24,2019032401006930,LBL,59,16,50,190.00,"9,500.00"
2019-03-24,2019032401006908,LBL,46,16,100,190.00,"19,000.00"
2019-03-24,2019032401007275,LGIL,20,42,"1,000",506.00,"506,000.00"
2019-03-24,2019032401007149,LVF1,56,47,"5,000",9.38,"46,900.00"
2019-03-24,2019032401006890,MBL,29,8,100,218.00,"21,800.00"
2019-03-24,2019032401006889,MBL,29,37,771,217.00,"167,307.00"
2019-03-24,2019032401006888,MBL,29,41,176,217.00,"38,192.00"
2019-03-24,2019032401007259,MDB,19,58,"3,000",235.00,"705,000.00"
2019-03-24,2019032401006963,MEGA,41,53,248,160.00,"39,680.00"
2019-03-24,2019032401006962,MEGA,34,53,68,160.00,"10,880.00"
2019-03-24,2019032401006841,MLBBL,39,29,10,590.00,"5,900.00"
2019-03-24,2019032401007221,MNBBL,45,17,223,338.00,"75,374.00"
2019-03-24,2019032401007074,MNBBL,36,33,95,337.00,"32,015.00"
2019-03-24,2019032401006895,MNBBL,51,17,15,338.00,"5,070.00"
2019-03-24,2019032401006880,MNBBL,57,17,50,338.00,"16,900.00"
2019-03-24,2019032401007229,NABIL,5,44,44,712.00,"31,328.00"
2019-03-24,2019032401007203,NABIL,5,44,156,712.00,"111,072.00"
2019-03-24,2019032401006848,NADEP,29,38,10,667.00,"6,670.00"
2019-03-24,2019032401007211,NBB,45,22,250,192.00,"48,000.00"
2019-03-24,2019032401007147,NBB,29,19,384,191.00,"73,344.00"
2019-03-24,2019032401006846,NBL,57,46,620,288.00,"178,560.00"
2019-03-24,2019032401007267,NCCB,33,8,100,210.00,"21,000.00"
2019-03-24,2019032401007065,NCCB,44,21,510,209.00,"106,590.00"
2019-03-24,2019032401007051,NCCB,43,8,500,210.00,"105,000.00"
2019-03-24,2019032401007148,NEF,10,57,"2,414",8.02,"19,360.28"
2019-03-24,2019032401007140,NHDL,39,32,10,123.00,"1,230.00"
2019-03-24,2019032401007284,NHPC,58,37,100,72.00,"7,200.00"
2019-03-24,2019032401006912,NHPC,34,37,40,71.00,"2,840.00"
2019-03-24,2019032401006852,NHPC,56,37,460,71.00,"32,660.00"
2019-03-24,2019032401007093,NIB,21,50,10,530.00,"5,300.00"
2019-03-24,2019032401007092,NIB,21,42,238,530.00,"126,140.00"
2019-03-24,2019032401007091,NIB,21,54,50,529.00,"26,450.00"
2019-03-24,2019032401007090,NIB,21,57,30,529.00,"15,870.00"
2019-03-24,2019032401007064,NIB,55,49,70,528.00,"36,960.00"
2019-03-24,2019032401006892,NIBPO,28,6,665,480.00,"319,200.00"
2019-03-24,2019032401006891,NIBPO,47,6,50,481.00,"24,050.00"
2019-03-24,2019032401006850,NIBPO,47,52,300,481.00,"144,300.00"
2019-03-24,2019032401006849,NIBPO,14,52,150,481.00,"72,150.00"
2019-03-24,2019032401006951,NIBSF1,50,14,"10,000",8.50,"85,000.00"
2019-03-24,2019032401006878,NICA,13,32,"1,000",396.00,"396,000.00"
2019-03-24,2019032401006877,NICA,13,21,200,396.00,"79,200.00"
2019-03-24,2019032401006876,NICA,13,56,13,396.00,"5,148.00"
2019-03-24,2019032401006875,NICA,13,33,250,396.00,"99,000.00"
2019-03-24,2019032401006874,NICA,13,29,129,395.00,"50,955.00"
2019-03-24,2019032401006870,NICA,22,29,100,395.00,"39,500.00"
2019-03-24,2019032401006994,NICL,58,6,65,369.00,"23,985.00"
2019-03-24,2019032401007099,NIL,10,34,380,515.00,"195,700.00"
2019-03-24,2019032401007094,NIL,13,34,20,515.00,"10,300.00"
2019-03-24,2019032401007039,NIL,6,1,20,514.00,"10,280.00"
2019-03-24,2019032401007002,NIL,20,25,125,513.00,"64,125.00"
2019-03-24,2019032401006940,NIL,20,52,188,513.00,"96,444.00"
2019-03-24,2019032401007282,NLIC,1,19,11,"1,072.00","11,792.00"
2019-03-24,2019032401007023,NLIC,6,35,50,"1,075.00","53,750.00"
2019-03-24,2019032401006934,NLIC,51,42,17,"1,071.00","18,207.00"
2019-03-24,2019032401006933,NLIC,51,42,17,"1,071.00","18,207.00"
2019-03-24,2019032401006860,NLIC,57,42,17,"1,071.00","18,207.00"
2019-03-24,2019032401007116,NLICL,17,8,153,566.00,"86,598.00"
2019-03-24,2019032401007115,NLICL,4,8,100,566.00,"56,600.00"
2019-03-24,2019032401007114,NLICL,45,8,10,566.00,"5,660.00"
2019-03-24,2019032401007113,NLICL,53,8,100,566.00,"56,600.00"
2019-03-24,2019032401007112,NLICL,22,8,50,567.00,"28,350.00"
2019-03-24,2019032401007111,NLICL,34,8,100,567.00,"56,700.00"
2019-03-24,2019032401007110,NLICL,14,8,80,567.00,"45,360.00"
2019-03-24,2019032401007109,NLICL,54,8,100,567.00,"56,700.00"
2019-03-24,2019032401007108,NLICL,11,8,20,567.00,"11,340.00"
2019-03-24,2019032401007007,NLICL,18,8,200,570.00,"114,000.00"
2019-03-24,2019032401007202,NMB,11,57,150,318.00,"47,700.00"
2019-03-24,2019032401007201,NMB,25,57,100,318.00,"31,800.00"
2019-03-24,2019032401007200,NMB,44,57,250,318.00,"79,500.00"
2019-03-24,2019032401007199,NMB,55,57,500,319.00,"159,500.00"
2019-03-24,2019032401006873,NMB,44,52,50,318.00,"15,900.00"
2019-03-24,2019032401006872,NMB,1,52,100,318.00,"31,800.00"
2019-03-24,2019032401006871,NMB,59,52,50,318.00,"15,900.00"
2019-03-24,2019032401006967,NMBHF1,34,42,200,8.89,"1,778.00"
2019-03-24,2019032401007263,NMFBS,33,58,27,"1,590.00","42,930.00"
2019-03-24,2019032401007262,NMFBS,14,58,12,"1,591.00","19,092.00"
2019-03-24,2019032401007226,NMFBS,42,8,23,"1,592.00","36,616.00"
2019-03-24,2019032401007187,NMFBS,42,8,23,"1,592.00","36,616.00"
2019-03-24,2019032401007155,NMFBS,42,8,23,"1,592.00","36,616.00"
2019-03-24,2019032401007142,NMFBS,42,8,23,"1,592.00","36,616.00"
2019-03-24,2019032401007100,NMFBS,33,8,12,"1,600.00","19,200.00"
2019-03-24,2019032401006859,OHL,37,44,16,431.00,"6,896.00"
2019-03-24,2019032401007210,PCBL,28,17,33,318.00,"10,494.00"
2019-03-24,2019032401007209,PCBL,28,50,151,316.00,"47,716.00"
2019-03-24,2019032401007208,PCBL,28,38,300,316.00,"94,800.00"
2019-03-24,2019032401007207,PCBL,28,54,11,315.00,"3,465.00"
2019-03-24,2019032401007206,PCBL,28,8,100,315.00,"31,500.00"
2019-03-24,2019032401007205,PCBL,28,57,37,315.00,"11,655.00"
2019-03-24,2019032401007204,PCBL,28,21,368,315.00,"115,920.00"
2019-03-24,2019032401007097,PCBL,58,29,370,314.00,"116,180.00"
2019-03-24,2019032401007150,PIC,7,26,14,"1,008.00","14,112.00"
2019-03-24,2019032401006965,PIC,36,36,1,"1,007.00","1,007.00"
2019-03-24,2019032401006954,PIC,36,42,1,"1,007.00","1,007.00"
2019-03-24,2019032401006949,PIC,36,36,1,"1,007.00","1,007.00"
2019-03-24,2019032401006921,PIC,39,42,11,"1,008.00","11,088.00"
2019-03-24,2019032401006920,PIC,16,42,10,"1,008.00","10,080.00"
2019-03-24,2019032401006843,PIC,6,6,1,995.00,995.00
2019-03-24,2019032401007230,PICL,16,58,10,669.00,"6,690.00"
2019-03-24,2019032401007080,PICL,22,53,200,663.00,"132,600.00"
2019-03-24,2019032401007079,PICL,19,53,100,664.00,"66,400.00"
2019-03-24,2019032401007078,PICL,32,53,200,664.00,"132,800.00"
2019-03-24,2019032401007077,PICL,25,53,100,665.00,"66,500.00"
2019-03-24,2019032401007076,PICL,40,53,200,665.00,"133,000.00"
2019-03-24,2019032401007075,PICL,34,53,50,666.00,"33,300.00"
2019-03-24,2019032401006948,PICL,4,43,10,669.00,"6,690.00"
2019-03-24,2019032401007151,PMHPL,32,32,10,112.00,"1,120.00"
2019-03-24,2019032401006998,PMHPL,32,36,10,112.00,"1,120.00"
2019-03-24,2019032401006995,PMHPL,32,7,10,112.00,"1,120.00"
2019-03-24,2019032401006909,PMHPL,32,36,10,112.00,"1,120.00"
2019-03-24,2019032401006881,PMHPL,32,36,10,112.00,"1,120.00"
2019-03-24,2019032401006866,PMHPL,32,16,10,112.00,"1,120.00"
2019-03-24,2019032401007273,PRVU,49,50,10,232.00,"2,320.00"
2019-03-24,2019032401007220,PRVU,39,57,400,230.00,"92,000.00"
2019-03-24,2019032401007219,PRVU,22,57,100,231.00,"23,100.00"
2019-03-24,2019032401007218,PRVU,29,57,500,231.00,"115,500.00"
2019-03-24,2019032401007107,PRVU,29,43,500,231.00,"115,500.00"
2019-03-24,2019032401007106,PRVU,29,22,"1,000",231.00,"231,000.00"
2019-03-24,2019032401007281,RADHI,50,56,11,173.00,"1,903.00"
2019-03-24,2019032401007280,RADHI,50,58,11,172.00,"1,892.00"
2019-03-24,2019032401007279,RADHI,50,48,11,171.00,"1,881.00"
2019-03-24,2019032401007278,RADHI,50,48,11,171.00,"1,881.00"
2019-03-24,2019032401007217,RADHI,50,35,11,170.00,"1,870.00"
2019-03-24,2019032401007183,RADHI,50,49,10,170.00,"1,700.00"
2019-03-24,2019032401007186,RBCLPO,33,33,20,"8,385.00","167,700.00"
2019-03-24,2019032401007185,RBCLPO,58,33,20,"8,387.00","167,740.00"
2019-03-24,2019032401007184,RBCLPO,59,33,10,"8,388.00","83,880.00"
2019-03-24,2019032401006916,RHPC,1,48,113,93.00,"10,509.00"
2019-03-24,2019032401007231,RMDC,6,6,"1,000",525.00,"525,000.00"
2019-03-24,2019032401007214,RMDC,6,6,470,525.00,"246,750.00"
2019-03-24,2019032401007179,RMDC,53,6,30,525.00,"15,750.00"
2019-03-24,2019032401007089,RMDC,37,33,100,524.00,"52,400.00"
2019-03-24,2019032401007164,RRHP,58,32,10,99.00,990.00
2019-03-24,2019032401007104,RSDC,41,17,300,365.00,"109,500.00"
2019-03-24,2019032401007103,RSDC,52,17,50,366.00,"18,300.00"
2019-03-24,2019032401007102,RSDC,52,17,40,366.00,"14,640.00"
2019-03-24,2019032401006893,RSDC,16,16,2,366.00,732.00
2019-03-24,2019032401007117,SAEF,43,57,"1,000",9.15,"9,150.00"
2019-03-24,2019032401007197,SANIMA,56,50,198,295.00,"58,410.00"
2019-03-24,2019032401006926,SBBLJ,45,1,10,194.00,"1,940.00"
2019-03-24,2019032401007253,SBL,45,32,107,285.00,"30,495.00"
2019-03-24,2019032401007096,SCB,11,26,65,558.00,"36,270.00"
2019-03-24,2019032401007017,SDESI,34,25,11,560.00,"6,160.00"
2019-03-24,2019032401007016,SDESI,34,25,11,560.00,"6,160.00"
2019-03-24,2019032401007015,SDESI,34,6,30,558.00,"16,740.00"
2019-03-24,2019032401007014,SDESI,34,38,23,556.00,"12,788.00"
2019-03-24,2019032401006915,SDESI,10,45,10,554.00,"5,540.00"
2019-03-24,2019032401006840,SDESI,16,16,3,550.00,"1,650.00"
2019-03-24,2019032401007182,SHINE,50,22,280,233.00,"65,240.00"
2019-03-24,2019032401007181,SHINE,32,22,100,234.00,"23,400.00"
2019-03-24,2019032401007180,SHINE,6,22,41,234.00,"9,594.00"
2019-03-24,2019032401007000,SHINE,6,22,119,234.00,"27,846.00"
2019-03-24,2019032401006993,SHINE,6,57,40,234.00,"9,360.00"
2019-03-24,2019032402000052,SHIVM,22,17,140,418.00,"58,520.00"
2019-03-24,2019032402000051,SHIVM,22,14,50,418.00,"20,900.00"
2019-03-24,2019032402000050,SHIVM,22,22,100,418.00,"41,800.00"
2019-03-24,2019032402000049,SHIVM,22,43,50,418.00,"20,900.00"
2019-03-24,2019032402000048,SHIVM,22,47,50,418.00,"20,900.00"
2019-03-24,2019032402000047,SHIVM,22,26,100,418.00,"41,800.00"
2019-03-24,2019032402000004,SHIVM,38,40,50,464.00,"23,200.00"
2019-03-24,2019032402000003,SHIVM,38,28,333,464.00,"154,512.00"
2019-03-24,2019032402000002,SHIVM,38,58,10,464.00,"4,640.00"
2019-03-24,2019032402000001,SHIVM,4,57,10,464.00,"4,640.00"
2019-03-24,2019032402000010,SHIVM,38,53,50,464.00,"23,200.00"
2019-03-24,2019032402000009,SHIVM,38,50,200,464.00,"92,800.00"
2019-03-24,2019032402000008,SHIVM,38,16,300,464.00,"139,200.00"
2019-03-24,2019032402000007,SHIVM,38,49,300,464.00,"139,200.00"
2019-03-24,2019032402000006,SHIVM,38,50,300,464.00,"139,200.00"
2019-03-24,2019032402000005,SHIVM,38,40,50,464.00,"23,200.00"
2019-03-24,2019032402000016,SHIVM,47,47,10,464.00,"4,640.00"
2019-03-24,2019032402000015,SHIVM,38,47,147,464.00,"68,208.00"
2019-03-24,2019032402000014,SHIVM,38,47,50,464.00,"23,200.00"
2019-03-24,2019032402000013,SHIVM,38,25,150,464.00,"69,600.00"
2019-03-24,2019032402000012,SHIVM,38,38,10,464.00,"4,640.00"
2019-03-24,2019032402000011,SHIVM,38,53,50,464.00,"23,200.00"
2019-03-24,2019032402000027,SHIVM,38,57,90,446.00,"40,140.00"
2019-03-24,2019032402000024,SHIVM,48,16,20,455.00,"9,100.00"
2019-03-24,2019032402000023,SHIVM,48,4,30,455.00,"13,650.00"
2019-03-24,2019032402000019,SHIVM,21,47,10,464.00,"4,640.00"
2019-03-24,2019032402000018,SHIVM,47,47,10,464.00,"4,640.00"
2019-03-24,2019032402000017,SHIVM,45,47,10,464.00,"4,640.00"
2019-03-24,2019032402000033,SHIVM,17,26,400,418.00,"167,200.00"
2019-03-24,2019032402000032,SHIVM,17,45,600,418.00,"250,800.00"
2019-03-24,2019032402000031,SHIVM,58,17,10,422.00,"4,220.00"
2019-03-24,2019032402000030,SHIVM,58,49,10,430.00,"4,300.00"
2019-03-24,2019032402000029,SHIVM,58,45,10,438.00,"4,380.00"
2019-03-24,2019032402000028,SHIVM,38,56,10,446.00,"4,460.00"
2019-03-24,2019032402000046,SHIVM,22,26,10,418.00,"4,180.00"
2019-03-24,2019032402000039,SHIVM,36,26,10,418.00,"4,180.00"
2019-03-24,2019032402000038,SHIVM,22,26,50,418.00,"20,900.00"
2019-03-24,2019032402000036,SHIVM,44,26,100,418.00,"41,800.00"
2019-03-24,2019032402000035,SHIVM,58,26,20,418.00,"8,360.00"
2019-03-24,2019032402000034,SHIVM,58,26,10,418.00,"4,180.00"
2019-03-24,2019032401007224,SICL,1,3,106,866.00,"91,796.00"
2019-03-24,2019032401007062,SICL,58,3,30,866.00,"25,980.00"
2019-03-24,2019032401006914,SICL,57,3,20,866.00,"17,320.00"
2019-03-24,2019032401007061,SIFC,6,10,141,136.00,"19,176.00"
2019-03-24,2019032401007020,SIFC,43,26,84,134.00,"11,256.00"
2019-03-24,2019032401007274,SIL,44,44,300,600.00,"180,000.00"
2019-03-24,2019032401007247,SIL,10,20,500,600.00,"300,000.00"
2019-03-24,2019032401007105,SIL,54,35,58,597.00,"34,626.00"
2019-03-24,2019032401006997,SLBBL,26,56,50,490.00,"24,500.00"
2019-03-24,2019032401007277,SLBSL,25,34,10,740.00,"7,400.00"
2019-03-24,2019032401007223,SLBSL,25,16,50,726.00,"36,300.00"
2019-03-24,2019032401007196,SLBSL,32,32,10,738.00,"7,380.00"
2019-03-24,2019032401007068,SLBSL,50,16,40,726.00,"29,040.00"
2019-03-24,2019032401007052,SLBSL,18,16,110,726.00,"79,860.00"
2019-03-24,2019032401007021,SLBSL,18,58,10,726.00,"7,260.00"
2019-03-24,2019032401006899,SLBSL,18,37,10,730.00,"7,300.00"
2019-03-24,2019032401006898,SLBSL,18,59,10,730.00,"7,300.00"
2019-03-24,2019032401006897,SLBSL,18,57,10,730.00,"7,300.00"
2019-03-24,2019032401006958,SLBSL,25,19,30,738.00,"22,140.00"
2019-03-24,2019032401006904,SLBSL,18,32,10,731.00,"7,310.00"
2019-03-24,2019032401006903,SLBSL,18,37,10,730.00,"7,300.00"
2019-03-24,2019032401006902,SLBSL,18,37,10,730.00,"7,300.00"
2019-03-24,2019032401006901,SLBSL,18,11,10,730.00,"7,300.00"
2019-03-24,2019032401006900,SLBSL,18,37,10,730.00,"7,300.00"
2019-03-24,2019032401006929,SLICL,41,55,10,521.00,"5,210.00"
2019-03-24,2019032401006928,SLICL,50,55,10,522.00,"5,220.00"
2019-03-24,2019032401006927,SLICL,45,55,20,523.00,"10,460.00"
2019-03-24,2019032401007258,SPDL,45,8,150,102.00,"15,300.00"
2019-03-24,2019032401006861,SRBL,22,28,100,216.00,"21,600.00"
2019-03-24,2019032401007141,UFL,28,28,"3,000",203.00,"609,000.00"
2019-03-24,2019032402000045,UPCL,48,53,10,270.00,"2,700.00"
2019-03-24,2019032402000044,UPCL,48,32,40,270.00,"10,800.00"
2019-03-24,2019032402000043,UPCL,52,32,10,270.00,"2,700.00"
2019-03-24,2019032402000042,UPCL,52,32,10,274.00,"2,740.00"
2019-03-24,2019032402000041,UPCL,52,40,10,279.00,"2,790.00"
2019-03-24,2019032402000040,UPCL,52,4,10,284.00,"2,840.00"
2019-03-24,2019032402000037,UPCL,4,40,10,289.00,"2,890.00"
2019-03-24,2019032402000026,UPCL,38,41,50,294.00,"14,700.00"
2019-03-24,2019032402000025,UPCL,38,32,50,294.00,"14,700.00"
2019-03-24,2019032402000022,UPCL,29,40,10,300.00,"3,000.00"
2019-03-24,2019032402000021,UPCL,10,40,10,300.00,"3,000.00"
2019-03-24,2019032402000020,UPCL,47,40,10,300.00,"3,000.00"
2019-03-24,2019032401007248,UPPER,57,56,50,239.00,"11,950.00"
2019-03-24,2019032401007173,UPPER,57,40,40,239.00,"9,560.00"
2019-03-24,2019032401007163,UPPER,57,50,40,239.00,"9,560.00"
2019-03-24,2019032401007162,UPPER,57,50,50,239.00,"11,950.00"
2019-03-24,2019032401007161,UPPER,57,35,157,239.00,"37,523.00"
2019-03-24,2019032401006857,UPPER,53,34,50,238.00,"11,900.00"
2019-03-24,2019032401006970,UPPER,6,25,50,239.00,"11,950.00"
2019-03-24,2019032401006969,UPPER,6,52,50,239.00,"11,950.00"
2019-03-24,2019032401006925,UPPER,53,18,40,238.00,"9,520.00"
2019-03-24,2019032401006913,UPPER,53,16,40,238.00,"9,520.00"
2019-03-24,2019032401006999,UPPER,52,35,243,239.00,"58,077.00"
2019-03-24,2019032401006992,UPPER,53,34,50,238.00,"11,900.00"
2019-03-24,2019032401006972,UPPER,53,18,40,238.00,"9,520.00"
2019-03-24,2019032401006971,UPPER,6,35,100,239.00,"23,900.00"
2019-03-24,2019032401007139,UPPER,57,25,26,238.00,"6,188.00"
2019-03-24,2019032401007138,UPPER,53,25,24,238.00,"5,712.00"
2019-03-24,2019032401007067,UPPER,53,52,243,238.00,"57,834.00"
2019-03-24,2019032401007175,VLBS,11,45,12,650.00,"7,800.00"
2019-03-24,2019032401006617,ADBL,29,59,600,296.00,"177,600.00"
2019-03-24,2019032401006598,ADBL,29,53,214,296.00,"63,344.00"
2019-03-24,2019032401006597,ADBL,29,34,50,296.00,"14,800.00"
2019-03-24,2019032401006596,ADBL,29,49,800,296.00,"236,800.00"
2019-03-24,2019032401006595,ADBL,29,51,69,296.00,"20,424.00"
2019-03-24,2019032401006594,ADBL,29,47,35,295.00,"10,325.00"
2019-03-24,2019032401006593,ADBL,29,59,190,295.00,"56,050.00"
2019-03-24,2019032401006836,AKJCL,42,48,20,79.00,"1,580.00"
2019-03-24,2019032401006822,AKJCL,42,48,10,79.00,790.00
2019-03-24,2019032401006808,AKJCL,42,48,10,79.00,790.00
2019-03-24,2019032401006799,AKJCL,42,48,10,79.00,790.00
2019-03-24,2019032401006770,AKJCL,42,48,20,79.00,"1,580.00"
2019-03-24,2019032401006690,AKJCL,42,48,10,79.00,790.00
2019-03-24,2019032401006478,AKJCL,38,48,10,79.00,790.00
2019-03-24,2019032401006356,AKJCL,38,10,20,79.00,"1,580.00"
2019-03-24,2019032401006673,AKJCL,42,48,20,79.00,"1,580.00"
2019-03-24,2019032401006649,AKJCL,38,48,20,79.00,"1,580.00"
2019-03-24,2019032401006637,AKJCL,38,48,10,79.00,790.00
2019-03-24,2019032401006613,AKJCL,38,48,20,79.00,"1,580.00"
2019-03-24,2019032401006548,AKJCL,38,48,20,79.00,"1,580.00"
2019-03-24,2019032401006500,AKJCL,38,48,10,79.00,790.00
2019-03-24,2019032401006835,ALBSL,28,47,10,490.00,"4,900.00"
2019-03-24,2019032401006832,ALBSL,28,7,10,490.00,"4,900.00"
2019-03-24,2019032401006821,ALBSL,28,49,10,490.00,"4,900.00"
2019-03-24,2019032401006820,ALBSL,28,58,10,490.00,"4,900.00"
2019-03-24,2019032401006817,ALBSL,28,38,10,490.00,"4,900.00"
2019-03-24,2019032401006812,ALBSL,28,47,10,490.00,"4,900.00"
2019-03-24,2019032401006358,ALBSL,39,43,10,494.00,"4,940.00"
2019-03-24,2019032401006355,ALBSL,39,18,10,494.00,"4,940.00"
2019-03-24,2019032401006346,ALBSL,39,49,10,494.00,"4,940.00"
2019-03-24,2019032401006340,ALBSL,39,25,10,494.00,"4,940.00"
2019-03-24,2019032401006371,ALBSL,57,48,10,494.00,"4,940.00"
2019-03-24,2019032401006370,ALBSL,57,44,10,494.00,"4,940.00"
2019-03-24,2019032401006369,ALBSL,57,36,10,494.00,"4,940.00"
2019-03-24,2019032401006361,ALBSL,57,58,10,494.00,"4,940.00"
2019-03-24,2019032401006360,ALBSL,57,11,10,494.00,"4,940.00"
2019-03-24,2019032401006359,ALBSL,39,49,10,494.00,"4,940.00"
2019-03-24,2019032401006382,ALBSL,39,49,10,493.00,"4,930.00"
2019-03-24,2019032401006381,ALBSL,16,35,10,494.00,"4,940.00"
2019-03-24,2019032401006379,ALBSL,16,18,10,494.00,"4,940.00"
2019-03-24,2019032401006376,ALBSL,16,49,10,494.00,"4,940.00"
2019-03-24,2019032401006375,ALBSL,16,16,10,494.00,"4,940.00"
2019-03-24,2019032401006372,ALBSL,16,25,10,494.00,"4,940.00"
2019-03-24,2019032401006395,ALBSL,22,18,10,493.00,"4,930.00"
2019-03-24,2019032401006393,ALBSL,22,48,10,493.00,"4,930.00"
2019-03-24,2019032401006392,ALBSL,22,25,10,493.00,"4,930.00"
2019-03-24,2019032401006390,ALBSL,22,48,10,493.00,"4,930.00"
2019-03-24,2019032401006386,ALBSL,22,48,10,494.00,"4,940.00"
2019-03-24,2019032401006384,ALBSL,39,59,10,493.00,"4,930.00"
2019-03-24,2019032401006417,ALBSL,22,57,10,493.00,"4,930.00"
2019-03-24,2019032401006407,ALBSL,22,18,10,493.00,"4,930.00"
2019-03-24,2019032401006406,ALBSL,22,57,10,493.00,"4,930.00"
2019-03-24,2019032401006402,ALBSL,22,48,10,493.00,"4,930.00"
2019-03-24,2019032401006398,ALBSL,22,48,10,493.00,"4,930.00"
2019-03-24,2019032401006396,ALBSL,22,49,10,493.00,"4,930.00"
2019-03-24,2019032401006435,ALBSL,45,36,10,494.00,"4,940.00"
2019-03-24,2019032401006433,ALBSL,57,18,10,493.00,"4,930.00"
2019-03-24,2019032401006426,ALBSL,57,26,10,493.00,"4,930.00"
2019-03-24,2019032401006425,ALBSL,57,59,10,493.00,"4,930.00"
2019-03-24,2019032401006423,ALBSL,57,49,10,493.00,"4,930.00"
2019-03-24,2019032401006422,ALBSL,57,44,10,493.00,"4,930.00"
2019-03-24,2019032401006441,ALBSL,45,48,10,494.00,"4,940.00"
2019-03-24,2019032401006440,ALBSL,45,48,10,494.00,"4,940.00"
2019-03-24,2019032401006439,ALBSL,45,48,10,494.00,"4,940.00"
2019-03-24,2019032401006438,ALBSL,45,36,10,494.00,"4,940.00"
2019-03-24,2019032401006437,ALBSL,45,36,10,494.00,"4,940.00"
2019-03-24,2019032401006436,ALBSL,45,53,10,494.00,"4,940.00"
2019-03-24,2019032401006447,ALBSL,45,43,10,495.00,"4,950.00"
2019-03-24,2019032401006446,ALBSL,45,51,10,495.00,"4,950.00"
2019-03-24,2019032401006445,ALBSL,45,47,10,495.00,"4,950.00"
2019-03-24,2019032401006444,ALBSL,45,16,10,495.00,"4,950.00"
2019-03-24,2019032401006443,ALBSL,45,47,10,495.00,"4,950.00"
2019-03-24,2019032401006442,ALBSL,45,48,10,494.00,"4,940.00"
2019-03-24,2019032401006453,ALBSL,45,51,10,495.00,"4,950.00"
2019-03-24,2019032401006452,ALBSL,45,41,10,495.00,"4,950.00"
2019-03-24,2019032401006451,ALBSL,45,51,10,495.00,"4,950.00"
2019-03-24,2019032401006450,ALBSL,45,51,10,495.00,"4,950.00"
2019-03-24,2019032401006449,ALBSL,45,51,10,495.00,"4,950.00"
2019-03-24,2019032401006448,ALBSL,45,58,10,495.00,"4,950.00"
2019-03-24,2019032401006470,ALBSL,57,18,10,493.00,"4,930.00"
2019-03-24,2019032401006468,ALBSL,57,49,10,493.00,"4,930.00"
2019-03-24,2019032401006466,ALBSL,57,48,10,493.00,"4,930.00"
2019-03-24,2019032401006465,ALBSL,57,44,10,493.00,"4,930.00"
2019-03-24,2019032401006458,ALBSL,57,48,10,493.00,"4,930.00"
2019-03-24,2019032401006454,ALBSL,57,49,10,493.00,"4,930.00"
2019-03-24,2019032401006496,ALBSL,10,1,10,494.00,"4,940.00"
2019-03-24,2019032401006493,ALBSL,10,16,10,494.00,"4,940.00"
2019-03-24,2019032401006491,ALBSL,10,48,10,494.00,"4,940.00"
2019-03-24,2019032401006490,ALBSL,10,18,10,494.00,"4,940.00"
2019-03-24,2019032401006475,ALBSL,57,48,10,493.00,"4,930.00"
2019-03-24,2019032401006472,ALBSL,57,44,10,493.00,"4,930.00"
2019-03-24,2019032401006525,ALBSL,57,1,10,493.00,"4,930.00"
2019-03-24,2019032401006522,ALBSL,57,48,10,493.00,"4,930.00"
2019-03-24,2019032401006514,ALBSL,57,18,10,493.00,"4,930.00"
2019-03-24,2019032401006513,ALBSL,57,45,10,493.00,"4,930.00"
2019-03-24,2019032401006511,ALBSL,57,40,10,493.00,"4,930.00"
2019-03-24,2019032401006499,ALBSL,10,18,10,494.00,"4,940.00"
2019-03-24,2019032401006541,ALBSL,16,45,10,493.00,"4,930.00"
2019-03-24,2019032401006539,ALBSL,40,48,10,493.00,"4,930.00"
2019-03-24,2019032401006531,ALBSL,40,44,10,493.00,"4,930.00"
2019-03-24,2019032401006529,ALBSL,40,10,10,493.00,"4,930.00"
2019-03-24,2019032401006528,ALBSL,57,10,10,493.00,"4,930.00"
2019-03-24,2019032401006526,ALBSL,57,40,10,493.00,"4,930.00"
2019-03-24,2019032401006564,ALBSL,39,58,10,493.00,"4,930.00"
2019-03-24,2019032401006556,ALBSL,39,48,10,493.00,"4,930.00"
2019-03-24,2019032401006554,ALBSL,16,44,10,493.00,"4,930.00"
2019-03-24,2019032401006552,ALBSL,16,40,10,493.00,"4,930.00"
2019-03-24,2019032401006547,ALBSL,16,18,10,493.00,"4,930.00"
2019-03-24,2019032401006545,ALBSL,16,40,10,493.00,"4,930.00"
2019-03-24,2019032401006578,ALBSL,39,40,10,493.00,"4,930.00"
2019-03-24,2019032401006575,ALBSL,39,18,10,493.00,"4,930.00"
2019-03-24,2019032401006573,ALBSL,39,25,10,493.00,"4,930.00"
2019-03-24,2019032401006571,ALBSL,39,18,10,493.00,"4,930.00"
2019-03-24,2019032401006569,ALBSL,39,45,10,493.00,"4,930.00"
2019-03-24,2019032401006568,ALBSL,39,1,10,493.00,"4,930.00"
2019-03-24,2019032401006608,ALBSL,34,44,10,493.00,"4,930.00"
2019-03-24,2019032401006603,ALBSL,45,58,10,492.00,"4,920.00"
2019-03-24,2019032401006592,ALBSL,45,48,10,492.00,"4,920.00"
2019-03-24,2019032401006590,ALBSL,45,8,10,492.00,"4,920.00"
2019-03-24,2019032401006581,ALBSL,39,1,10,493.00,"4,930.00"
2019-03-24,2019032401006579,ALBSL,39,44,10,493.00,"4,930.00"
2019-03-24,2019032401006626,ALBSL,45,35,120,492.00,"59,040.00"
2019-03-24,2019032401006623,ALBSL,45,48,10,492.00,"4,920.00"
2019-03-24,2019032401006621,ALBSL,45,44,10,492.00,"4,920.00"
2019-03-24,2019032401006619,ALBSL,45,8,10,492.00,"4,920.00"
2019-03-24,2019032401006618,ALBSL,45,48,10,492.00,"4,920.00"
2019-03-24,2019032401006611,ALBSL,34,8,10,493.00,"4,930.00"
2019-03-24,2019032401006640,ALBSL,54,48,10,491.00,"4,910.00"
2019-03-24,2019032401006636,ALBSL,54,1,10,491.00,"4,910.00"
2019-03-24,2019032401006630,ALBSL,19,35,40,491.00,"19,640.00"
2019-03-24,2019032401006629,ALBSL,48,35,20,492.00,"9,840.00"
2019-03-24,2019032401006628,ALBSL,7,35,300,492.00,"147,600.00"
2019-03-24,2019032401006627,ALBSL,35,35,20,492.00,"9,840.00"
2019-03-24,2019032401006657,ALBSL,43,36,10,491.00,"4,910.00"
2019-03-24,2019032401006655,ALBSL,43,18,10,491.00,"4,910.00"
2019-03-24,2019032401006652,ALBSL,43,44,10,491.00,"4,910.00"
2019-03-24,2019032401006651,ALBSL,54,36,10,491.00,"4,910.00"
2019-03-24,2019032401006650,ALBSL,54,1,10,491.00,"4,910.00"
2019-03-24,2019032401006642,ALBSL,54,48,10,491.00,"4,910.00"
2019-03-24,2019032401006672,ALBSL,36,48,10,492.00,"4,920.00"
2019-03-24,2019032401006668,ALBSL,43,47,10,491.00,"4,910.00"
2019-03-24,2019032401006667,ALBSL,16,35,500,492.00,"246,000.00"
2019-03-24,2019032401006664,ALBSL,43,16,10,491.00,"4,910.00"
2019-03-24,2019032401006663,ALBSL,43,36,10,491.00,"4,910.00"
2019-03-24,2019032401006662,ALBSL,43,48,10,491.00,"4,910.00"
2019-03-24,2019032401006689,ALBSL,43,44,10,491.00,"4,910.00"
2019-03-24,2019032401006687,ALBSL,43,18,10,491.00,"4,910.00"
2019-03-24,2019032401006684,ALBSL,43,34,10,491.00,"4,910.00"
2019-03-24,2019032401006678,ALBSL,43,1,10,491.00,"4,910.00"
2019-03-24,2019032401006676,ALBSL,6,48,10,493.00,"4,930.00"
2019-03-24,2019032401006675,ALBSL,6,48,10,493.00,"4,930.00"
2019-03-24,2019032401006704,ALBSL,43,47,10,491.00,"4,910.00"
2019-03-24,2019032401006703,ALBSL,43,34,10,491.00,"4,910.00"
2019-03-24,2019032401006695,ALBSL,43,16,10,491.00,"4,910.00"
2019-03-24,2019032401006694,ALBSL,29,48,10,494.00,"4,940.00"
2019-03-24,2019032401006692,ALBSL,29,21,10,494.00,"4,940.00"
2019-03-24,2019032401006691,ALBSL,29,36,10,492.00,"4,920.00"
2019-03-24,2019032401006722,ALBSL,43,21,10,491.00,"4,910.00"
2019-03-24,2019032401006721,ALBSL,43,18,10,491.00,"4,910.00"
2019-03-24,2019032401006714,ALBSL,43,16,10,491.00,"4,910.00"
2019-03-24,2019032401006713,ALBSL,43,1,10,491.00,"4,910.00"
2019-03-24,2019032401006712,ALBSL,43,48,10,491.00,"4,910.00"
2019-03-24,2019032401006711,ALBSL,43,44,10,491.00,"4,910.00"
2019-03-24,2019032401006739,ALBSL,43,44,10,491.00,"4,910.00"
2019-03-24,2019032401006738,ALBSL,43,48,10,491.00,"4,910.00"
2019-03-24,2019032401006736,ALBSL,43,1,10,491.00,"4,910.00"
2019-03-24,2019032401006728,ALBSL,43,47,10,491.00,"4,910.00"
2019-03-24,2019032401006726,ALBSL,43,48,10,491.00,"4,910.00"
2019-03-24,2019032401006725,ALBSL,43,44,10,491.00,"4,910.00"
2019-03-24,2019032401006773,ALBSL,43,44,10,491.00,"4,910.00"
2019-03-24,2019032401006772,ALBSL,43,3,10,491.00,"4,910.00"
2019-03-24,2019032401006758,ALBSL,43,18,10,491.00,"4,910.00"
2019-03-24,2019032401006755,ALBSL,43,48,10,491.00,"4,910.00"
2019-03-24,2019032401006754,ALBSL,43,47,10,491.00,"4,910.00"
2019-03-24,2019032401006741,ALBSL,43,3,10,491.00,"4,910.00"
2019-03-24,2019032401006811,ALBSL,28,1,10,490.00,"4,900.00"
2019-03-24,2019032401006804,ALBSL,28,18,10,490.00,"4,900.00"
2019-03-24,2019032401006803,ALBSL,28,48,10,490.00,"4,900.00"
2019-03-24,2019032401006792,ALBSL,28,47,10,490.00,"4,900.00"
2019-03-24,2019032401006781,ALBSL,28,48,10,490.00,"4,900.00"
2019-03-24,2019032401006776,ALBSL,34,16,10,491.00,"4,910.00"
2019-03-24,2019032401006683,ALICL,34,33,336,382.00,"128,352.00"
2019-03-24,2019032401006682,ALICL,6,33,64,382.00,"24,448.00"
2019-03-24,2019032401006624,ALICL,49,49,432,383.00,"165,456.00"
2019-03-24,2019032401006605,ALICL,6,33,346,382.00,"132,172.00"
2019-03-24,2019032401006604,ALICL,34,33,254,383.00,"97,282.00"
2019-03-24,2019032401006591,ALICL,34,35,46,383.00,"17,618.00"
2019-03-24,2019032401006357,ALICL,57,50,20,384.00,"7,680.00"
2019-03-24,2019032401006679,AMFI,6,6,10,630.00,"6,300.00"
2019-03-24,2019032401006476,API,37,10,18,132.00,"2,376.00"
2019-03-24,2019032401006778,BHBL,5,21,100,144.00,"14,400.00"
2019-03-24,2019032401006622,BHBL,58,28,"1,000",142.00,"142,000.00"
2019-03-24,2019032401006813,BOKL,43,46,190,244.00,"46,360.00"
2019-03-24,2019032401006574,BOKL,51,46,100,244.00,"24,400.00"
2019-03-24,2019032401006469,BOKL,40,51,75,243.00,"18,225.00"
2019-03-24,2019032401006338,BOKL,57,46,"1,000",244.00,"244,000.00"
2019-03-24,2019032401006757,BPCL,1,16,20,357.00,"7,140.00"
2019-03-24,2019032401006724,BPCL,1,16,15,357.00,"5,355.00"
2019-03-24,2019032401006723,BPCL,56,16,15,357.00,"5,355.00"
2019-03-24,2019032401006414,BPCL,56,16,30,357.00,"10,710.00"
2019-03-24,2019032401006413,BPCL,25,16,30,357.00,"10,710.00"
2019-03-24,2019032401006681,CBBL,34,37,30,882.00,"26,460.00"
2019-03-24,2019032401006416,CBBL,34,16,90,882.00,"79,380.00"
2019-03-24,2019032401006486,CBL,25,44,50,154.00,"7,700.00"
2019-03-24,2019032401006471,CBL,25,44,100,154.00,"15,400.00"
2019-03-24,2019032401006756,CCBL,21,25,33,159.00,"5,247.00"
2019-03-24,2019032401006587,CCBL,21,48,320,159.00,"50,880.00"
2019-03-24,2019032401006586,CCBL,11,48,200,159.00,"31,800.00"
2019-03-24,2019032401006585,CCBL,19,48,100,159.00,"15,900.00"
2019-03-24,2019032401006584,CCBL,36,48,266,159.00,"42,294.00"
2019-03-24,2019032401006456,CCBL,36,26,10,159.00,"1,590.00"
2019-03-24,2019032401006498,CEFL,4,42,10,97.00,970.00
2019-03-24,2019032401006648,CFCL,42,59,42,106.00,"4,452.00"
2019-03-24,2019032401006553,CFCL,42,32,58,106.00,"6,148.00"
2019-03-24,2019032401006635,CHCL,43,55,171,500.00,"85,500.00"
2019-03-24,2019032401006634,CHCL,42,55,100,500.00,"50,000.00"
2019-03-24,2019032401006633,CHCL,26,55,969,500.00,"484,500.00"
2019-03-24,2019032401006632,CHCL,32,55,100,501.00,"50,100.00"
2019-03-24,2019032401006631,CHCL,22,55,30,501.00,"15,030.00"
2019-03-24,2019032401006602,CHCL,22,18,30,501.00,"15,030.00"
2019-03-24,2019032401006819,CHLBS,5,16,10,542.00,"5,420.00"
2019-03-24,2019032401006750,CHLBS,7,26,10,542.00,"5,420.00"
2019-03-24,2019032401006727,CHLBS,7,34,10,542.00,"5,420.00"
2019-03-24,2019032401006688,CHLBS,7,21,10,542.00,"5,420.00"
2019-03-24,2019032401006680,CHLBS,7,58,10,542.00,"5,420.00"
2019-03-24,2019032401006467,CIT,34,35,305,"2,635.00","803,675.00"
2019-03-24,2019032401006779,CZBIL,42,45,10,205.00,"2,050.00"
2019-03-24,2019032401006764,CZBIL,42,16,14,205.00,"2,870.00"
2019-03-24,2019032401006763,CZBIL,26,16,57,205.00,"11,685.00"
2019-03-24,2019032401006762,CZBIL,40,16,416,205.00,"85,280.00"
2019-03-24,2019032401006761,CZBIL,22,16,613,206.00,"126,278.00"
2019-03-24,2019032401006421,CZBIL,45,14,200,207.00,"41,400.00"
2019-03-24,2019032401006374,CZBIL,58,1,100,208.00,"20,800.00"
2019-03-24,2019032401006645,DBBL,7,29,"1,000",125.00,"125,000.00"
2019-03-24,2019032401006606,DBBL,26,45,20,126.00,"2,520.00"
2019-03-24,2019032401006530,DBBL,26,26,3,124.00,372.00
2019-03-24,2019032401006495,DBBL,7,10,528,125.00,"66,000.00"
2019-03-24,2019032401006494,DBBL,1,10,100,125.00,"12,500.00"
2019-03-24,2019032401006661,EBL,57,6,67,552.00,"36,984.00"
2019-03-24,2019032401006660,EBL,57,54,502,552.00,"277,104.00"
2019-03-24,2019032401006659,EBL,57,39,200,551.00,"110,200.00"
2019-03-24,2019032401006507,EBL,49,39,50,551.00,"27,550.00"
2019-03-24,2019032401006354,EBL,29,32,11,550.00,"6,050.00"
2019-03-24,2019032401006520,GBBL,34,50,500,185.00,"92,500.00"
2019-03-24,2019032401006519,GBBL,10,50,200,185.00,"37,000.00"
2019-03-24,2019032401006518,GBBL,39,50,144,185.00,"26,640.00"
2019-03-24,2019032401006517,GBBL,11,50,75,186.00,"13,950.00"
2019-03-24,2019032401006510,GBBL,11,48,25,186.00,"4,650.00"
2019-03-24,2019032401006509,GBBL,4,48,150,186.00,"27,900.00"
2019-03-24,2019032401006674,GBIME,55,33,500,260.00,"130,000.00"
2019-03-24,2019032401006457,GBIME,37,33,189,260.00,"49,140.00"
2019-03-24,2019032401006418,GBLBS,44,26,80,447.00,"35,760.00"
2019-03-24,2019032401006506,GDBL,46,28,255,183.00,"46,665.00"
2019-03-24,2019032401006505,GDBL,40,28,335,183.00,"61,305.00"
2019-03-24,2019032401006504,GDBL,25,28,200,184.00,"36,800.00"
2019-03-24,2019032401006503,GDBL,57,28,210,184.00,"38,640.00"
2019-03-24,2019032401006831,GILB,22,42,20,972.00,"19,440.00"
2019-03-24,2019032401006400,HBL,57,39,18,458.00,"8,244.00"
2019-03-24,2019032401006669,HIDCL,44,19,100,132.00,"13,200.00"
2019-03-24,2019032401006805,HPPL,1,45,10,182.00,"1,820.00"
2019-03-24,2019032401006825,JBNL,38,6,350,169.00,"59,150.00"
2019-03-24,2019032401006802,JFL,50,8,"5,000",166.00,"830,000.00"
2019-03-24,2019032401006801,JFL,50,8,30,166.00,"4,980.00"
2019-03-24,2019032401006342,JFL,50,8,400,163.00,"65,200.00"
2019-03-24,2019032401006341,JFL,50,8,60,166.00,"9,960.00"
2019-03-24,2019032401006489,KBL,33,26,185,234.00,"43,290.00"
2019-03-24,2019032401006403,KBL,33,32,102,235.00,"23,970.00"
2019-03-24,2019032401006601,KKHC,16,3,16,77.00,"1,232.00"
2019-03-24,2019032401006373,KPCL,25,10,10,94.00,940.00
2019-03-24,2019032401006705,KRBL,33,57,300,99.00,"29,700.00"
2019-03-24,2019032401006795,LBBL,16,57,100,171.00,"17,100.00"
2019-03-24,2019032401006700,LBBL,7,36,50,170.00,"8,500.00"
2019-03-24,2019032401006580,LBBL,7,32,30,170.00,"5,100.00"
2019-03-24,2019032401006794,LBL,39,52,66,189.00,"12,474.00"
2019-03-24,2019032401006753,LBL,49,52,434,189.00,"82,026.00"
2019-03-24,2019032401006708,LBL,49,37,120,189.00,"22,680.00"
2019-03-24,2019032401006707,LBL,37,37,380,189.00,"71,820.00"
2019-03-24,2019032401006639,LBL,39,16,200,190.00,"38,000.00"
2019-03-24,2019032401006614,LBL,26,37,20,191.00,"3,820.00"
2019-03-24,2019032401006501,LBL,19,16,654,190.00,"124,260.00"
2019-03-24,2019032401006474,LBL,21,16,100,190.00,"19,000.00"
2019-03-24,2019032401006380,LBL,11,16,100,190.00,"19,000.00"
2019-03-24,2019032401006481,LEMF,26,35,"5,000",7.30,"36,500.00"
2019-03-24,2019032401006389,LICN,34,25,73,"1,495.00","109,135.00"
2019-03-24,2019032401006388,LICN,34,5,100,"1,495.00","149,500.00"
2019-03-24,2019032401006492,MEGA,55,14,99,161.00,"15,939.00"
2019-03-24,2019032401006339,MEGA,34,19,32,160.00,"5,120.00"
2019-03-24,2019032401006818,MFIL,20,49,85,113.00,"9,605.00"
2019-03-24,2019032401006480,MNBBL,58,14,350,336.00,"117,600.00"
2019-03-24,2019032401006479,MNBBL,35,14,50,337.00,"16,850.00"
2019-03-24,2019032401006399,MNBBL,51,42,99,337.00,"33,363.00"
2019-03-24,2019032401006798,NABIL,5,45,44,710.00,"31,240.00"
2019-03-24,2019032401006775,NABIL,42,45,30,710.00,"21,300.00"
2019-03-24,2019032401006710,NABIL,56,45,52,710.00,"36,920.00"
2019-03-24,2019032401006709,NABIL,34,45,40,710.00,"28,400.00"
2019-03-24,2019032401006654,NABIL,58,3,16,713.00,"11,408.00"
2019-03-24,2019032401006653,NABIL,58,17,134,713.00,"95,542.00"
2019-03-24,2019032401006607,NABIL,5,1,50,712.00,"35,600.00"
2019-03-24,2019032401006532,NABIL,49,1,50,712.00,"35,600.00"
2019-03-24,2019032401006365,NADEP,6,49,10,665.00,"6,650.00"
2019-03-24,2019032401006364,NADEP,5,49,10,665.00,"6,650.00"
2019-03-24,2019032401006751,NADEP,29,16,10,667.00,"6,670.00"
2019-03-24,2019032401006693,NADEP,7,39,100,670.00,"67,000.00"
2019-03-24,2019032401006432,NADEP,29,11,10,670.00,"6,700.00"
2019-03-24,2019032401006431,NADEP,29,39,100,669.00,"66,900.00"
2019-03-24,2019032401006430,NADEP,29,10,50,668.00,"33,400.00"
2019-03-24,2019032401006699,NBB,34,52,257,190.00,"48,830.00"
2019-03-24,2019032401006698,NBB,57,52,50,190.00,"9,500.00"
2019-03-24,2019032401006697,NBB,44,52,13,191.00,"2,483.00"
2019-03-24,2019032401006696,NBB,4,52,180,191.00,"34,380.00"
2019-03-24,2019032401006550,NBB,49,22,16,192.00,"3,072.00"
2019-03-24,2019032401006549,NBB,49,38,84,192.00,"16,128.00"
2019-03-24,2019032401006788,NBL,25,6,"1,863",286.00,"532,818.00"
2019-03-24,2019032401006787,NBL,57,6,"1,000",286.00,"286,000.00"
2019-03-24,2019032401006786,NBL,6,6,200,286.00,"57,200.00"
2019-03-24,2019032401006785,NBL,55,6,"1,000",286.00,"286,000.00"
2019-03-24,2019032401006784,NBL,8,6,323,287.00,"92,701.00"
2019-03-24,2019032401006769,NBL,8,6,477,287.00,"136,899.00"
2019-03-24,2019032401006515,NBL,44,46,100,288.00,"28,800.00"
2019-03-24,2019032401006502,NBL,37,46,280,288.00,"80,640.00"
2019-03-24,2019032401006397,NBL,37,4,100,288.00,"28,800.00"
2019-03-24,2019032401006768,NBL,1,6,300,287.00,"86,100.00"
2019-03-24,2019032401006767,NBL,6,6,100,287.00,"28,700.00"
2019-03-24,2019032401006766,NBL,58,6,93,287.00,"26,691.00"
2019-03-24,2019032401006544,NBL,58,43,107,287.00,"30,709.00"
2019-03-24,2019032401006543,NBL,7,43,500,287.00,"143,500.00"
2019-03-24,2019032401006542,NBL,25,43,902,287.00,"258,874.00"
2019-03-24,2019032401006783,NCCB,1,8,100,209.00,"20,900.00"
2019-03-24,2019032401006782,NCCB,4,8,"3,720",209.00,"777,480.00"
2019-03-24,2019032401006644,NCCB,19,34,72,210.00,"15,120.00"
2019-03-24,2019032401006616,NCCB,37,34,300,210.00,"63,000.00"
2019-03-24,2019032401006600,NCCB,37,34,500,210.00,"105,000.00"
2019-03-24,2019032401006577,NCCB,37,34,128,210.00,"26,880.00"
2019-03-24,2019032401006576,NCCB,37,38,372,210.00,"78,120.00"
2019-03-24,2019032401006551,NCCB,4,50,29,209.00,"6,061.00"
2019-03-24,2019032401006484,NCCB,4,28,"1,251",209.00,"261,459.00"
2019-03-24,2019032401006483,NCCB,19,28,100,209.00,"20,900.00"
2019-03-24,2019032401006344,NCDB,4,1,200,122.00,"24,400.00"
2019-03-24,2019032401006677,NIB,45,57,10,529.00,"5,290.00"
2019-03-24,2019032401006588,NIB,38,38,100,529.00,"52,900.00"
2019-03-24,2019032401006563,NIB,38,38,100,529.00,"52,900.00"
2019-03-24,2019032401006516,NIB,49,42,50,530.00,"26,500.00"
2019-03-24,2019032401006337,NIB,6,6,189,529.00,"99,981.00"
2019-03-24,2019032401006790,NICA,45,29,271,395.00,"107,045.00"
2019-03-24,2019032401006789,NICA,45,32,29,395.00,"11,455.00"
2019-03-24,2019032401006625,NICA,34,58,30,394.00,"11,820.00"
2019-03-24,2019032401006620,NICA,34,29,66,394.00,"26,004.00"
2019-03-24,2019032401006367,NICA,59,42,20,395.00,"7,900.00"
2019-03-24,2019032401006394,NICGF,55,10,500,8.90,"4,450.00"
2019-03-24,2019032401006658,NICL,32,21,50,368.00,"18,400.00"
2019-03-24,2019032401006701,NIL,28,52,12,514.00,"6,168.00"
2019-03-24,2019032401006497,NIL,28,34,500,514.00,"257,000.00"
2019-03-24,2019032401006404,NIL,28,34,488,514.00,"250,832.00"
2019-03-24,2019032401006348,NIL,49,34,12,514.00,"6,168.00"
2019-03-24,2019032401006610,NLG,46,34,100,800.00,"80,000.00"
2019-03-24,2019032401006609,NLG,46,35,43,800.00,"34,400.00"
2019-03-24,2019032401006743,NLIC,13,56,17,"1,075.00","18,275.00"
2019-03-24,2019032401006740,NLIC,57,16,17,"1,071.00","18,207.00"
2019-03-24,2019032401006814,NLICL,35,8,200,570.00,"114,000.00"
2019-03-24,2019032401006562,NMB,49,33,14,320.00,"4,480.00"
2019-03-24,2019032401006561,NMB,49,6,36,320.00,"11,520.00"
2019-03-24,2019032401006512,NMB,37,28,221,319.00,"70,499.00"
2019-03-24,2019032401006391,NMB,37,4,79,319.00,"25,201.00"
2019-03-24,2019032401006405,NMBHF1,28,10,"2,885",8.80,"25,388.00"
2019-03-24,2019032401006824,PCBL,58,46,350,314.00,"109,900.00"
2019-03-24,2019032401006716,PCBL,58,33,300,314.00,"94,200.00"
2019-03-24,2019032401006477,PCBL,58,51,43,314.00,"13,502.00"
2019-03-24,2019032401006807,PIC,6,6,1,995.00,995.00
2019-03-24,2019032401006791,PIC,6,6,1,995.00,995.00
2019-03-24,2019032401006777,PIC,6,6,1,995.00,995.00
2019-03-24,2019032401006760,PIC,6,6,1,995.00,995.00
2019-03-24,2019032401006737,PIC,6,6,1,995.00,995.00
2019-03-24,2019032401006702,PIC,6,6,1,995.00,995.00
2019-03-24,2019032401006612,PIC,41,14,10,"1,010.00","10,100.00"
2019-03-24,2019032401006734,PLIC,32,28,36,436.00,"15,696.00"
2019-03-24,2019032401006733,PLIC,54,28,100,437.00,"43,700.00"
2019-03-24,2019032401006732,PLIC,57,28,50,437.00,"21,850.00"
2019-03-24,2019032401006731,PLIC,33,28,200,437.00,"87,400.00"
2019-03-24,2019032401006730,PLIC,29,28,50,438.00,"21,900.00"
2019-03-24,2019032401006729,PLIC,48,28,25,438.00,"10,950.00"
2019-03-24,2019032401006771,PMHPL,32,16,10,112.00,"1,120.00"
2019-03-24,2019032401006744,PMHPL,32,47,10,112.00,"1,120.00"
2019-03-24,2019032401006599,PMHPL,32,56,10,112.00,"1,120.00"
2019-03-24,2019032401006419,PMHPL,32,16,10,112.00,"1,120.00"
2019-03-24,2019032401006749,PRIN,43,17,511,405.00,"206,955.00"
2019-03-24,2019032401006748,PRIN,59,17,50,405.00,"20,250.00"
2019-03-24,2019032401006747,PRIN,59,17,50,405.00,"20,250.00"
2019-03-24,2019032401006746,PRIN,41,17,57,405.00,"23,085.00"
2019-03-24,2019032401006745,PRIN,39,17,172,406.00,"69,832.00"
2019-03-24,2019032401006572,PRIN,39,58,28,406.00,"11,368.00"
2019-03-24,2019032401006719,PRVU,39,52,317,230.00,"72,910.00"
2019-03-24,2019032401006718,PRVU,44,52,100,231.00,"23,100.00"
2019-03-24,2019032401006717,PRVU,7,52,83,231.00,"19,173.00"
2019-03-24,2019032401006567,PRVU,7,26,17,231.00,"3,927.00"
2019-03-24,2019032401006566,PRVU,25,26,40,231.00,"9,240.00"
2019-03-24,2019032401006565,PRVU,53,26,100,231.00,"23,100.00"
2019-03-24,2019032401006560,PRVU,51,50,64,232.00,"14,848.00"
2019-03-24,2019032401006485,PRVU,51,32,12,231.00,"2,772.00"
2019-03-24,2019032401006823,PRVUPO,40,56,"12,220",150.00,"1,833,000.00"
2019-03-24,2019032401006455,RHPC,1,16,12,93.00,"1,116.00"
2019-03-24,2019032401006793,RRHP,58,21,10,100.00,"1,000.00"
2019-03-24,2019032401006774,RRHP,58,22,30,99.00,"2,970.00"
2019-03-24,2019032401006646,RSDC,52,45,10,366.00,"3,660.00"
2019-03-24,2019032401006387,SADBL,4,14,200,141.00,"28,200.00"
2019-03-24,2019032401006686,SANIMA,56,57,"1,020",296.00,"301,920.00"
2019-03-24,2019032401006685,SANIMA,26,57,200,296.00,"59,200.00"
2019-03-24,2019032401006656,SANIMA,45,37,61,297.00,"18,117.00"
2019-03-24,2019032401006538,SANIMA,45,13,39,297.00,"11,583.00"
2019-03-24,2019032401006537,SANIMA,38,13,20,297.00,"5,940.00"
2019-03-24,2019032401006536,SANIMA,51,13,41,297.00,"12,177.00"
2019-03-24,2019032401006666,SBL,25,35,29,283.00,"8,207.00"
2019-03-24,2019032401006665,SBL,11,35,150,283.00,"42,450.00"
2019-03-24,2019032401006589,SBL,26,26,2,280.00,560.00
2019-03-24,2019032401006830,SCB,57,32,50,559.00,"27,950.00"
2019-03-24,2019032401006829,SCB,13,32,500,559.00,"279,500.00"
2019-03-24,2019032401006828,SCB,17,32,90,559.00,"50,310.00"
2019-03-24,2019032401006827,SCB,38,32,20,560.00,"11,200.00"
2019-03-24,2019032401006826,SCB,28,32,19,560.00,"10,640.00"
2019-03-24,2019032401006800,SCB,28,10,10,560.00,"5,600.00"
2019-03-24,2019032401006420,SCB,25,33,85,560.00,"47,600.00"
2019-03-24,2019032401006434,SCB,28,33,271,560.00,"151,760.00"
2019-03-24,2019032401006833,SDESI,16,16,3,550.00,"1,650.00"
2019-03-24,2019032401006752,SDESI,8,33,11,550.00,"6,050.00"
2019-03-24,2019032401006412,SDESI,48,33,20,550.00,"11,000.00"
2019-03-24,2019032401006411,SDESI,37,33,500,550.00,"275,000.00"
2019-03-24,2019032401006410,SDESI,29,33,130,551.00,"71,630.00"
2019-03-24,2019032401006409,SDESI,29,33,66,551.00,"36,366.00"
2019-03-24,2019032401006408,SDESI,48,33,73,551.00,"40,223.00"
2019-03-24,2019032401006641,SEF,53,18,500,9.24,"4,620.00"
2019-03-24,2019032401006535,SHINE,26,22,300,234.00,"70,200.00"
2019-03-24,2019032401006534,SHINE,32,22,100,234.00,"23,400.00"
2019-03-24,2019032401006533,SHINE,43,22,60,234.00,"14,040.00"
2019-03-24,2019032401006570,SHL,56,36,200,203.00,"40,600.00"
2019-03-24,2019032401006488,SHPC,40,40,900,225.00,"202,500.00"
2019-03-24,2019032401006487,SHPC,45,40,100,225.00,"22,500.00"
2019-03-24,2019032401006834,SIC,37,35,60,"1,256.00","75,360.00"
2019-03-24,2019032401006765,SIC,34,35,100,"1,256.00","125,600.00"
2019-03-24,2019032401006638,SICL,51,21,37,865.00,"32,005.00"
2019-03-24,2019032401006583,SKBBL,42,53,200,841.00,"168,200.00"
2019-03-24,2019032401006582,SKBBL,49,53,10,841.00,"8,410.00"
2019-03-24,2019032401006810,SLBS,11,42,18,881.00,"15,858.00"
2019-03-24,2019032401006715,SLBSL,39,26,10,725.00,"7,250.00"
2019-03-24,2019032401006615,SLBSL,39,58,10,725.00,"7,250.00"
2019-03-24,2019032401006559,SLBSL,39,5,10,729.00,"7,290.00"
2019-03-24,2019032401006383,SLBSL,52,16,10,724.00,"7,240.00"
2019-03-24,2019032401006464,TRH,6,41,100,237.00,"23,700.00"
2019-03-24,2019032401006463,TRH,34,41,300,237.00,"71,100.00"
2019-03-24,2019032401006462,TRH,22,41,500,238.00,"119,000.00"
2019-03-24,2019032401006461,TRH,17,41,"1,000",240.00,"240,000.00"
2019-03-24,2019032401006378,UIC,17,28,35,756.00,"26,460.00"
2019-03-24,2019032401006377,UIC,17,33,165,755.00,"124,575.00"
2019-03-24,2019032401006368,UIC,1,33,100,755.00,"75,500.00"
2019-03-24,2019032401006366,UIC,34,33,100,755.00,"75,500.00"
2019-03-24,2019032401006343,UIC,47,33,85,755.00,"64,175.00"
2019-03-24,2019032401006816,UPPER,53,18,13,238.00,"3,094.00"
2019-03-24,2019032401006815,UPPER,43,18,37,238.00,"8,806.00"
2019-03-24,2019032401006809,UPPER,36,39,50,239.00,"11,950.00"
2019-03-24,2019032401006806,UPPER,34,34,40,240.00,"9,600.00"
2019-03-24,2019032401006797,UPPER,40,16,50,239.00,"11,950.00"
2019-03-24,2019032401006796,UPPER,40,52,50,239.00,"11,950.00"
2019-03-24,2019032401006349,UPPER,40,59,40,239.00,"9,560.00"
2019-03-24,2019032401006347,UPPER,43,16,40,238.00,"9,520.00"
2019-03-24,2019032401006345,UPPER,43,18,40,238.00,"9,520.00"
2019-03-24,2019032401006363,UPPER,40,42,28,239.00,"6,692.00"
2019-03-24,2019032401006362,UPPER,40,18,40,239.00,"9,560.00"
2019-03-24,2019032401006353,UPPER,40,59,40,239.00,"9,560.00"
2019-03-24,2019032401006352,UPPER,40,59,40,239.00,"9,560.00"
2019-03-24,2019032401006351,UPPER,40,59,40,239.00,"9,560.00"
2019-03-24,2019032401006350,UPPER,40,59,50,239.00,"11,950.00"
2019-03-24,2019032401006427,UPPER,40,45,92,239.00,"21,988.00"
2019-03-24,2019032401006424,UPPER,40,18,50,239.00,"11,950.00"
2019-03-24,2019032401006415,UPPER,35,34,10,240.00,"2,400.00"
2019-03-24,2019032401006401,UPPER,40,18,40,239.00,"9,560.00"
2019-03-24,2019032401006385,UPPER,40,18,40,239.00,"9,560.00"
2019-03-24,2019032401006482,UPPER,28,18,50,239.00,"11,950.00"
2019-03-24,2019032401006473,UPPER,28,45,97,239.00,"23,183.00"
2019-03-24,2019032401006460,UPPER,28,45,243,239.00,"58,077.00"
2019-03-24,2019032401006459,UPPER,28,18,40,239.00,"9,560.00"
2019-03-24,2019032401006429,UPPER,28,16,50,239.00,"11,950.00"
2019-03-24,2019032401006428,UPPER,28,45,19,239.00,"4,541.00"
2019-03-24,2019032401006540,UPPER,42,34,56,240.00,"13,440.00"
2019-03-24,2019032401006527,UPPER,40,18,50,239.00,"11,950.00"
2019-03-24,2019032401006524,UPPER,40,45,107,239.00,"25,573.00"
2019-03-24,2019032401006523,UPPER,28,45,136,239.00,"32,504.00"
2019-03-24,2019032401006521,UPPER,28,59,72,239.00,"17,208.00"
2019-03-24,2019032401006508,UPPER,28,45,293,239.00,"70,027.00"
2019-03-24,2019032401006671,UPPER,40,59,50,239.00,"11,950.00"
2019-03-24,2019032401006670,UPPER,40,18,40,239.00,"9,560.00"
2019-03-24,2019032401006647,UPPER,40,18,50,239.00,"11,950.00"
2019-03-24,2019032401006643,UPPER,40,29,149,239.00,"35,611.00"
2019-03-24,2019032401006555,UPPER,40,18,50,239.00,"11,950.00"
2019-03-24,2019032401006546,UPPER,40,59,53,239.00,"12,667.00"
2019-03-24,2019032401006780,UPPER,40,18,40,239.00,"9,560.00"
2019-03-24,2019032401006759,UPPER,40,47,50,239.00,"11,950.00"
2019-03-24,2019032401006742,UPPER,40,18,50,239.00,"11,950.00"
2019-03-24,2019032401006735,UPPER,40,41,50,239.00,"11,950.00"
2019-03-24,2019032401006720,UPPER,40,34,10,239.00,"2,390.00"
2019-03-24,2019032401006706,UPPER,40,18,50,239.00,"11,950.00"
2019-03-24,2019032401006106,ADBL,56,39,20,294.00,"5,880.00"
2019-03-24,2019032401005908,ADBL,33,59,200,295.00,"59,000.00"
2019-03-24,2019032401006027,AKJCL,38,48,10,79.00,790.00
2019-03-24,2019032401005839,AKJCL,38,48,10,79.00,790.00
2019-03-24,2019032401006336,ALBSL,39,18,10,494.00,"4,940.00"
2019-03-24,2019032401006322,ALBSL,39,18,10,494.00,"4,940.00"
2019-03-24,2019032401006321,ALBSL,39,25,10,494.00,"4,940.00"
2019-03-24,2019032401006314,ALBSL,39,45,10,494.00,"4,940.00"
2019-03-24,2019032401006313,ALBSL,39,43,10,494.00,"4,940.00"
2019-03-24,2019032401006309,ALBSL,39,25,10,493.00,"4,930.00"
2019-03-24,2019032401005849,ALBSL,1,21,10,494.00,"4,940.00"
2019-03-24,2019032401005848,ALBSL,16,4,10,493.00,"4,930.00"
2019-03-24,2019032401005847,ALBSL,16,10,10,493.00,"4,930.00"
2019-03-24,2019032401005846,ALBSL,16,22,10,493.00,"4,930.00"
2019-03-24,2019032401005843,ALBSL,16,4,10,493.00,"4,930.00"
2019-03-24,2019032401005840,ALBSL,16,22,10,493.00,"4,930.00"
2019-03-24,2019032401005864,ALBSL,16,1,10,493.00,"4,930.00"
2019-03-24,2019032401005862,ALBSL,16,4,10,493.00,"4,930.00"
2019-03-24,2019032401005859,ALBSL,16,1,10,493.00,"4,930.00"
2019-03-24,2019032401005858,ALBSL,16,4,10,493.00,"4,930.00"
2019-03-24,2019032401005857,ALBSL,16,10,10,493.00,"4,930.00"
2019-03-24,2019032401005850,ALBSL,1,21,10,494.00,"4,940.00"
2019-03-24,2019032401005873,ALBSL,36,58,10,495.00,"4,950.00"
2019-03-24,2019032401005871,ALBSL,26,58,10,495.00,"4,950.00"
2019-03-24,2019032401005870,ALBSL,26,58,10,495.00,"4,950.00"
2019-03-24,2019032401005869,ALBSL,26,11,10,495.00,"4,950.00"
2019-03-24,2019032401005867,ALBSL,16,10,10,493.00,"4,930.00"
2019-03-24,2019032401005866,ALBSL,16,4,10,493.00,"4,930.00"
2019-03-24,2019032401005895,ALBSL,8,22,10,495.00,"4,950.00"
2019-03-24,2019032401005892,ALBSL,32,10,10,494.00,"4,940.00"
2019-03-24,2019032401005877,ALBSL,36,22,10,495.00,"4,950.00"
2019-03-24,2019032401005876,ALBSL,36,58,10,495.00,"4,950.00"
2019-03-24,2019032401005875,ALBSL,36,10,10,495.00,"4,950.00"
2019-03-24,2019032401005874,ALBSL,36,58,10,495.00,"4,950.00"
2019-03-24,2019032401005919,ALBSL,38,21,10,496.00,"4,960.00"
2019-03-24,2019032401005918,ALBSL,38,1,10,496.00,"4,960.00"
2019-03-24,2019032401005917,ALBSL,38,21,10,496.00,"4,960.00"
2019-03-24,2019032401005914,ALBSL,47,10,10,494.00,"4,940.00"
2019-03-24,2019032401005909,ALBSL,32,4,10,494.00,"4,940.00"
2019-03-24,2019032401005898,ALBSL,8,22,10,495.00,"4,950.00"
2019-03-24,2019032401005925,ALBSL,38,21,10,496.00,"4,960.00"
2019-03-24,2019032401005924,ALBSL,38,1,10,496.00,"4,960.00"
2019-03-24,2019032401005923,ALBSL,38,1,10,496.00,"4,960.00"
2019-03-24,2019032401005922,ALBSL,38,1,10,496.00,"4,960.00"
2019-03-24,2019032401005921,ALBSL,38,1,10,496.00,"4,960.00"
2019-03-24,2019032401005920,ALBSL,38,1,10,496.00,"4,960.00"
2019-03-24,2019032401005952,ALBSL,54,4,10,494.00,"4,940.00"
2019-03-24,2019032401005946,ALBSL,54,10,10,494.00,"4,940.00"
2019-03-24,2019032401005940,ALBSL,49,4,10,494.00,"4,940.00"
2019-03-24,2019032401005936,ALBSL,49,10,10,494.00,"4,940.00"
2019-03-24,2019032401005928,ALBSL,47,4,10,494.00,"4,940.00"
2019-03-24,2019032401005926,ALBSL,38,58,10,496.00,"4,960.00"
2019-03-24,2019032401005997,ALBSL,44,4,10,494.00,"4,940.00"
2019-03-24,2019032401005986,ALBSL,44,4,10,494.00,"4,940.00"
2019-03-24,2019032401005981,ALBSL,44,4,10,494.00,"4,940.00"
2019-03-24,2019032401005976,ALBSL,44,4,10,494.00,"4,940.00"
2019-03-24,2019032401005973,ALBSL,44,10,10,494.00,"4,940.00"
2019-03-24,2019032401005965,ALBSL,54,4,10,494.00,"4,940.00"
2019-03-24,2019032401006022,ALBSL,22,4,10,494.00,"4,940.00"
2019-03-24,2019032401006015,ALBSL,44,45,10,494.00,"4,940.00"
2019-03-24,2019032401006011,ALBSL,44,4,10,494.00,"4,940.00"
2019-03-24,2019032401006010,ALBSL,44,42,10,494.00,"4,940.00"
2019-03-24,2019032401006007,ALBSL,44,45,10,494.00,"4,940.00"
2019-03-24,2019032401006001,ALBSL,44,43,10,494.00,"4,940.00"
2019-03-24,2019032401006041,ALBSL,39,47,10,495.00,"4,950.00"
2019-03-24,2019032401006040,ALBSL,39,44,10,495.00,"4,950.00"
2019-03-24,2019032401006039,ALBSL,39,46,10,495.00,"4,950.00"
2019-03-24,2019032401006034,ALBSL,22,58,10,494.00,"4,940.00"
2019-03-24,2019032401006033,ALBSL,22,4,10,494.00,"4,940.00"
2019-03-24,2019032401006031,ALBSL,22,4,10,494.00,"4,940.00"
2019-03-24,2019032401006057,ALBSL,16,26,10,493.00,"4,930.00"
2019-03-24,2019032401006051,ALBSL,35,4,10,494.00,"4,940.00"
2019-03-24,2019032401006050,ALBSL,35,43,10,494.00,"4,940.00"
2019-03-24,2019032401006045,ALBSL,22,26,10,494.00,"4,940.00"
2019-03-24,2019032401006043,ALBSL,39,44,10,495.00,"4,950.00"
2019-03-24,2019032401006042,ALBSL,39,47,10,495.00,"4,950.00"
2019-03-24,2019032401006074,ALBSL,16,10,10,493.00,"4,930.00"
2019-03-24,2019032401006068,ALBSL,16,4,10,493.00,"4,930.00"
2019-03-24,2019032401006066,ALBSL,16,42,10,493.00,"4,930.00"
2019-03-24,2019032401006061,ALBSL,16,26,10,493.00,"4,930.00"
2019-03-24,2019032401006060,ALBSL,16,42,10,493.00,"4,930.00"
2019-03-24,2019032401006058,ALBSL,16,4,10,493.00,"4,930.00"
2019-03-24,2019032401006102,ALBSL,16,42,10,493.00,"4,930.00"
2019-03-24,2019032401006095,ALBSL,16,4,10,493.00,"4,930.00"
2019-03-24,2019032401006088,ALBSL,16,59,10,493.00,"4,930.00"
2019-03-24,2019032401006086,ALBSL,16,4,10,493.00,"4,930.00"
2019-03-24,2019032401006079,ALBSL,16,42,10,493.00,"4,930.00"
2019-03-24,2019032401006075,ALBSL,16,4,10,493.00,"4,930.00"
2019-03-24,2019032401006131,ALBSL,16,42,10,493.00,"4,930.00"
2019-03-24,2019032401006116,ALBSL,16,4,10,493.00,"4,930.00"
2019-03-24,2019032401006114,ALBSL,16,42,10,493.00,"4,930.00"
2019-03-24,2019032401006108,ALBSL,16,4,10,493.00,"4,930.00"
2019-03-24,2019032401006105,ALBSL,16,11,10,493.00,"4,930.00"
2019-03-24,2019032401006104,ALBSL,16,59,10,493.00,"4,930.00"
2019-03-24,2019032401006155,ALBSL,29,22,10,494.00,"4,940.00"
2019-03-24,2019032401006145,ALBSL,29,42,10,494.00,"4,940.00"
2019-03-24,2019032401006144,ALBSL,29,22,10,494.00,"4,940.00"
2019-03-24,2019032401006143,ALBSL,29,22,10,494.00,"4,940.00"
2019-03-24,2019032401006141,ALBSL,53,42,10,493.00,"4,930.00"
2019-03-24,2019032401006139,ALBSL,16,4,10,493.00,"4,930.00"
2019-03-24,2019032401006161,ALBSL,40,47,10,495.00,"4,950.00"
2019-03-24,2019032401006160,ALBSL,40,44,10,495.00,"4,950.00"
2019-03-24,2019032401006159,ALBSL,40,47,10,495.00,"4,950.00"
2019-03-24,2019032401006158,ALBSL,40,16,10,495.00,"4,950.00"
2019-03-24,2019032401006157,ALBSL,40,44,10,495.00,"4,950.00"
2019-03-24,2019032401006156,ALBSL,40,47,10,495.00,"4,950.00"
2019-03-24,2019032401006170,ALBSL,53,4,10,493.00,"4,930.00"
2019-03-24,2019032401006169,ALBSL,29,42,10,494.00,"4,940.00"
2019-03-24,2019032401006165,ALBSL,40,16,10,495.00,"4,950.00"
2019-03-24,2019032401006164,ALBSL,40,47,10,495.00,"4,950.00"
2019-03-24,2019032401006163,ALBSL,40,44,10,495.00,"4,950.00"
2019-03-24,2019032401006162,ALBSL,40,16,10,495.00,"4,950.00"
2019-03-24,2019032401006190,ALBSL,5,22,10,494.00,"4,940.00"
2019-03-24,2019032401006189,ALBSL,5,42,10,494.00,"4,940.00"
2019-03-24,2019032401006188,ALBSL,5,18,10,494.00,"4,940.00"
2019-03-24,2019032401006187,ALBSL,5,22,10,494.00,"4,940.00"
2019-03-24,2019032401006177,ALBSL,53,52,10,493.00,"4,930.00"
2019-03-24,2019032401006174,ALBSL,53,10,10,493.00,"4,930.00"
2019-03-24,2019032401006196,ALBSL,5,44,10,495.00,"4,950.00"
2019-03-24,2019032401006195,ALBSL,5,47,10,495.00,"4,950.00"
2019-03-24,2019032401006194,ALBSL,5,47,10,495.00,"4,950.00"
2019-03-24,2019032401006193,ALBSL,5,44,10,495.00,"4,950.00"
2019-03-24,2019032401006192,ALBSL,5,16,10,495.00,"4,950.00"
2019-03-24,2019032401006191,ALBSL,5,47,10,495.00,"4,950.00"
2019-03-24,2019032401006221,ALBSL,53,3,10,493.00,"4,930.00"
2019-03-24,2019032401006216,ALBSL,53,25,10,493.00,"4,930.00"
2019-03-24,2019032401006211,ALBSL,53,49,10,493.00,"4,930.00"
2019-03-24,2019032401006209,ALBSL,53,25,10,493.00,"4,930.00"
2019-03-24,2019032401006208,ALBSL,53,18,10,493.00,"4,930.00"
2019-03-24,2019032401006198,ALBSL,53,25,10,493.00,"4,930.00"
2019-03-24,2019032401006241,ALBSL,39,59,10,493.00,"4,930.00"
2019-03-24,2019032401006238,ALBSL,39,7,10,493.00,"4,930.00"
2019-03-24,2019032401006237,ALBSL,39,3,10,493.00,"4,930.00"
2019-03-24,2019032401006228,ALBSL,39,3,10,493.00,"4,930.00"
2019-03-24,2019032401006226,ALBSL,39,25,10,493.00,"4,930.00"
2019-03-24,2019032401006224,ALBSL,39,18,10,493.00,"4,930.00"
2019-03-24,2019032401006264,ALBSL,21,42,10,494.00,"4,940.00"
2019-03-24,2019032401006263,ALBSL,21,51,10,494.00,"4,940.00"
2019-03-24,2019032401006262,ALBSL,39,43,10,493.00,"4,930.00"
2019-03-24,2019032401006252,ALBSL,39,8,10,493.00,"4,930.00"
2019-03-24,2019032401006243,ALBSL,39,3,10,493.00,"4,930.00"
2019-03-24,2019032401006242,ALBSL,39,25,10,493.00,"4,930.00"
2019-03-24,2019032401006285,ALBSL,29,43,10,494.00,"4,940.00"
2019-03-24,2019032401006281,ALBSL,39,25,10,493.00,"4,930.00"
2019-03-24,2019032401006280,ALBSL,39,18,10,493.00,"4,930.00"
2019-03-24,2019032401006270,ALBSL,21,8,10,494.00,"4,940.00"
2019-03-24,2019032401006267,ALBSL,21,59,10,494.00,"4,940.00"
2019-03-24,2019032401006265,ALBSL,21,48,10,494.00,"4,940.00"
2019-03-24,2019032401006308,ALBSL,39,21,10,493.00,"4,930.00"
2019-03-24,2019032401006307,ALBSL,39,44,10,493.00,"4,930.00"
2019-03-24,2019032401006305,ALBSL,39,18,10,493.00,"4,930.00"
2019-03-24,2019032401006289,ALBSL,39,17,10,493.00,"4,930.00"
2019-03-24,2019032401006287,ALBSL,39,43,10,493.00,"4,930.00"
2019-03-24,2019032401006286,ALBSL,29,48,10,494.00,"4,940.00"
2019-03-24,2019032401006115,ALICL,34,33,200,383.00,"76,600.00"
2019-03-24,2019032401006044,ALICL,4,35,70,385.00,"26,950.00"
2019-03-24,2019032401005988,ALICL,34,38,"1,300",386.00,"501,800.00"
2019-03-24,2019032401006201,API,28,43,50,134.00,"6,700.00"
2019-03-24,2019032401006049,API,37,34,180,132.00,"23,760.00"
2019-03-24,2019032401006048,API,7,34,400,132.00,"52,800.00"
2019-03-24,2019032401006047,API,41,34,111,132.00,"14,652.00"
2019-03-24,2019032401006012,API,6,6,29,133.00,"3,857.00"
2019-03-24,2019032401006017,BARUN,57,3,200,94.00,"18,800.00"
2019-03-24,2019032401005994,BHBL,34,1,100,140.00,"14,000.00"
2019-03-24,2019032401005944,BOKL,40,6,591,243.00,"143,613.00"
2019-03-24,2019032401005934,BOKL,40,6,"1,800",243.00,"437,400.00"
2019-03-24,2019032401005879,BOKL,28,46,10,244.00,"2,440.00"
2019-03-24,2019032401006294,BPCL,25,16,20,357.00,"7,140.00"
2019-03-24,2019032401006293,BPCL,19,16,10,357.00,"3,570.00"
2019-03-24,2019032401006266,BPCL,19,16,30,357.00,"10,710.00"
2019-03-24,2019032401006253,CBBL,54,58,300,880.00,"264,000.00"
2019-03-24,2019032401006138,CBBL,54,58,10,878.00,"8,780.00"
2019-03-24,2019032401006137,CBBL,55,58,20,878.00,"17,560.00"
2019-03-24,2019032401005956,CBBL,55,58,80,878.00,"70,240.00"
2019-03-24,2019032401005955,CBBL,33,58,200,879.00,"175,800.00"
2019-03-24,2019032401005954,CBBL,1,58,20,879.00,"17,580.00"
2019-03-24,2019032401005901,CBBL,40,39,150,880.00,"132,000.00"
2019-03-24,2019032401005861,CBBL,47,16,50,882.00,"44,100.00"
2019-03-24,2019032401006244,CBL,59,50,20,153.00,"3,060.00"
2019-03-24,2019032401006006,CBL,59,1,100,153.00,"15,300.00"
2019-03-24,2019032401005900,CBL,49,44,10,154.00,"1,540.00"
2019-03-24,2019032401006319,CCBL,26,39,50,160.00,"8,000.00"
2019-03-24,2019032401005984,CCBL,36,25,113,159.00,"17,967.00"
2019-03-24,2019032401005979,CCBL,36,44,38,159.00,"6,042.00"
2019-03-24,2019032401005978,CCBL,36,25,113,159.00,"17,967.00"
2019-03-24,2019032401006103,CFCL,13,41,500,107.00,"53,500.00"
2019-03-24,2019032401006097,CHCL,22,11,140,501.00,"70,140.00"
2019-03-24,2019032401006096,CHCL,16,11,60,501.00,"30,060.00"
2019-03-24,2019032401005982,CHCL,25,45,100,503.00,"50,300.00"
2019-03-24,2019032401006255,CHLBS,7,49,10,542.00,"5,420.00"
2019-03-24,2019032401006248,CHLBS,7,49,10,542.00,"5,420.00"
2019-03-24,2019032401006229,CHLBS,7,49,10,542.00,"5,420.00"
2019-03-24,2019032401006217,CHLBS,7,49,10,542.00,"5,420.00"
2019-03-24,2019032401006166,CHLBS,7,59,10,542.00,"5,420.00"
2019-03-24,2019032401006129,CHLBS,7,59,10,542.00,"5,420.00"
2019-03-24,2019032401006067,CHLBS,14,10,10,540.00,"5,400.00"
2019-03-24,2019032401006054,CHLBS,47,39,10,542.00,"5,420.00"
2019-03-24,2019032401005989,CHLBS,49,47,10,540.00,"5,400.00"
2019-03-24,2019032401006318,CIT,48,35,10,"2,635.00","26,350.00"
2019-03-24,2019032401006132,CIT,16,26,10,"2,625.00","26,250.00"
2019-03-24,2019032401005941,CIT,16,35,10,"2,635.00","26,350.00"
2019-03-24,2019032401005907,CIT,16,46,15,"2,630.00","39,450.00"
2019-03-24,2019032401006269,CZBIL,54,53,510,207.00,"105,570.00"
2019-03-24,2019032401006268,CZBIL,54,14,103,207.00,"21,321.00"
2019-03-24,2019032401005915,DBBL,4,45,220,126.00,"27,720.00"
2019-03-24,2019032401006133,DDBL,19,14,84,579.00,"48,636.00"
2019-03-24,2019032401006302,DHPL,6,6,11,94.00,"1,034.00"
2019-03-24,2019032401006301,DHPL,6,6,11,94.00,"1,034.00"
2019-03-24,2019032401006300,DHPL,6,6,11,94.00,"1,034.00"
2019-03-24,2019032401006299,DHPL,6,1,10,94.00,940.00
2019-03-24,2019032401006014,DHPL,16,1,20,93.00,"1,860.00"
2019-03-24,2019032401006094,EBL,7,8,95,549.00,"52,155.00"
2019-03-24,2019032401006093,EBL,45,8,100,549.00,"54,900.00"
2019-03-24,2019032401006092,EBL,26,8,100,550.00,"55,000.00"
2019-03-24,2019032401006091,EBL,4,8,50,550.00,"27,500.00"
2019-03-24,2019032401006090,EBL,6,8,50,550.00,"27,500.00"
2019-03-24,2019032401006089,EBL,14,8,15,551.00,"8,265.00"
2019-03-24,2019032401006019,EBL,14,1,35,551.00,"19,285.00"
2019-03-24,2019032401006004,EBL,4,54,71,552.00,"39,192.00"
2019-03-24,2019032401006003,EBL,4,54,15,552.00,"8,280.00"
2019-03-24,2019032401006002,EBL,4,54,15,552.00,"8,280.00"
2019-03-24,2019032401006179,EIC,58,44,60,846.00,"50,760.00"
2019-03-24,2019032401005950,EIC,19,35,300,840.00,"252,000.00"
2019-03-24,2019032401005949,EIC,19,44,28,840.00,"23,520.00"
2019-03-24,2019032401006323,GBIME,34,33,100,260.00,"26,000.00"
2019-03-24,2019032401006295,GBIME,44,33,200,260.00,"52,000.00"
2019-03-24,2019032401006084,GBIME,53,33,"1,300",260.00,"338,000.00"
2019-03-24,2019032401006013,GBIME,41,33,200,260.00,"52,000.00"
2019-03-24,2019032401006059,GBLBS,29,29,10,447.00,"4,470.00"
2019-03-24,2019032401006167,GDBL,57,35,25,184.00,"4,600.00"
2019-03-24,2019032401006100,GRDBL,6,6,10,104.00,"1,040.00"
2019-03-24,2019032401006329,HBL,34,29,50,461.00,"23,050.00"
2019-03-24,2019032401005948,HBL,4,29,75,461.00,"34,575.00"
2019-03-24,2019032401005897,HBL,28,29,13,461.00,"5,993.00"
2019-03-24,2019032401006099,HGI,25,35,67,380.00,"25,460.00"
2019-03-24,2019032401006173,HIDCL,38,38,100,131.00,"13,100.00"
2019-03-24,2019032401006101,HIDCL,57,25,343,131.00,"44,933.00"
2019-03-24,2019032401006056,HIDCL,50,25,157,131.00,"20,567.00"
2019-03-24,2019032401006055,HIDCL,50,37,43,131.00,"5,633.00"
2019-03-24,2019032401006038,HIDCL,5,10,24,130.00,"3,120.00"
2019-03-24,2019032401006009,HIDCL,1,21,50,130.00,"6,500.00"
2019-03-24,2019032401005880,HIDCL,53,37,100,131.00,"13,100.00"
2019-03-24,2019032401005845,HIDCL,5,37,500,131.00,"65,500.00"
2019-03-24,2019032401005947,HPPL,1,54,10,182.00,"1,820.00"
2019-03-24,2019032401005942,HPPL,1,54,10,182.00,"1,820.00"
2019-03-24,2019032401005938,HPPL,25,3,500,185.00,"92,500.00"
2019-03-24,2019032401005937,HPPL,25,13,10,185.00,"1,850.00"
2019-03-24,2019032401006290,JBBL,14,14,6,135.00,810.00
2019-03-24,2019032401006087,JBNL,22,41,150,169.00,"25,350.00"
2019-03-24,2019032401006030,JBNL,4,6,210,169.00,"35,490.00"
2019-03-24,2019032401006029,JBNL,22,6,950,169.00,"160,550.00"
2019-03-24,2019032401005878,JBNL,22,50,50,169.00,"8,450.00"
2019-03-24,2019032401006168,KADBL,59,33,10,162.00,"1,620.00"
2019-03-24,2019032401006083,KBBL,43,14,"1,656",204.00,"337,824.00"
2019-03-24,2019032401006107,KBL,11,32,143,235.00,"33,605.00"
2019-03-24,2019032401005993,KBL,11,44,357,235.00,"83,895.00"
2019-03-24,2019032401006332,KMFL,14,14,7,785.00,"5,495.00"
2019-03-24,2019032401006324,KMFL,14,14,2,785.00,"1,570.00"
2019-03-24,2019032401006316,KMFL,14,14,2,785.00,"1,570.00"
2019-03-24,2019032401005863,KMFL,16,14,30,801.00,"24,030.00"
2019-03-24,2019032401005990,KSBBL,1,35,123,138.00,"16,974.00"
2019-03-24,2019032401006296,LBBL,14,14,4,170.00,680.00
2019-03-24,2019032401006261,LBL,4,16,185,189.00,"34,965.00"
2019-03-24,2019032401006260,LBL,58,16,200,189.00,"37,800.00"
2019-03-24,2019032401006259,LBL,13,16,500,189.00,"94,500.00"
2019-03-24,2019032401006258,LBL,36,16,261,189.00,"49,329.00"
2019-03-24,2019032401005999,LBL,29,29,7,190.00,"1,330.00"
2019-03-24,2019032401005899,LBL,49,16,10,190.00,"1,900.00"
2019-03-24,2019032401006026,LICN,7,11,50,"1,490.00","74,500.00"
2019-03-24,2019032401006025,LICN,7,35,30,"1,490.00","44,700.00"
2019-03-24,2019032401006018,LICN,4,35,20,"1,490.00","29,800.00"
2019-03-24,2019032401006082,MBL,40,41,25,216.00,"5,400.00"
2019-03-24,2019032401006081,MBL,21,41,100,216.00,"21,600.00"
2019-03-24,2019032401006080,MBL,26,41,25,216.00,"5,400.00"
2019-03-24,2019032401006335,MEGA,34,19,10,160.00,"1,600.00"
2019-03-24,2019032401006334,MEGA,26,19,10,160.00,"1,600.00"
2019-03-24,2019032401006333,MEGA,28,19,50,160.00,"8,000.00"
2019-03-24,2019032401005964,MEGA,48,29,130,159.00,"20,670.00"
2019-03-24,2019032401005963,MEGA,57,29,100,159.00,"15,900.00"
2019-03-24,2019032401005962,MEGA,34,29,200,159.00,"31,800.00"
2019-03-24,2019032401005961,MEGA,57,29,500,159.00,"79,500.00"
2019-03-24,2019032401005960,MEGA,48,29,500,159.00,"79,500.00"
2019-03-24,2019032401005959,MEGA,59,29,65,159.00,"10,335.00"
2019-03-24,2019032401005958,MEGA,49,29,10,160.00,"1,600.00"
2019-03-24,2019032401005957,MEGA,58,29,30,160.00,"4,800.00"
2019-03-24,2019032401005906,MLBBL,50,38,100,582.00,"58,200.00"
2019-03-24,2019032401005905,MLBBL,32,38,40,582.00,"23,280.00"
2019-03-24,2019032401005904,MLBBL,52,38,14,582.00,"8,148.00"
2019-03-24,2019032401005903,MLBBL,28,38,50,585.00,"29,250.00"
2019-03-24,2019032401006326,MNBBL,40,51,100,337.00,"33,700.00"
2019-03-24,2019032401006065,NABIL,34,45,50,710.00,"35,500.00"
2019-03-24,2019032401006064,NABIL,6,45,20,710.00,"14,200.00"
2019-03-24,2019032401006063,NABIL,47,45,100,711.00,"71,100.00"
2019-03-24,2019032401006062,NABIL,29,45,30,712.00,"21,360.00"
2019-03-24,2019032401005902,NABIL,5,53,150,712.00,"106,800.00"
2019-03-24,2019032401005896,NABIL,49,53,70,712.00,"49,840.00"
2019-03-24,2019032401005882,NABILP,16,35,200,682.00,"136,400.00"
2019-03-24,2019032401005881,NABILP,5,35,100,682.00,"68,200.00"
2019-03-24,2019032401006317,NADEP,5,16,10,665.00,"6,650.00"
2019-03-24,2019032401006274,NADEP,5,16,10,665.00,"6,650.00"
2019-03-24,2019032401005968,NBB,28,6,500,191.00,"95,500.00"
2019-03-24,2019032401005967,NBB,7,6,632,191.00,"120,712.00"
2019-03-24,2019032401005966,NBB,49,6,49,192.00,"9,408.00"
2019-03-24,2019032401006136,NBBL,42,43,50,610.00,"30,500.00"
2019-03-24,2019032401006330,NBL,37,5,120,288.00,"34,560.00"
2019-03-24,2019032401006112,NBL,49,5,10,288.00,"2,880.00"
2019-03-24,2019032401006251,NCCB,39,38,197,210.00,"41,370.00"
2019-03-24,2019032401006250,NCCB,39,37,353,210.00,"74,130.00"
2019-03-24,2019032401006249,NCCB,39,58,"1,450",210.00,"304,500.00"
2019-03-24,2019032401006257,NGPL,1,28,63,124.00,"7,812.00"
2019-03-24,2019032401005933,NIB,34,49,27,529.00,"14,283.00"
2019-03-24,2019032401005931,NIB,45,42,10,530.00,"5,300.00"
2019-03-24,2019032401005927,NIB,33,42,200,530.00,"106,000.00"
2019-03-24,2019032401006078,NICA,34,26,50,394.00,"19,700.00"
2019-03-24,2019032401006077,NICA,57,26,100,395.00,"39,500.00"
2019-03-24,2019032401006076,NICA,4,26,50,395.00,"19,750.00"
2019-03-24,2019032401005856,NICA,7,39,100,395.00,"39,500.00"
2019-03-24,2019032401005855,NICA,49,39,100,395.00,"39,500.00"
2019-03-24,2019032401005854,NICA,58,39,756,395.00,"298,620.00"
2019-03-24,2019032401006052,NIL,20,14,100,513.00,"51,300.00"
2019-03-24,2019032401005935,NIL,39,34,56,514.00,"28,784.00"
2019-03-24,2019032401006005,NLG,39,44,29,795.00,"23,055.00"
2019-03-24,2019032401006278,NLIC,54,40,17,"1,074.00","18,258.00"
2019-03-24,2019032401006277,NLIC,54,10,15,"1,074.00","16,110.00"
2019-03-24,2019032401006276,NLIC,35,10,10,"1,074.00","10,740.00"
2019-03-24,2019032401006186,NLIC,25,8,43,"1,067.00","45,881.00"
2019-03-24,2019032401006185,NLIC,28,8,22,"1,067.00","23,474.00"
2019-03-24,2019032401006184,NLIC,35,8,23,"1,068.00","24,564.00"
2019-03-24,2019032401005980,NLIC,49,49,3,"1,069.00","3,207.00"
2019-03-24,2019032401005975,NLIC,49,49,3,"1,069.00","3,207.00"
2019-03-24,2019032401006183,NLIC,40,8,200,"1,068.00","213,600.00"
2019-03-24,2019032401006182,NLIC,50,8,25,"1,070.00","26,750.00"
2019-03-24,2019032401006181,NLIC,21,8,42,"1,070.00","44,940.00"
2019-03-24,2019032401006053,NLIC,32,50,13,"1,070.00","13,910.00"
2019-03-24,2019032401005991,NLIC,49,49,3,"1,069.00","3,207.00"
2019-03-24,2019032401005985,NLIC,49,49,3,"1,069.00","3,207.00"
2019-03-24,2019032401006304,NLICL,35,50,10,576.00,"5,760.00"
2019-03-24,2019032401006125,NLICL,49,8,"1,000",568.00,"568,000.00"
2019-03-24,2019032401006124,NLICL,33,8,200,568.00,"113,600.00"
2019-03-24,2019032401006123,NLICL,13,8,40,568.00,"22,720.00"
2019-03-24,2019032401006122,NLICL,26,8,200,570.00,"114,000.00"
2019-03-24,2019032401006121,NLICL,22,8,60,571.00,"34,260.00"
2019-03-24,2019032401005894,NLICL,22,45,40,571.00,"22,840.00"
2019-03-24,2019032401005893,NLICL,1,45,40,572.00,"22,880.00"
2019-03-24,2019032401006236,NMB,39,6,764,320.00,"244,480.00"
2019-03-24,2019032401006235,NMB,39,32,182,319.00,"58,058.00"
2019-03-24,2019032401006234,NMB,39,13,54,319.00,"17,226.00"
2019-03-24,2019032401006085,NMB,4,13,110,319.00,"35,090.00"
2019-03-24,2019032401006073,NMB,26,13,100,319.00,"31,900.00"
2019-03-24,2019032401006072,NMB,17,13,"1,000",319.00,"319,000.00"
2019-03-24,2019032401006071,NMB,44,13,300,319.00,"95,700.00"
2019-03-24,2019032401006070,NMB,41,13,500,319.00,"159,500.00"
2019-03-24,2019032401006069,NMB,38,13,566,319.00,"180,554.00"
2019-03-24,2019032401006046,NMB,19,6,300,320.00,"96,000.00"
2019-03-24,2019032401005992,NMB,11,6,400,320.00,"128,000.00"
2019-03-24,2019032401005939,NMB,11,43,100,320.00,"32,000.00"
2019-03-24,2019032401006220,NMBMF,25,37,60,"1,000.00","60,000.00"
2019-03-24,2019032401006127,NMBMF,54,16,15,992.00,"14,880.00"
2019-03-24,2019032401006126,NMBMF,51,16,25,995.00,"24,875.00"
2019-03-24,2019032401006171,NMFBS,6,6,23,"1,600.00","36,800.00"
2019-03-24,2019032401006172,NSEWA,48,45,10,496.00,"4,960.00"
2019-03-24,2019032401006016,NSEWA,14,49,10,500.00,"5,000.00"
2019-03-24,2019032401006000,NSEWA,14,49,10,500.00,"5,000.00"
2019-03-24,2019032401005995,NSEWA,14,49,10,500.00,"5,000.00"
2019-03-24,2019032401006178,NTC,4,14,40,678.00,"27,120.00"
2019-03-24,2019032401005837,NTC,4,14,190,678.00,"128,820.00"
2019-03-24,2019032401005972,NUBL,42,38,100,723.00,"72,300.00"
2019-03-24,2019032401005971,NUBL,28,38,50,723.00,"36,150.00"
2019-03-24,2019032401005951,OHL,50,44,82,431.00,"35,342.00"
2019-03-24,2019032401006331,PCBL,58,6,175,314.00,"54,950.00"
2019-03-24,2019032401006008,PCBL,44,6,200,314.00,"62,800.00"
2019-03-24,2019032401006284,PFL,6,6,39,131.00,"5,109.00"
2019-03-24,2019032401005884,PIC,21,11,11,"1,009.00","11,099.00"
2019-03-24,2019032401005851,PIC,36,35,11,"1,007.00","11,077.00"
2019-03-24,2019032401006130,PICL,4,58,30,669.00,"20,070.00"
2019-03-24,2019032401005983,PICL,34,44,500,668.00,"334,000.00"
2019-03-24,2019032401006327,PMHPL,32,16,10,112.00,"1,120.00"
2019-03-24,2019032401006297,PMHPL,32,45,10,112.00,"1,120.00"
2019-03-24,2019032401006282,PMHPL,32,16,10,112.00,"1,120.00"
2019-03-24,2019032401006110,PMHPL,10,21,210,114.00,"23,940.00"
2019-03-24,2019032401005996,PMHPL,32,29,10,112.00,"1,120.00"
2019-03-24,2019032401005987,PMHPL,32,58,10,112.00,"1,120.00"
2019-03-24,2019032401006205,PRIN,41,39,173,405.00,"70,065.00"
2019-03-24,2019032401006204,PRIN,32,39,400,406.00,"162,400.00"
2019-03-24,2019032401006203,PRIN,35,39,295,406.00,"119,770.00"
2019-03-24,2019032401006202,PRIN,54,39,132,406.00,"53,592.00"
2019-03-24,2019032401006154,PRIN,54,39,168,406.00,"68,208.00"
2019-03-24,2019032401006153,PRIN,57,39,50,406.00,"20,300.00"
2019-03-24,2019032401005889,PRIN,7,33,98,407.00,"39,886.00"
2019-03-24,2019032401005888,PRIN,22,33,200,407.00,"81,400.00"
2019-03-24,2019032401005887,PRIN,29,33,50,408.00,"20,400.00"
2019-03-24,2019032401006152,PRIN,17,39,50,406.00,"20,300.00"
2019-03-24,2019032401006151,PRIN,34,39,500,406.00,"203,000.00"
2019-03-24,2019032401006150,PRIN,21,39,10,406.00,"4,060.00"
2019-03-24,2019032401006149,PRIN,7,39,42,407.00,"17,094.00"
2019-03-24,2019032401006142,PRIN,4,43,70,410.00,"28,700.00"
2019-03-24,2019032401006113,PRIN,7,58,10,407.00,"4,070.00"
2019-03-24,2019032401006239,PRVU,45,50,100,232.00,"23,200.00"
2019-03-24,2019032401006037,PRVU,34,50,122,232.00,"28,304.00"
2019-03-24,2019032401006036,PRVU,34,32,220,232.00,"51,040.00"
2019-03-24,2019032401006035,PRVU,34,57,658,232.00,"152,656.00"
2019-03-24,2019032401006291,RADHI,50,16,11,170.00,"1,870.00"
2019-03-24,2019032401006303,RHPC,1,16,12,94.00,"1,128.00"
2019-03-24,2019032401005886,RMDC,53,42,70,525.00,"36,750.00"
2019-03-24,2019032401006206,RRHP,45,6,10,98.00,980.00
2019-03-24,2019032401006275,RSDC,14,14,1,360.00,360.00
2019-03-24,2019032401006254,RSDC,14,14,1,360.00,360.00
2019-03-24,2019032401006247,RSDC,14,14,1,360.00,360.00
2019-03-24,2019032401006240,RSDC,14,14,1,360.00,360.00
2019-03-24,2019032401006233,RSDC,14,14,1,360.00,360.00
2019-03-24,2019032401006223,RSDC,14,14,1,360.00,360.00
2019-03-24,2019032401006218,RSDC,14,14,1,360.00,360.00
2019-03-24,2019032401005916,RSDC,6,6,18,366.00,"6,588.00"
2019-03-24,2019032401006140,SADBL,36,14,"1,000",141.00,"141,000.00"
2019-03-24,2019032401006180,SANIMA,4,37,120,298.00,"35,760.00"
2019-03-24,2019032401005932,SANIMA,51,45,59,297.00,"17,523.00"
2019-03-24,2019032401005970,SBBLJ,45,43,700,191.00,"133,700.00"
2019-03-24,2019032401005969,SBBLJ,50,43,300,192.00,"57,600.00"
2019-03-24,2019032401005860,SBBLJ,50,22,200,192.00,"38,400.00"
2019-03-24,2019032401006219,SBL,45,19,100,285.00,"28,500.00"
2019-03-24,2019032401006230,SCB,11,33,100,560.00,"56,000.00"
2019-03-24,2019032401006207,SCB,29,33,30,560.00,"16,800.00"
2019-03-24,2019032401006199,SCB,25,33,14,560.00,"7,840.00"
2019-03-24,2019032401005913,SCB,1,32,100,560.00,"56,000.00"
2019-03-24,2019032401005912,SCB,32,32,30,560.00,"16,800.00"
2019-03-24,2019032401005998,SDESI,41,10,23,552.00,"12,696.00"
2019-03-24,2019032401006256,SHL,37,51,500,204.00,"102,000.00"
2019-03-24,2019032401006032,SHL,56,11,100,203.00,"20,300.00"
2019-03-24,2019032401006021,SICL,34,35,43,862.00,"37,066.00"
2019-03-24,2019032401006020,SICL,6,35,15,863.00,"12,945.00"
2019-03-24,2019032401006325,SLBS,58,16,10,880.00,"8,800.00"
2019-03-24,2019032401005842,SLBS,58,14,17,890.00,"15,130.00"
2019-03-24,2019032401005841,SLBS,58,45,11,890.00,"9,790.00"
2019-03-24,2019032401006246,SLBSL,18,45,100,730.00,"73,000.00"
2019-03-24,2019032401006245,SLBSL,18,57,50,729.00,"36,450.00"
2019-03-24,2019032401006148,SLBSL,18,18,10,728.00,"7,280.00"
2019-03-24,2019032401005953,SLBSL,29,29,10,724.00,"7,240.00"
2019-03-24,2019032401005943,SLBSL,50,53,10,728.00,"7,280.00"
2019-03-24,2019032401005852,SLBSL,50,45,20,721.00,"14,420.00"
2019-03-24,2019032401006128,SLICL,50,49,22,525.00,"11,550.00"
2019-03-24,2019032401006147,SMFDB,46,16,17,625.00,"10,625.00"
2019-03-24,2019032401006227,SPDL,41,6,10,101.00,"1,010.00"
2019-03-24,2019032401006215,SPDL,45,6,137,102.00,"13,974.00"
2019-03-24,2019032401006210,SPDL,6,6,290,103.00,"29,870.00"
2019-03-24,2019032401005945,SPDL,6,6,290,103.00,"29,870.00"
2019-03-24,2019032401006214,SRBL,44,34,"1,000",214.00,"214,000.00"
2019-03-24,2019032401006176,SRBL,44,39,753,214.00,"161,142.00"
2019-03-24,2019032401006175,SRBL,17,39,96,215.00,"20,640.00"
2019-03-24,2019032401005974,TRH,17,10,10,240.00,"2,400.00"
2019-03-24,2019032401006320,UIC,1,28,50,756.00,"37,800.00"
2019-03-24,2019032401006028,UIC,58,33,50,760.00,"38,000.00"
2019-03-24,2019032401006328,UPPER,43,18,40,238.00,"9,520.00"
2019-03-24,2019032401006315,UPPER,43,16,40,238.00,"9,520.00"
2019-03-24,2019032401006311,UPPER,43,26,40,238.00,"9,520.00"
2019-03-24,2019032401006310,UPPER,43,18,40,238.00,"9,520.00"
2019-03-24,2019032401006306,UPPER,43,26,40,238.00,"9,520.00"
2019-03-24,2019032401006298,UPPER,43,26,40,238.00,"9,520.00"
2019-03-24,2019032401005872,UPPER,26,39,40,238.00,"9,520.00"
2019-03-24,2019032401005868,UPPER,26,40,40,238.00,"9,520.00"
2019-03-24,2019032401005865,UPPER,39,25,40,239.00,"9,560.00"
2019-03-24,2019032401005853,UPPER,26,40,40,238.00,"9,520.00"
2019-03-24,2019032401005844,UPPER,39,38,40,240.00,"9,600.00"
2019-03-24,2019032401005838,UPPER,43,39,40,239.00,"9,560.00"
2019-03-24,2019032401005911,UPPER,43,14,63,238.00,"14,994.00"
2019-03-24,2019032401005910,UPPER,26,14,170,238.00,"40,460.00"
2019-03-24,2019032401005891,UPPER,29,29,20,239.00,"4,780.00"
2019-03-24,2019032401005890,UPPER,29,25,20,239.00,"4,780.00"
2019-03-24,2019032401005885,UPPER,39,25,40,239.00,"9,560.00"
2019-03-24,2019032401005883,UPPER,26,40,50,238.00,"11,900.00"
2019-03-24,2019032401006098,UPPER,43,44,50,238.00,"11,900.00"
2019-03-24,2019032401006024,UPPER,29,29,20,239.00,"4,780.00"
2019-03-24,2019032401006023,UPPER,29,29,20,239.00,"4,780.00"
2019-03-24,2019032401005977,UPPER,43,40,40,238.00,"9,520.00"
2019-03-24,2019032401005930,UPPER,29,29,20,239.00,"4,780.00"
2019-03-24,2019032401005929,UPPER,29,29,20,239.00,"4,780.00"
2019-03-24,2019032401006120,UPPER,49,34,30,240.00,"7,200.00"
2019-03-24,2019032401006119,UPPER,49,28,50,240.00,"12,000.00"
2019-03-24,2019032401006118,UPPER,49,28,40,240.00,"9,600.00"
2019-03-24,2019032401006117,UPPER,38,39,40,239.00,"9,560.00"
2019-03-24,2019032401006111,UPPER,38,59,50,239.00,"11,950.00"
2019-03-24,2019032401006109,UPPER,38,29,20,239.00,"4,780.00"
2019-03-24,2019032401006212,UPPER,38,18,40,239.00,"9,560.00"
2019-03-24,2019032401006200,UPPER,38,59,40,239.00,"9,560.00"
2019-03-24,2019032401006197,UPPER,38,18,50,239.00,"11,950.00"
2019-03-24,2019032401006146,UPPER,38,59,50,239.00,"11,950.00"
2019-03-24,2019032401006135,UPPER,17,29,7,238.00,"1,666.00"
2019-03-24,2019032401006134,UPPER,39,34,40,240.00,"9,600.00"
2019-03-24,2019032401006271,UPPER,38,18,20,239.00,"4,780.00"
2019-03-24,2019032401006232,UPPER,38,10,50,239.00,"11,950.00"
2019-03-24,2019032401006231,UPPER,38,40,50,239.00,"11,950.00"
2019-03-24,2019032401006225,UPPER,34,34,30,240.00,"7,200.00"
2019-03-24,2019032401006222,UPPER,38,59,50,239.00,"11,950.00"
2019-03-24,2019032401006213,UPPER,38,59,40,239.00,"9,560.00"
2019-03-24,2019032401006292,UPPER,43,26,40,238.00,"9,520.00"
2019-03-24,2019032401006288,UPPER,43,18,50,238.00,"11,900.00"
2019-03-24,2019032401006283,UPPER,43,26,40,238.00,"9,520.00"
2019-03-24,2019032401006279,UPPER,43,26,40,238.00,"9,520.00"
2019-03-24,2019032401006273,UPPER,43,26,50,238.00,"11,900.00"
2019-03-24,2019032401006272,UPPER,43,18,30,238.00,"7,140.00"
2019-03-24,2019032401005794,ADBL,42,59,50,295.00,"14,750.00"
2019-03-24,2019032401005361,ADBL,51,59,60,295.00,"17,700.00"
2019-03-24,2019032401005664,AHPC,45,56,54,101.00,"5,454.00"
2019-03-24,2019032401005663,AHPC,45,56,309,101.00,"31,209.00"
2019-03-24,2019032401005480,AHPC,45,28,"1,571",101.00,"158,671.00"
2019-03-24,2019032401005479,AHPC,53,28,200,102.00,"20,400.00"
2019-03-24,2019032401005752,AKJCL,38,39,10,79.00,790.00
2019-03-24,2019032401005748,AKJCL,38,39,20,79.00,"1,580.00"
2019-03-24,2019032401005718,AKJCL,38,39,20,79.00,"1,580.00"
2019-03-24,2019032401005682,AKJCL,38,39,20,79.00,"1,580.00"
2019-03-24,2019032401005603,AKJCL,38,49,20,79.00,"1,580.00"
2019-03-24,2019032401005533,AKJCL,38,50,10,79.00,790.00
2019-03-24,2019032401005532,AKJCL,38,26,20,79.00,"1,580.00"
2019-03-24,2019032401005493,AKJCL,39,39,10,80.00,800.00
2019-03-24,2019032401005543,AKPL,41,56,13,167.00,"2,171.00"
2019-03-24,2019032401005650,AKPL,41,56,13,167.00,"2,171.00"
2019-03-24,2019032401005835,ALBSL,16,10,10,493.00,"4,930.00"
2019-03-24,2019032401005834,ALBSL,16,4,10,493.00,"4,930.00"
2019-03-24,2019032401005821,ALBSL,16,4,10,493.00,"4,930.00"
2019-03-24,2019032401005817,ALBSL,16,4,10,493.00,"4,930.00"
2019-03-24,2019032401005812,ALBSL,16,4,10,493.00,"4,930.00"
2019-03-24,2019032401005808,ALBSL,16,4,10,493.00,"4,930.00"
2019-03-24,2019032401005358,ALBSL,52,34,10,496.00,"4,960.00"
2019-03-24,2019032401005352,ALBSL,21,21,10,497.00,"4,970.00"
2019-03-24,2019032401005351,ALBSL,52,38,10,496.00,"4,960.00"
2019-03-24,2019032401005408,ALBSL,21,41,10,496.00,"4,960.00"
2019-03-24,2019032401005396,ALBSL,25,38,10,495.00,"4,950.00"
2019-03-24,2019032401005391,ALBSL,21,21,10,497.00,"4,970.00"
2019-03-24,2019032401005383,ALBSL,25,50,10,496.00,"4,960.00"
2019-03-24,2019032401005368,ALBSL,21,21,10,497.00,"4,970.00"
2019-03-24,2019032401005367,ALBSL,52,26,10,496.00,"4,960.00"
2019-03-24,2019032401005452,ALBSL,39,38,10,495.00,"4,950.00"
2019-03-24,2019032401005449,ALBSL,47,34,10,495.00,"4,950.00"
2019-03-24,2019032401005438,ALBSL,21,21,10,496.00,"4,960.00"
2019-03-24,2019032401005426,ALBSL,42,34,10,495.00,"4,950.00"
2019-03-24,2019032401005422,ALBSL,42,47,10,495.00,"4,950.00"
2019-03-24,2019032401005418,ALBSL,25,34,10,495.00,"4,950.00"
2019-03-24,2019032401005527,ALBSL,5,21,10,495.00,"4,950.00"
2019-03-24,2019032401005521,ALBSL,5,38,10,495.00,"4,950.00"
2019-03-24,2019032401005504,ALBSL,5,21,10,495.00,"4,950.00"
2019-03-24,2019032401005501,ALBSL,5,56,10,495.00,"4,950.00"
2019-03-24,2019032401005491,ALBSL,5,26,10,495.00,"4,950.00"
2019-03-24,2019032401005468,ALBSL,21,21,10,496.00,"4,960.00"
2019-03-24,2019032401005570,ALBSL,45,1,10,496.00,"4,960.00"
2019-03-24,2019032401005569,ALBSL,45,1,10,496.00,"4,960.00"
2019-03-24,2019032401005568,ALBSL,45,1,10,496.00,"4,960.00"
2019-03-24,2019032401005551,ALBSL,5,16,10,495.00,"4,950.00"
2019-03-24,2019032401005536,ALBSL,21,21,10,496.00,"4,960.00"
2019-03-24,2019032401005593,ALBSL,21,1,10,496.00,"4,960.00"
2019-03-24,2019032401005582,ALBSL,5,38,10,495.00,"4,950.00"
2019-03-24,2019032401005578,ALBSL,5,10,10,495.00,"4,950.00"
2019-03-24,2019032401005574,ALBSL,21,1,10,496.00,"4,960.00"
2019-03-24,2019032401005572,ALBSL,45,1,10,496.00,"4,960.00"
2019-03-24,2019032401005571,ALBSL,45,21,10,496.00,"4,960.00"
2019-03-24,2019032401005640,ALBSL,42,38,10,495.00,"4,950.00"
2019-03-24,2019032401005639,ALBSL,42,21,10,495.00,"4,950.00"
2019-03-24,2019032401005638,ALBSL,42,56,10,495.00,"4,950.00"
2019-03-24,2019032401005631,ALBSL,5,49,10,495.00,"4,950.00"
2019-03-24,2019032401005610,ALBSL,21,21,10,496.00,"4,960.00"
2019-03-24,2019032401005607,ALBSL,5,57,10,495.00,"4,950.00"
2019-03-24,2019032401005649,ALBSL,53,38,10,495.00,"4,950.00"
2019-03-24,2019032401005647,ALBSL,19,1,10,496.00,"4,960.00"
2019-03-24,2019032401005646,ALBSL,19,1,10,496.00,"4,960.00"
2019-03-24,2019032401005643,ALBSL,42,38,10,495.00,"4,950.00"
2019-03-24,2019032401005641,ALBSL,42,38,10,495.00,"4,950.00"
2019-03-24,2019032401005677,ALBSL,43,38,10,494.00,"4,940.00"
2019-03-24,2019032401005672,ALBSL,22,38,10,495.00,"4,950.00"
2019-03-24,2019032401005670,ALBSL,22,36,10,495.00,"4,950.00"
2019-03-24,2019032401005668,ALBSL,22,16,10,495.00,"4,950.00"
2019-03-24,2019032401005661,ALBSL,22,38,10,495.00,"4,950.00"
2019-03-24,2019032401005653,ALBSL,22,16,10,495.00,"4,950.00"
2019-03-24,2019032401005692,ALBSL,39,38,10,494.00,"4,940.00"
2019-03-24,2019032401005690,ALBSL,21,57,10,495.00,"4,950.00"
2019-03-24,2019032401005689,ALBSL,39,36,10,494.00,"4,940.00"
2019-03-24,2019032401005685,ALBSL,43,38,10,494.00,"4,940.00"
2019-03-24,2019032401005684,ALBSL,43,16,10,494.00,"4,940.00"
2019-03-24,2019032401005681,ALBSL,43,36,10,494.00,"4,940.00"
2019-03-24,2019032401005729,ALBSL,16,16,10,493.00,"4,930.00"
2019-03-24,2019032401005724,ALBSL,21,21,10,495.00,"4,950.00"
2019-03-24,2019032401005723,ALBSL,43,38,10,494.00,"4,940.00"
2019-03-24,2019032401005717,ALBSL,43,36,10,494.00,"4,940.00"
2019-03-24,2019032401005716,ALBSL,43,16,10,494.00,"4,940.00"
2019-03-24,2019032401005709,ALBSL,39,36,10,494.00,"4,940.00"
2019-03-24,2019032401005762,ALBSL,16,59,10,493.00,"4,930.00"
2019-03-24,2019032401005756,ALBSL,16,16,10,493.00,"4,930.00"
2019-03-24,2019032401005750,ALBSL,16,42,10,493.00,"4,930.00"
2019-03-24,2019032401005747,ALBSL,16,16,10,493.00,"4,930.00"
2019-03-24,2019032401005746,ALBSL,16,59,10,493.00,"4,930.00"
2019-03-24,2019032401005731,ALBSL,16,42,10,493.00,"4,930.00"
2019-03-24,2019032401005771,ALBSL,6,35,10,495.00,"4,950.00"
2019-03-24,2019032401005770,ALBSL,6,35,10,495.00,"4,950.00"
2019-03-24,2019032401005768,ALBSL,16,34,10,493.00,"4,930.00"
2019-03-24,2019032401005765,ALBSL,16,16,10,493.00,"4,930.00"
2019-03-24,2019032401005764,ALBSL,16,4,10,493.00,"4,930.00"
2019-03-24,2019032401005763,ALBSL,16,34,10,493.00,"4,930.00"
2019-03-24,2019032401005805,ALBSL,34,58,10,494.00,"4,940.00"
2019-03-24,2019032401005800,ALBSL,34,58,10,494.00,"4,940.00"
2019-03-24,2019032401005797,ALBSL,16,16,10,493.00,"4,930.00"
2019-03-24,2019032401005784,ALBSL,6,16,10,495.00,"4,950.00"
2019-03-24,2019032401005773,ALBSL,6,58,10,495.00,"4,950.00"
2019-03-24,2019032401005772,ALBSL,6,58,10,495.00,"4,950.00"
2019-03-24,2019032401005811,ALICL,22,39,75,385.00,"28,875.00"
2019-03-24,2019032401005636,ALICL,6,32,90,382.00,"34,380.00"
2019-03-24,2019032401005635,ALICL,57,32,50,382.00,"19,100.00"
2019-03-24,2019032401005634,ALICL,25,32,220,383.00,"84,260.00"
2019-03-24,2019032401005633,ALICL,16,32,30,384.00,"11,520.00"
2019-03-24,2019032401005632,ALICL,39,32,10,384.00,"3,840.00"
2019-03-24,2019032401005401,ALICL,48,39,25,385.00,"9,625.00"
2019-03-24,2019032401005820,BARUN,25,3,200,93.00,"18,600.00"
2019-03-24,2019032401005602,BHBL,34,48,300,140.00,"42,000.00"
2019-03-24,2019032401005360,BOKL,43,34,20,245.00,"4,900.00"
2019-03-24,2019032401005652,BPCL,19,49,10,357.00,"3,570.00"
2019-03-24,2019032401005364,BPCL,1,32,10,360.00,"3,600.00"
2019-03-24,2019032401005601,CBBL,40,21,150,880.00,"132,000.00"
2019-03-24,2019032401005600,CBBL,58,21,50,880.00,"44,000.00"
2019-03-24,2019032401005344,CBBL,32,16,10,882.00,"8,820.00"
2019-03-24,2019032401005813,CCBL,7,39,100,160.00,"16,000.00"
2019-03-24,2019032401005722,CCBL,36,44,97,159.00,"15,423.00"
2019-03-24,2019032401005693,CCBL,36,44,97,159.00,"15,423.00"
2019-03-24,2019032401005637,CCBL,58,39,200,160.00,"32,000.00"
2019-03-24,2019032401005611,CCBL,25,39,40,160.00,"6,400.00"
2019-03-24,2019032401005539,CCBL,57,39,500,160.00,"80,000.00"
2019-03-24,2019032401005346,CCBL,36,28,115,159.00,"18,285.00"
2019-03-24,2019032401005433,CHCL,16,16,240,501.00,"120,240.00"
2019-03-24,2019032401005432,CHCL,19,16,10,501.00,"5,010.00"
2019-03-24,2019032401005431,CHCL,16,16,150,501.00,"75,150.00"
2019-03-24,2019032401005379,CHCL,16,16,850,501.00,"425,850.00"
2019-03-24,2019032401005356,CHCL,26,28,31,500.00,"15,500.00"
2019-03-24,2019032401005660,CHL,45,49,10,104.00,"1,040.00"
2019-03-24,2019032401005363,CHL,45,28,10,104.00,"1,040.00"
2019-03-24,2019032401005818,CHLBS,49,45,10,540.00,"5,400.00"
2019-03-24,2019032401005798,CHLBS,49,45,10,540.00,"5,400.00"
2019-03-24,2019032401005739,CHLBS,49,48,10,540.00,"5,400.00"
2019-03-24,2019032401005673,CHLBS,49,46,10,540.00,"5,400.00"
2019-03-24,2019032401005665,CHLBS,29,45,10,540.00,"5,400.00"
2019-03-24,2019032401005599,CHLBS,29,56,10,540.00,"5,400.00"
2019-03-24,2019032401005520,CHLBS,57,28,50,540.00,"27,000.00"
2019-03-24,2019032401005519,CHLBS,5,28,150,540.00,"81,000.00"
2019-03-24,2019032401005517,CHLBS,6,48,10,540.00,"5,400.00"
2019-03-24,2019032401005439,CHLBS,6,48,10,540.00,"5,400.00"
2019-03-24,2019032401005415,CHLBS,6,4,10,540.00,"5,400.00"
2019-03-24,2019032401005400,CHLBS,6,45,10,540.00,"5,400.00"
