Date,Transact. No.,Symbol,Buyer,Seller,Quantity,Rate,Amount
2021-03-22,2021032205011145,CGH,40,59,10,"1,563.00","15,630.00"
2021-03-22,2021032205011107,CGH,40,41,10,"1,563.00","15,630.00"
2021-03-22,2021032205011104,CGH,40,42,10,"1,563.00","15,630.00"
2021-03-22,2021032205011046,CGH,40,40,10,"1,563.00","15,630.00"
2021-03-22,2021032205011029,CGH,40,48,10,"1,563.00","15,630.00"
2021-03-22,2021032205011009,CGH,40,36,10,"1,563.00","15,630.00"
2021-03-22,2021032205010668,CGH,40,49,10,"1,563.00","15,630.00"
2021-03-22,2021032205010667,CGH,40,13,10,"1,563.00","15,630.00"
2021-03-22,2021032205011000,CGH,40,41,10,"1,563.00","15,630.00"
2021-03-22,2021032205010995,CGH,40,6,10,"1,563.00","15,630.00"
2021-03-22,2021032205010895,CGH,40,13,10,"1,563.00","15,630.00"
2021-03-22,2021032205010816,CGH,40,45,10,"1,563.00","15,630.00"
2021-03-22,2021032205010813,CGH,40,45,10,"1,563.00","15,630.00"
2021-03-22,2021032205010776,CGH,40,51,10,"1,563.00","15,630.00"
2021-03-22,2021032205011157,GLH,38,45,10,392.00,"3,920.00"
2021-03-22,2021032205011153,GLH,38,39,10,390.00,"3,900.00"
2021-03-22,2021032205011152,GLH,38,3,10,389.00,"3,890.00"
2021-03-22,2021032205011151,GLH,38,52,10,388.00,"3,880.00"
2021-03-22,2021032205011150,GLH,38,29,10,388.00,"3,880.00"
2021-03-22,2021032205011149,GLH,38,50,10,385.00,"3,850.00"
2021-03-22,2021032205010666,GLH,45,38,80,372.00,"29,760.00"
2021-03-22,2021032205010661,GLH,45,29,10,372.00,"3,720.00"
2021-03-22,2021032205010712,GLH,34,47,10,371.00,"3,710.00"
2021-03-22,2021032205010711,GLH,34,49,10,371.00,"3,710.00"
2021-03-22,2021032205010706,GLH,22,56,10,372.00,"3,720.00"
2021-03-22,2021032205010705,GLH,34,14,10,371.00,"3,710.00"
2021-03-22,2021032205010698,GLH,34,39,10,371.00,"3,710.00"
2021-03-22,2021032205010690,GLH,34,14,10,371.00,"3,710.00"
2021-03-22,2021032205010730,GLH,34,26,10,371.00,"3,710.00"
2021-03-22,2021032205010724,GLH,34,33,10,371.00,"3,710.00"
2021-03-22,2021032205010716,GLH,50,58,10,372.00,"3,720.00"
2021-03-22,2021032205010715,GLH,50,20,10,372.00,"3,720.00"
2021-03-22,2021032205010714,GLH,50,57,10,372.00,"3,720.00"
2021-03-22,2021032205010713,GLH,50,49,10,372.00,"3,720.00"
2021-03-22,2021032205010755,GLH,34,49,10,371.00,"3,710.00"
2021-03-22,2021032205010746,GLH,34,57,10,371.00,"3,710.00"
2021-03-22,2021032205010738,GLH,34,14,10,371.00,"3,710.00"
2021-03-22,2021032205010737,GLH,34,38,10,371.00,"3,710.00"
2021-03-22,2021032205010736,GLH,34,14,10,371.00,"3,710.00"
2021-03-22,2021032205010735,GLH,34,29,10,371.00,"3,710.00"
2021-03-22,2021032205010770,GLH,34,56,10,371.00,"3,710.00"
2021-03-22,2021032205010767,GLH,34,20,10,371.00,"3,710.00"
2021-03-22,2021032205010763,GLH,34,45,10,371.00,"3,710.00"
2021-03-22,2021032205010760,GLH,34,32,10,371.00,"3,710.00"
2021-03-22,2021032205010758,GLH,34,10,10,371.00,"3,710.00"
2021-03-22,2021032205010757,GLH,34,41,10,371.00,"3,710.00"
2021-03-22,2021032205010781,GLH,16,56,10,372.00,"3,720.00"
2021-03-22,2021032205010780,GLH,16,29,10,372.00,"3,720.00"
2021-03-22,2021032205010779,GLH,16,20,10,372.00,"3,720.00"
2021-03-22,2021032205010775,GLH,34,57,10,371.00,"3,710.00"
2021-03-22,2021032205010774,GLH,34,20,10,371.00,"3,710.00"
2021-03-22,2021032205010772,GLH,34,49,10,371.00,"3,710.00"
2021-03-22,2021032205010787,GLH,16,54,10,372.00,"3,720.00"
2021-03-22,2021032205010786,GLH,16,41,10,372.00,"3,720.00"
2021-03-22,2021032205010785,GLH,16,7,10,372.00,"3,720.00"
2021-03-22,2021032205010784,GLH,16,56,10,372.00,"3,720.00"
2021-03-22,2021032205010783,GLH,16,45,10,372.00,"3,720.00"
2021-03-22,2021032205010782,GLH,16,38,10,372.00,"3,720.00"
2021-03-22,2021032205010800,GLH,16,10,10,372.00,"3,720.00"
2021-03-22,2021032205010798,GLH,16,6,10,372.00,"3,720.00"
2021-03-22,2021032205010796,GLH,16,38,10,372.00,"3,720.00"
2021-03-22,2021032205010790,GLH,16,20,10,372.00,"3,720.00"
2021-03-22,2021032205010789,GLH,16,48,10,372.00,"3,720.00"
2021-03-22,2021032205010788,GLH,16,52,10,372.00,"3,720.00"
2021-03-22,2021032205010817,GLH,16,45,10,372.00,"3,720.00"
2021-03-22,2021032205010812,GLH,16,29,10,372.00,"3,720.00"
2021-03-22,2021032205010811,GLH,16,33,10,372.00,"3,720.00"
2021-03-22,2021032205010809,GLH,16,29,10,372.00,"3,720.00"
2021-03-22,2021032205010806,GLH,16,38,10,372.00,"3,720.00"
2021-03-22,2021032205010803,GLH,16,20,10,372.00,"3,720.00"
2021-03-22,2021032205010871,GLH,16,38,10,372.00,"3,720.00"
2021-03-22,2021032205010868,GLH,16,20,10,372.00,"3,720.00"
2021-03-22,2021032205010825,GLH,16,47,10,372.00,"3,720.00"
2021-03-22,2021032205010824,GLH,16,4,10,372.00,"3,720.00"
2021-03-22,2021032205010821,GLH,16,56,10,372.00,"3,720.00"
2021-03-22,2021032205010820,GLH,16,20,10,372.00,"3,720.00"
2021-03-22,2021032205010886,GLH,59,45,10,373.00,"3,730.00"
2021-03-22,2021032205010885,GLH,59,58,10,373.00,"3,730.00"
2021-03-22,2021032205010884,GLH,59,45,10,373.00,"3,730.00"
2021-03-22,2021032205010883,GLH,59,45,10,373.00,"3,730.00"
2021-03-22,2021032205010876,GLH,16,20,10,372.00,"3,720.00"
2021-03-22,2021032205010874,GLH,16,57,10,372.00,"3,720.00"
2021-03-22,2021032205010892,GLH,59,45,10,373.00,"3,730.00"
2021-03-22,2021032205010891,GLH,59,45,10,373.00,"3,730.00"
2021-03-22,2021032205010890,GLH,59,45,10,373.00,"3,730.00"
2021-03-22,2021032205010889,GLH,59,45,10,373.00,"3,730.00"
2021-03-22,2021032205010888,GLH,59,45,10,373.00,"3,730.00"
2021-03-22,2021032205010887,GLH,59,45,10,373.00,"3,730.00"
2021-03-22,2021032205010903,GLH,38,46,10,374.00,"3,740.00"
2021-03-22,2021032205010902,GLH,38,21,10,373.00,"3,730.00"
2021-03-22,2021032205010901,GLH,38,45,10,373.00,"3,730.00"
2021-03-22,2021032205010900,GLH,38,45,10,373.00,"3,730.00"
2021-03-22,2021032205010898,GLH,16,29,10,372.00,"3,720.00"
2021-03-22,2021032205010893,GLH,16,29,10,372.00,"3,720.00"
2021-03-22,2021032205010909,GLH,38,58,10,375.00,"3,750.00"
2021-03-22,2021032205010908,GLH,38,58,10,375.00,"3,750.00"
2021-03-22,2021032205010907,GLH,38,57,10,375.00,"3,750.00"
2021-03-22,2021032205010906,GLH,38,58,10,375.00,"3,750.00"
2021-03-22,2021032205010905,GLH,38,45,10,374.00,"3,740.00"
2021-03-22,2021032205010904,GLH,38,41,10,374.00,"3,740.00"
2021-03-22,2021032205010915,GLH,38,36,10,375.00,"3,750.00"
2021-03-22,2021032205010914,GLH,38,58,10,375.00,"3,750.00"
2021-03-22,2021032205010913,GLH,38,58,10,375.00,"3,750.00"
2021-03-22,2021032205010912,GLH,38,58,10,375.00,"3,750.00"
2021-03-22,2021032205010911,GLH,38,58,10,375.00,"3,750.00"
2021-03-22,2021032205010910,GLH,38,58,10,375.00,"3,750.00"
2021-03-22,2021032205010921,GLH,38,35,10,375.00,"3,750.00"
2021-03-22,2021032205010920,GLH,38,56,10,375.00,"3,750.00"
2021-03-22,2021032205010919,GLH,38,51,10,375.00,"3,750.00"
2021-03-22,2021032205010918,GLH,38,54,10,375.00,"3,750.00"
2021-03-22,2021032205010917,GLH,38,45,10,375.00,"3,750.00"
2021-03-22,2021032205010916,GLH,38,58,10,375.00,"3,750.00"
2021-03-22,2021032205010928,GLH,38,54,10,377.00,"3,770.00"
2021-03-22,2021032205010926,GLH,38,20,10,377.00,"3,770.00"
2021-03-22,2021032205010925,GLH,38,57,10,377.00,"3,770.00"
2021-03-22,2021032205010924,GLH,38,25,10,377.00,"3,770.00"
2021-03-22,2021032205010923,GLH,38,49,10,376.00,"3,760.00"
2021-03-22,2021032205010922,GLH,38,16,10,376.00,"3,760.00"
2021-03-22,2021032205010940,GLH,38,38,10,377.00,"3,770.00"
2021-03-22,2021032205010938,GLH,38,20,10,377.00,"3,770.00"
2021-03-22,2021032205010937,GLH,38,49,10,377.00,"3,770.00"
2021-03-22,2021032205010936,GLH,38,47,10,377.00,"3,770.00"
2021-03-22,2021032205010935,GLH,38,18,10,377.00,"3,770.00"
2021-03-22,2021032205010933,GLH,38,58,10,377.00,"3,770.00"
2021-03-22,2021032205010956,GLH,38,51,10,378.00,"3,780.00"
2021-03-22,2021032205010955,GLH,38,32,10,378.00,"3,780.00"
2021-03-22,2021032205010954,GLH,38,49,10,377.00,"3,770.00"
2021-03-22,2021032205010953,GLH,38,20,10,377.00,"3,770.00"
2021-03-22,2021032205010952,GLH,38,38,10,377.00,"3,770.00"
2021-03-22,2021032205010947,GLH,38,29,10,377.00,"3,770.00"
2021-03-22,2021032205010962,GLH,38,49,10,378.00,"3,780.00"
2021-03-22,2021032205010961,GLH,38,44,10,378.00,"3,780.00"
2021-03-22,2021032205010960,GLH,38,42,10,378.00,"3,780.00"
2021-03-22,2021032205010959,GLH,38,42,10,378.00,"3,780.00"
2021-03-22,2021032205010958,GLH,38,44,10,378.00,"3,780.00"
2021-03-22,2021032205010957,GLH,38,51,10,378.00,"3,780.00"
2021-03-22,2021032205010968,GLH,38,41,10,379.00,"3,790.00"
2021-03-22,2021032205010967,GLH,38,58,10,379.00,"3,790.00"
2021-03-22,2021032205010966,GLH,38,58,10,379.00,"3,790.00"
2021-03-22,2021032205010965,GLH,38,4,20,379.00,"7,580.00"
2021-03-22,2021032205010964,GLH,38,32,10,378.00,"3,780.00"
2021-03-22,2021032205010963,GLH,38,58,10,378.00,"3,780.00"
2021-03-22,2021032205010974,GLH,38,58,10,379.00,"3,790.00"
2021-03-22,2021032205010973,GLH,38,48,10,379.00,"3,790.00"
2021-03-22,2021032205010972,GLH,38,38,10,379.00,"3,790.00"
2021-03-22,2021032205010971,GLH,38,43,10,379.00,"3,790.00"
2021-03-22,2021032205010970,GLH,38,25,10,379.00,"3,790.00"
2021-03-22,2021032205010969,GLH,38,25,10,379.00,"3,790.00"
2021-03-22,2021032205010980,GLH,38,58,10,380.00,"3,800.00"
2021-03-22,2021032205010979,GLH,38,36,10,380.00,"3,800.00"
2021-03-22,2021032205010978,GLH,38,4,10,380.00,"3,800.00"
2021-03-22,2021032205010977,GLH,38,53,10,380.00,"3,800.00"
2021-03-22,2021032205010976,GLH,38,35,10,379.00,"3,790.00"
2021-03-22,2021032205010975,GLH,38,34,10,379.00,"3,790.00"
2021-03-22,2021032205010986,GLH,38,58,10,380.00,"3,800.00"
2021-03-22,2021032205010985,GLH,38,52,10,380.00,"3,800.00"
2021-03-22,2021032205010984,GLH,38,35,10,380.00,"3,800.00"
2021-03-22,2021032205010983,GLH,38,58,10,380.00,"3,800.00"
2021-03-22,2021032205010982,GLH,38,58,10,380.00,"3,800.00"
2021-03-22,2021032205010981,GLH,38,50,10,380.00,"3,800.00"
2021-03-22,2021032205010992,GLH,38,22,10,380.00,"3,800.00"
2021-03-22,2021032205010991,GLH,38,42,10,380.00,"3,800.00"
2021-03-22,2021032205010990,GLH,38,11,10,380.00,"3,800.00"
2021-03-22,2021032205010989,GLH,38,41,10,380.00,"3,800.00"
2021-03-22,2021032205010988,GLH,38,19,10,380.00,"3,800.00"
2021-03-22,2021032205010987,GLH,38,48,10,380.00,"3,800.00"
2021-03-22,2021032205011013,GLH,38,56,10,382.00,"3,820.00"
2021-03-22,2021032205011011,GLH,40,6,10,378.00,"3,780.00"
2021-03-22,2021032205011010,GLH,40,21,10,378.00,"3,780.00"
2021-03-22,2021032205011005,GLH,38,21,10,381.00,"3,810.00"
2021-03-22,2021032205010996,GLH,38,6,10,381.00,"3,810.00"
2021-03-22,2021032205010993,GLH,38,42,10,381.00,"3,810.00"
2021-03-22,2021032205011019,GLH,38,44,10,385.00,"3,850.00"
2021-03-22,2021032205011018,GLH,38,55,10,384.00,"3,840.00"
2021-03-22,2021032205011017,GLH,38,6,10,384.00,"3,840.00"
2021-03-22,2021032205011016,GLH,38,45,10,382.00,"3,820.00"
2021-03-22,2021032205011015,GLH,38,55,10,382.00,"3,820.00"
2021-03-22,2021032205011014,GLH,38,6,10,382.00,"3,820.00"
2021-03-22,2021032205011033,GLH,16,7,10,372.00,"3,720.00"
2021-03-22,2021032205011032,GLH,16,38,10,372.00,"3,720.00"
2021-03-22,2021032205011031,GLH,16,38,10,372.00,"3,720.00"
2021-03-22,2021032205011027,GLH,40,44,10,378.00,"3,780.00"
2021-03-22,2021032205011026,GLH,40,39,10,378.00,"3,780.00"
2021-03-22,2021032205011025,GLH,40,4,10,378.00,"3,780.00"
2021-03-22,2021032205011059,GLH,38,29,10,378.00,"3,780.00"
2021-03-22,2021032205011055,GLH,38,48,10,377.00,"3,770.00"
2021-03-22,2021032205011053,GLH,38,36,10,378.00,"3,780.00"
2021-03-22,2021032205011047,GLH,57,21,10,378.00,"3,780.00"
2021-03-22,2021032205011041,GLH,57,49,10,378.00,"3,780.00"
2021-03-22,2021032205011040,GLH,57,6,10,378.00,"3,780.00"
2021-03-22,2021032205011077,GLH,16,44,190,385.00,"73,150.00"
2021-03-22,2021032205011076,GLH,16,58,10,384.00,"3,840.00"
2021-03-22,2021032205011073,GLH,11,20,10,381.00,"3,810.00"
2021-03-22,2021032205011063,GLH,11,49,10,380.00,"3,800.00"
2021-03-22,2021032205011062,GLH,11,52,10,379.00,"3,790.00"
2021-03-22,2021032205011061,GLH,11,16,10,378.00,"3,780.00"
2021-03-22,2021032205011083,GLH,16,50,10,385.00,"3,850.00"
2021-03-22,2021032205011082,GLH,16,41,10,385.00,"3,850.00"
2021-03-22,2021032205011081,GLH,16,58,10,385.00,"3,850.00"
2021-03-22,2021032205011080,GLH,16,25,10,385.00,"3,850.00"
2021-03-22,2021032205011079,GLH,16,32,100,385.00,"38,500.00"
2021-03-22,2021032205011078,GLH,16,4,10,385.00,"3,850.00"
2021-03-22,2021032205011119,GLH,5,16,10,378.00,"3,780.00"
2021-03-22,2021032205011110,GLH,38,20,10,380.00,"3,800.00"
2021-03-22,2021032205011108,GLH,41,41,10,378.00,"3,780.00"
2021-03-22,2021032205011086,GLH,11,58,10,381.00,"3,810.00"
2021-03-22,2021032205011085,GLH,38,53,10,385.00,"3,850.00"
2021-03-22,2021032205011084,GLH,16,21,10,385.00,"3,850.00"
2021-03-22,2021032205011131,GLH,38,49,10,385.00,"3,850.00"
2021-03-22,2021032205011129,GLH,22,58,10,380.00,"3,800.00"
2021-03-22,2021032205011128,GLH,4,5,10,379.00,"3,790.00"
2021-03-22,2021032205011127,GLH,41,58,10,385.00,"3,850.00"
2021-03-22,2021032205011126,GLH,41,18,10,384.00,"3,840.00"
2021-03-22,2021032205011120,GLH,16,1,10,382.00,"3,820.00"
2021-03-22,2021032205011148,GLH,38,17,10,385.00,"3,850.00"
2021-03-22,2021032205011147,GLH,38,4,100,385.00,"38,500.00"
2021-03-22,2021032205011146,GLH,38,5,10,387.00,"3,870.00"
2021-03-22,2021032205011144,GLH,38,49,10,385.00,"3,850.00"
2021-03-22,2021032205011141,GLH,38,49,10,385.00,"3,850.00"
2021-03-22,2021032205011135,GLH,38,58,10,385.00,"3,850.00"
2021-03-22,2021032205010894,MLBSL,34,58,10,463.00,"4,630.00"
2021-03-22,2021032205011156,NIFRA,21,19,25,524.00,"13,100.00"
2021-03-22,2021032205011155,NIFRA,16,45,50,524.00,"26,200.00"
2021-03-22,2021032205011154,NIFRA,16,52,50,524.00,"26,200.00"
2021-03-22,2021032205011143,NIFRA,16,1,50,524.00,"26,200.00"
2021-03-22,2021032205011142,NIFRA,16,38,10,524.00,"5,240.00"
2021-03-22,2021032205011140,NIFRA,16,52,40,524.00,"20,960.00"
2021-03-22,2021032205010660,NIFRA,57,34,10,523.00,"5,230.00"
2021-03-22,2021032205010659,NIFRA,49,34,40,523.00,"20,920.00"
2021-03-22,2021032205010658,NIFRA,49,52,50,523.00,"26,150.00"
2021-03-22,2021032205010670,NIFRA,17,58,30,523.00,"15,690.00"
2021-03-22,2021032205010669,NIFRA,36,58,200,524.00,"104,800.00"
2021-03-22,2021032205010665,NIFRA,17,40,60,523.00,"31,380.00"
2021-03-22,2021032205010664,NIFRA,22,58,100,524.00,"52,400.00"
2021-03-22,2021032205010663,NIFRA,17,49,10,523.00,"5,230.00"
2021-03-22,2021032205010662,NIFRA,57,49,40,523.00,"20,920.00"
2021-03-22,2021032205010676,NIFRA,36,16,50,524.00,"26,200.00"
2021-03-22,2021032205010675,NIFRA,7,58,500,524.00,"262,000.00"
2021-03-22,2021032205010674,NIFRA,16,38,50,523.00,"26,150.00"
2021-03-22,2021032205010673,NIFRA,16,26,50,523.00,"26,150.00"
2021-03-22,2021032205010672,NIFRA,28,58,100,524.00,"52,400.00"
2021-03-22,2021032205010671,NIFRA,55,58,20,523.00,"10,460.00"
2021-03-22,2021032205010682,NIFRA,46,51,17,523.00,"8,891.00"
2021-03-22,2021032205010681,NIFRA,25,51,13,523.00,"6,799.00"
2021-03-22,2021032205010680,NIFRA,55,51,30,523.00,"15,690.00"
2021-03-22,2021032205010679,NIFRA,36,5,50,524.00,"26,200.00"
2021-03-22,2021032205010678,NIFRA,36,58,50,524.00,"26,200.00"
2021-03-22,2021032205010677,NIFRA,36,38,50,524.00,"26,200.00"
2021-03-22,2021032205010688,NIFRA,26,26,30,523.00,"15,690.00"
2021-03-22,2021032205010687,NIFRA,49,26,30,523.00,"15,690.00"
2021-03-22,2021032205010686,NIFRA,34,34,10,523.00,"5,230.00"
2021-03-22,2021032205010685,NIFRA,25,34,50,523.00,"26,150.00"
2021-03-22,2021032205010684,NIFRA,7,5,500,524.00,"262,000.00"
2021-03-22,2021032205010683,NIFRA,25,6,50,523.00,"26,150.00"
2021-03-22,2021032205010695,NIFRA,16,18,20,523.00,"10,460.00"
2021-03-22,2021032205010694,NIFRA,49,18,20,523.00,"10,460.00"
2021-03-22,2021032205010693,NIFRA,26,18,10,523.00,"5,230.00"
2021-03-22,2021032205010692,NIFRA,42,5,150,524.00,"78,600.00"
2021-03-22,2021032205010691,NIFRA,26,19,60,523.00,"31,380.00"
2021-03-22,2021032205010689,NIFRA,49,5,40,524.00,"20,960.00"
2021-03-22,2021032205010702,NIFRA,7,16,20,524.00,"10,480.00"
2021-03-22,2021032205010701,NIFRA,7,55,40,524.00,"20,960.00"
2021-03-22,2021032205010700,NIFRA,7,47,50,524.00,"26,200.00"
2021-03-22,2021032205010699,NIFRA,7,5,90,524.00,"47,160.00"
2021-03-22,2021032205010697,NIFRA,16,36,50,523.00,"26,150.00"
2021-03-22,2021032205010696,NIFRA,6,5,170,524.00,"89,080.00"
2021-03-22,2021032205010710,NIFRA,38,25,50,523.00,"26,150.00"
2021-03-22,2021032205010709,NIFRA,38,26,30,523.00,"15,690.00"
2021-03-22,2021032205010708,NIFRA,16,26,20,523.00,"10,460.00"
2021-03-22,2021032205010707,NIFRA,16,26,60,523.00,"31,380.00"
2021-03-22,2021032205010704,NIFRA,16,6,50,523.00,"26,150.00"
2021-03-22,2021032205010703,NIFRA,16,6,50,523.00,"26,150.00"
2021-03-22,2021032205010722,NIFRA,26,10,20,523.00,"10,460.00"
2021-03-22,2021032205010721,NIFRA,26,41,30,523.00,"15,690.00"
2021-03-22,2021032205010720,NIFRA,55,41,100,523.00,"52,300.00"
2021-03-22,2021032205010719,NIFRA,29,41,350,523.00,"183,050.00"
2021-03-22,2021032205010718,NIFRA,16,41,100,523.00,"52,300.00"
2021-03-22,2021032205010717,NIFRA,38,41,420,523.00,"219,660.00"
2021-03-22,2021032205010729,NIFRA,45,49,50,523.00,"26,150.00"
2021-03-22,2021032205010728,NIFRA,45,57,30,523.00,"15,690.00"
2021-03-22,2021032205010727,NIFRA,45,38,60,523.00,"31,380.00"
2021-03-22,2021032205010726,NIFRA,41,38,85,524.00,"44,540.00"
2021-03-22,2021032205010725,NIFRA,41,16,20,524.00,"10,480.00"
2021-03-22,2021032205010723,NIFRA,45,10,30,523.00,"15,690.00"
2021-03-22,2021032205010740,NIFRA,44,58,50,524.00,"26,200.00"
2021-03-22,2021032205010739,NIFRA,44,38,15,524.00,"7,860.00"
2021-03-22,2021032205010734,NIFRA,44,58,160,523.00,"83,680.00"
2021-03-22,2021032205010733,NIFRA,29,58,150,523.00,"78,450.00"
2021-03-22,2021032205010732,NIFRA,32,58,20,523.00,"10,460.00"
2021-03-22,2021032205010731,NIFRA,45,58,30,523.00,"15,690.00"
2021-03-22,2021032205010747,NIFRA,44,6,55,524.00,"28,820.00"
2021-03-22,2021032205010745,NIFRA,44,34,60,524.00,"31,440.00"
2021-03-22,2021032205010744,NIFRA,44,55,30,524.00,"15,720.00"
2021-03-22,2021032205010743,NIFRA,44,1,10,524.00,"5,240.00"
2021-03-22,2021032205010742,NIFRA,44,34,60,524.00,"31,440.00"
2021-03-22,2021032205010741,NIFRA,44,45,20,524.00,"10,480.00"
2021-03-22,2021032205010753,NIFRA,47,26,15,523.00,"7,845.00"
2021-03-22,2021032205010752,NIFRA,47,45,10,523.00,"5,230.00"
2021-03-22,2021032205010751,NIFRA,7,45,40,523.00,"20,920.00"
2021-03-22,2021032205010750,NIFRA,7,45,10,523.00,"5,230.00"
2021-03-22,2021032205010749,NIFRA,44,45,40,523.00,"20,920.00"
2021-03-22,2021032205010748,NIFRA,8,6,5,523.00,"2,615.00"
2021-03-22,2021032205010764,NIFRA,49,57,10,524.00,"5,240.00"
2021-03-22,2021032205010762,NIFRA,49,45,20,524.00,"10,480.00"
2021-03-22,2021032205010761,NIFRA,45,49,50,523.00,"26,150.00"
2021-03-22,2021032205010759,NIFRA,34,36,50,524.00,"26,200.00"
2021-03-22,2021032205010756,NIFRA,45,58,10,523.00,"5,230.00"
2021-03-22,2021032205010754,NIFRA,7,26,45,523.00,"23,535.00"
2021-03-22,2021032205010773,NIFRA,13,5,200,524.00,"104,800.00"
2021-03-22,2021032205010771,NIFRA,43,36,60,523.00,"31,380.00"
2021-03-22,2021032205010769,NIFRA,43,26,50,523.00,"26,150.00"
2021-03-22,2021032205010768,NIFRA,43,6,60,523.00,"31,380.00"
2021-03-22,2021032205010766,NIFRA,43,57,10,523.00,"5,230.00"
2021-03-22,2021032205010765,NIFRA,45,57,40,523.00,"20,920.00"
2021-03-22,2021032205010794,NIFRA,10,39,85,524.00,"44,540.00"
2021-03-22,2021032205010793,NIFRA,43,6,60,523.00,"31,380.00"
2021-03-22,2021032205010792,NIFRA,21,10,50,524.00,"26,200.00"
2021-03-22,2021032205010791,NIFRA,21,36,50,524.00,"26,200.00"
2021-03-22,2021032205010778,NIFRA,43,52,50,523.00,"26,150.00"
2021-03-22,2021032205010777,NIFRA,43,21,50,523.00,"26,150.00"
2021-03-22,2021032205010804,NIFRA,10,45,60,524.00,"31,440.00"
2021-03-22,2021032205010802,NIFRA,10,49,60,524.00,"31,440.00"
2021-03-22,2021032205010801,NIFRA,10,57,50,524.00,"26,200.00"
2021-03-22,2021032205010799,NIFRA,10,45,50,524.00,"26,200.00"
2021-03-22,2021032205010797,NIFRA,10,52,60,524.00,"31,440.00"
2021-03-22,2021032205010795,NIFRA,10,55,60,524.00,"31,440.00"
2021-03-22,2021032205010815,NIFRA,19,47,50,524.00,"26,200.00"
2021-03-22,2021032205010814,NIFRA,43,49,50,523.00,"26,150.00"
2021-03-22,2021032205010810,NIFRA,43,52,50,523.00,"26,150.00"
2021-03-22,2021032205010808,NIFRA,43,36,45,523.00,"23,535.00"
2021-03-22,2021032205010807,NIFRA,10,36,15,524.00,"7,860.00"
2021-03-22,2021032205010805,NIFRA,10,38,120,524.00,"62,880.00"
2021-03-22,2021032205010827,NIFRA,43,10,405,523.00,"211,815.00"
2021-03-22,2021032205010826,NIFRA,43,10,500,523.00,"261,500.00"
2021-03-22,2021032205010823,NIFRA,43,49,60,523.00,"31,380.00"
2021-03-22,2021032205010822,NIFRA,43,10,50,523.00,"26,150.00"
2021-03-22,2021032205010819,NIFRA,49,6,50,524.00,"26,200.00"
2021-03-22,2021032205010818,NIFRA,49,10,50,524.00,"26,200.00"
2021-03-22,2021032205010833,NIFRA,7,10,50,523.00,"26,150.00"
2021-03-22,2021032205010832,NIFRA,35,10,20,523.00,"10,460.00"
2021-03-22,2021032205010831,NIFRA,45,10,100,523.00,"52,300.00"
2021-03-22,2021032205010830,NIFRA,16,10,50,523.00,"26,150.00"
2021-03-22,2021032205010829,NIFRA,58,10,50,523.00,"26,150.00"
2021-03-22,2021032205010828,NIFRA,25,10,30,523.00,"15,690.00"
2021-03-22,2021032205010839,NIFRA,29,10,36,523.00,"18,828.00"
2021-03-22,2021032205010838,NIFRA,49,10,270,523.00,"141,210.00"
2021-03-22,2021032205010837,NIFRA,19,10,50,523.00,"26,150.00"
2021-03-22,2021032205010836,NIFRA,48,10,55,523.00,"28,765.00"
2021-03-22,2021032205010835,NIFRA,57,10,195,523.00,"101,985.00"
2021-03-22,2021032205010834,NIFRA,55,10,500,523.00,"261,500.00"
2021-03-22,2021032205010845,NIFRA,41,10,10,523.00,"5,230.00"
2021-03-22,2021032205010844,NIFRA,43,10,100,523.00,"52,300.00"
2021-03-22,2021032205010843,NIFRA,42,10,115,523.00,"60,145.00"
2021-03-22,2021032205010842,NIFRA,42,10,200,523.00,"104,600.00"
2021-03-22,2021032205010841,NIFRA,49,10,"1,000",523.00,"523,000.00"
2021-03-22,2021032205010840,NIFRA,35,10,300,523.00,"156,900.00"
2021-03-22,2021032205010851,NIFRA,21,10,500,523.00,"261,500.00"
2021-03-22,2021032205010850,NIFRA,45,10,10,523.00,"5,230.00"
2021-03-22,2021032205010849,NIFRA,59,10,100,523.00,"52,300.00"
2021-03-22,2021032205010848,NIFRA,16,10,500,523.00,"261,500.00"
2021-03-22,2021032205010847,NIFRA,41,10,50,523.00,"26,150.00"
2021-03-22,2021032205010846,NIFRA,29,10,"1,000",523.00,"523,000.00"
2021-03-22,2021032205010857,NIFRA,41,10,"1,000",523.00,"523,000.00"
2021-03-22,2021032205010856,NIFRA,57,10,100,523.00,"52,300.00"
2021-03-22,2021032205010855,NIFRA,47,10,100,523.00,"52,300.00"
2021-03-22,2021032205010854,NIFRA,42,10,100,523.00,"52,300.00"
2021-03-22,2021032205010853,NIFRA,34,10,200,523.00,"104,600.00"
2021-03-22,2021032205010852,NIFRA,53,10,100,523.00,"52,300.00"
2021-03-22,2021032205010863,NIFRA,29,10,500,523.00,"261,500.00"
2021-03-22,2021032205010862,NIFRA,1,10,500,523.00,"261,500.00"
2021-03-22,2021032205010861,NIFRA,44,10,100,523.00,"52,300.00"
2021-03-22,2021032205010860,NIFRA,25,10,200,523.00,"104,600.00"
2021-03-22,2021032205010859,NIFRA,51,10,100,523.00,"52,300.00"
2021-03-22,2021032205010858,NIFRA,38,10,100,523.00,"52,300.00"
2021-03-22,2021032205010870,NIFRA,10,45,60,523.00,"31,380.00"
2021-03-22,2021032205010869,NIFRA,10,46,60,523.00,"31,380.00"
2021-03-22,2021032205010867,NIFRA,38,45,10,524.00,"5,240.00"
2021-03-22,2021032205010866,NIFRA,10,10,"1,184",523.00,"619,232.00"
2021-03-22,2021032205010865,NIFRA,21,10,20,523.00,"10,460.00"
2021-03-22,2021032205010864,NIFRA,36,10,500,523.00,"261,500.00"
2021-03-22,2021032205010879,NIFRA,7,34,40,524.00,"20,960.00"
2021-03-22,2021032205010878,NIFRA,7,6,50,524.00,"26,200.00"
2021-03-22,2021032205010877,NIFRA,7,45,40,524.00,"20,960.00"
2021-03-22,2021032205010875,NIFRA,10,49,60,523.00,"31,380.00"
2021-03-22,2021032205010873,NIFRA,10,6,50,523.00,"26,150.00"
2021-03-22,2021032205010872,NIFRA,10,45,50,523.00,"26,150.00"
2021-03-22,2021032205010899,NIFRA,10,49,50,523.00,"26,150.00"
2021-03-22,2021032205010897,NIFRA,10,36,50,523.00,"26,150.00"
2021-03-22,2021032205010896,NIFRA,10,36,50,523.00,"26,150.00"
2021-03-22,2021032205010882,NIFRA,10,1,10,523.00,"5,230.00"
2021-03-22,2021032205010881,NIFRA,7,1,10,524.00,"5,240.00"
2021-03-22,2021032205010880,NIFRA,7,49,60,524.00,"31,440.00"
2021-03-22,2021032205010934,NIFRA,10,36,60,523.00,"31,380.00"
2021-03-22,2021032205010932,NIFRA,10,38,50,523.00,"26,150.00"
2021-03-22,2021032205010931,NIFRA,10,45,60,523.00,"31,380.00"
2021-03-22,2021032205010930,NIFRA,10,32,10,523.00,"5,230.00"
2021-03-22,2021032205010929,NIFRA,10,49,50,523.00,"26,150.00"
2021-03-22,2021032205010927,NIFRA,10,6,50,523.00,"26,150.00"
2021-03-22,2021032205010945,NIFRA,28,22,50,524.00,"26,200.00"
2021-03-22,2021032205010944,NIFRA,28,48,50,524.00,"26,200.00"
2021-03-22,2021032205010943,NIFRA,10,28,50,523.00,"26,150.00"
2021-03-22,2021032205010942,NIFRA,10,33,50,523.00,"26,150.00"
2021-03-22,2021032205010941,NIFRA,10,49,50,523.00,"26,150.00"
2021-03-22,2021032205010939,NIFRA,10,1,30,523.00,"15,690.00"
2021-03-22,2021032205010994,NIFRA,46,56,50,523.00,"26,150.00"
2021-03-22,2021032205010951,NIFRA,46,49,50,523.00,"26,150.00"
2021-03-22,2021032205010950,NIFRA,46,49,34,523.00,"17,782.00"
2021-03-22,2021032205010949,NIFRA,10,49,16,523.00,"8,368.00"
2021-03-22,2021032205010948,NIFRA,10,36,50,523.00,"26,150.00"
2021-03-22,2021032205010946,NIFRA,10,56,50,523.00,"26,150.00"
2021-03-22,2021032205011003,NIFRA,58,56,10,524.00,"5,240.00"
2021-03-22,2021032205011002,NIFRA,39,56,30,524.00,"15,720.00"
2021-03-22,2021032205011001,NIFRA,39,36,50,524.00,"26,200.00"
2021-03-22,2021032205010999,NIFRA,39,6,50,524.00,"26,200.00"
2021-03-22,2021032205010998,NIFRA,39,21,60,524.00,"31,440.00"
2021-03-22,2021032205010997,NIFRA,39,22,10,524.00,"5,240.00"
2021-03-22,2021032205011020,NIFRA,46,34,60,523.00,"31,380.00"
2021-03-22,2021032205011012,NIFRA,46,56,50,523.00,"26,150.00"
2021-03-22,2021032205011008,NIFRA,46,29,10,523.00,"5,230.00"
2021-03-22,2021032205011007,NIFRA,57,29,50,524.00,"26,200.00"
2021-03-22,2021032205011006,NIFRA,57,6,50,524.00,"26,200.00"
2021-03-22,2021032205011004,NIFRA,46,56,20,523.00,"10,460.00"
2021-03-22,2021032205011030,NIFRA,6,49,60,523.00,"31,380.00"
2021-03-22,2021032205011028,NIFRA,6,36,60,523.00,"31,380.00"
2021-03-22,2021032205011024,NIFRA,46,48,46,523.00,"24,058.00"
2021-03-22,2021032205011023,NIFRA,46,56,60,523.00,"31,380.00"
2021-03-22,2021032205011022,NIFRA,46,7,60,523.00,"31,380.00"
2021-03-22,2021032205011021,NIFRA,46,18,60,523.00,"31,380.00"
2021-03-22,2021032205011039,NIFRA,54,21,30,523.00,"15,690.00"
2021-03-22,2021032205011038,NIFRA,51,21,10,523.00,"5,230.00"
2021-03-22,2021032205011037,NIFRA,6,21,10,523.00,"5,230.00"
2021-03-22,2021032205011036,NIFRA,6,49,60,523.00,"31,380.00"
2021-03-22,2021032205011035,NIFRA,6,57,60,523.00,"31,380.00"
2021-03-22,2021032205011034,NIFRA,6,38,50,523.00,"26,150.00"
2021-03-22,2021032205011049,NIFRA,1,49,60,523.00,"31,380.00"
2021-03-22,2021032205011048,NIFRA,1,38,50,523.00,"26,150.00"
2021-03-22,2021032205011045,NIFRA,16,53,10,524.00,"5,240.00"
2021-03-22,2021032205011044,NIFRA,1,56,10,523.00,"5,230.00"
2021-03-22,2021032205011043,NIFRA,58,56,30,523.00,"15,690.00"
2021-03-22,2021032205011042,NIFRA,54,56,10,523.00,"5,230.00"
2021-03-22,2021032205011057,NIFRA,42,53,30,524.00,"15,720.00"
2021-03-22,2021032205011056,NIFRA,34,53,20,524.00,"10,480.00"
2021-03-22,2021032205011054,NIFRA,8,41,10,523.00,"5,230.00"
2021-03-22,2021032205011052,NIFRA,8,22,141,523.00,"73,743.00"
2021-03-22,2021032205011051,NIFRA,21,22,10,523.00,"5,230.00"
2021-03-22,2021032205011050,NIFRA,1,22,130,523.00,"67,990.00"
2021-03-22,2021032205011067,NIFRA,8,52,39,523.00,"20,397.00"
2021-03-22,2021032205011066,NIFRA,16,53,25,524.00,"13,100.00"
2021-03-22,2021032205011065,NIFRA,16,3,50,524.00,"26,200.00"
2021-03-22,2021032205011064,NIFRA,16,38,25,524.00,"13,100.00"
2021-03-22,2021032205011060,NIFRA,8,49,60,523.00,"31,380.00"
2021-03-22,2021032205011058,NIFRA,42,38,30,524.00,"15,720.00"
2021-03-22,2021032205011074,NIFRA,19,38,50,523.00,"26,150.00"
2021-03-22,2021032205011072,NIFRA,42,53,30,524.00,"15,720.00"
2021-03-22,2021032205011071,NIFRA,28,58,9,523.00,"4,707.00"
2021-03-22,2021032205011070,NIFRA,28,49,41,523.00,"21,443.00"
2021-03-22,2021032205011069,NIFRA,49,49,19,523.00,"9,937.00"
2021-03-22,2021032205011068,NIFRA,49,52,21,523.00,"10,983.00"
2021-03-22,2021032205011091,NIFRA,21,49,20,523.00,"10,460.00"
2021-03-22,2021032205011090,NIFRA,57,49,30,523.00,"15,690.00"
2021-03-22,2021032205011089,NIFRA,32,49,20,523.00,"10,460.00"
2021-03-22,2021032205011088,NIFRA,38,49,50,523.00,"26,150.00"
2021-03-22,2021032205011087,NIFRA,39,49,150,523.00,"78,450.00"
2021-03-22,2021032205011075,NIFRA,42,53,200,524.00,"104,800.00"
2021-03-22,2021032205011097,NIFRA,6,53,10,524.00,"5,240.00"
2021-03-22,2021032205011096,NIFRA,39,49,200,523.00,"104,600.00"
2021-03-22,2021032205011095,NIFRA,39,41,50,523.00,"26,150.00"
2021-03-22,2021032205011094,NIFRA,59,41,20,523.00,"10,460.00"
2021-03-22,2021032205011093,NIFRA,5,41,10,523.00,"5,230.00"
2021-03-22,2021032205011092,NIFRA,5,49,30,523.00,"15,690.00"
2021-03-22,2021032205011103,NIFRA,16,6,25,524.00,"13,100.00"
2021-03-22,2021032205011102,NIFRA,16,58,75,524.00,"39,300.00"
2021-03-22,2021032205011101,NIFRA,17,6,10,524.00,"5,240.00"
2021-03-22,2021032205011100,NIFRA,17,52,60,524.00,"31,440.00"
2021-03-22,2021032205011099,NIFRA,17,32,30,524.00,"15,720.00"
2021-03-22,2021032205011098,NIFRA,21,32,20,524.00,"10,480.00"
2021-03-22,2021032205011113,NIFRA,28,6,915,524.00,"479,460.00"
2021-03-22,2021032205011112,NIFRA,39,38,50,523.00,"26,150.00"
2021-03-22,2021032205011111,NIFRA,39,49,60,523.00,"31,380.00"
2021-03-22,2021032205011109,NIFRA,58,6,50,524.00,"26,200.00"
2021-03-22,2021032205011106,NIFRA,39,59,50,523.00,"26,150.00"
2021-03-22,2021032205011105,NIFRA,39,38,50,523.00,"26,150.00"
2021-03-22,2021032205011121,NIFRA,28,52,60,524.00,"31,440.00"
2021-03-22,2021032205011118,NIFRA,28,1,30,524.00,"15,720.00"
2021-03-22,2021032205011117,NIFRA,28,38,50,524.00,"26,200.00"
2021-03-22,2021032205011116,NIFRA,28,8,200,524.00,"104,800.00"
2021-03-22,2021032205011115,NIFRA,28,58,60,524.00,"31,440.00"
2021-03-22,2021032205011114,NIFRA,28,46,100,524.00,"52,400.00"
2021-03-22,2021032205011132,NIFRA,20,11,20,524.00,"10,480.00"
2021-03-22,2021032205011130,NIFRA,20,29,50,524.00,"26,200.00"
2021-03-22,2021032205011125,NIFRA,22,59,5,524.00,"2,620.00"
2021-03-22,2021032205011124,NIFRA,32,59,20,524.00,"10,480.00"
2021-03-22,2021032205011123,NIFRA,28,59,25,524.00,"13,100.00"
2021-03-22,2021032205011122,NIFRA,28,46,60,524.00,"31,440.00"
2021-03-22,2021032205011139,NIFRA,38,52,10,524.00,"5,240.00"
2021-03-22,2021032205011138,NIFRA,38,20,190,524.00,"99,560.00"
2021-03-22,2021032205011137,NIFRA,52,20,10,524.00,"5,240.00"
2021-03-22,2021032205011136,NIFRA,52,29,10,524.00,"5,240.00"
2021-03-22,2021032205011134,NIFRA,52,59,20,524.00,"10,480.00"
2021-03-22,2021032205011133,NIFRA,20,59,30,524.00,"15,720.00"
2021-03-22,2021032205010609,CGH,40,39,10,"1,563.00","15,630.00"
2021-03-22,2021032205010565,CGH,40,13,10,"1,563.00","15,630.00"
2021-03-22,2021032205010493,CGH,40,6,10,"1,563.00","15,630.00"
2021-03-22,2021032205010456,CGH,40,53,10,"1,563.00","15,630.00"
2021-03-22,2021032205010453,CGH,40,21,10,"1,563.00","15,630.00"
2021-03-22,2021032205010442,CGH,40,52,10,"1,563.00","15,630.00"
2021-03-22,2021032205010174,CGH,40,52,10,"1,563.00","15,630.00"
2021-03-22,2021032205010252,CGH,40,52,10,"1,563.00","15,630.00"
2021-03-22,2021032205010230,CGH,40,59,10,"1,563.00","15,630.00"
2021-03-22,2021032205010214,CGH,40,51,10,"1,563.00","15,630.00"
2021-03-22,2021032205010205,CGH,40,58,10,"1,563.00","15,630.00"
2021-03-22,2021032205010197,CGH,40,53,10,"1,563.00","15,630.00"
2021-03-22,2021032205010196,CGH,40,49,10,"1,563.00","15,630.00"
2021-03-22,2021032205010359,CGH,40,35,10,"1,563.00","15,630.00"
2021-03-22,2021032205010354,CGH,40,52,10,"1,563.00","15,630.00"
2021-03-22,2021032205010310,CGH,40,13,10,"1,563.00","15,630.00"
2021-03-22,2021032205010299,CGH,40,36,10,"1,563.00","15,630.00"
2021-03-22,2021032205010293,CGH,40,57,10,"1,563.00","15,630.00"
2021-03-22,2021032205010261,CGH,40,56,10,"1,563.00","15,630.00"
2021-03-22,2021032205010419,CGH,40,14,10,"1,563.00","15,630.00"
2021-03-22,2021032205010406,CGH,40,52,10,"1,563.00","15,630.00"
2021-03-22,2021032205010403,CGH,40,43,10,"1,563.00","15,630.00"
2021-03-22,2021032205010402,CGH,40,41,10,"1,563.00","15,630.00"
2021-03-22,2021032205010388,CGH,40,45,10,"1,563.00","15,630.00"
2021-03-22,2021032205010373,CGH,40,21,10,"1,563.00","15,630.00"
2021-03-22,2021032205010656,GLH,45,56,10,372.00,"3,720.00"
2021-03-22,2021032205010654,GLH,45,38,10,372.00,"3,720.00"
2021-03-22,2021032205010651,GLH,45,48,10,372.00,"3,720.00"
2021-03-22,2021032205010644,GLH,45,38,10,372.00,"3,720.00"
2021-03-22,2021032205010643,GLH,45,38,10,372.00,"3,720.00"
2021-03-22,2021032205010641,GLH,45,58,10,372.00,"3,720.00"
2021-03-22,2021032205010185,GLH,41,45,10,379.00,"3,790.00"
2021-03-22,2021032205010180,GLH,48,38,10,372.00,"3,720.00"
2021-03-22,2021032205010179,GLH,48,56,10,372.00,"3,720.00"
2021-03-22,2021032205010176,GLH,36,5,10,378.00,"3,780.00"
2021-03-22,2021032205010164,GLH,48,32,10,372.00,"3,720.00"
2021-03-22,2021032205010159,GLH,48,26,10,372.00,"3,720.00"
2021-03-22,2021032205010211,GLH,48,48,10,372.00,"3,720.00"
2021-03-22,2021032205010204,GLH,51,1,10,373.00,"3,730.00"
2021-03-22,2021032205010198,GLH,41,52,10,379.00,"3,790.00"
2021-03-22,2021032205010190,GLH,34,32,10,378.00,"3,780.00"
2021-03-22,2021032205010189,GLH,36,45,10,379.00,"3,790.00"
2021-03-22,2021032205010188,GLH,41,33,10,379.00,"3,790.00"
2021-03-22,2021032205010242,GLH,48,14,10,373.00,"3,730.00"
2021-03-22,2021032205010238,GLH,48,45,10,372.00,"3,720.00"
2021-03-22,2021032205010228,GLH,48,48,10,372.00,"3,720.00"
2021-03-22,2021032205010223,GLH,45,59,10,373.00,"3,730.00"
2021-03-22,2021032205010222,GLH,41,55,10,380.00,"3,800.00"
2021-03-22,2021032205010213,GLH,41,19,10,373.00,"3,730.00"
2021-03-22,2021032205010257,GLH,10,3,10,373.00,"3,730.00"
2021-03-22,2021032205010251,GLH,48,48,10,372.00,"3,720.00"
2021-03-22,2021032205010246,GLH,48,38,10,379.00,"3,790.00"
2021-03-22,2021032205010245,GLH,48,41,10,375.00,"3,750.00"
2021-03-22,2021032205010244,GLH,48,1,10,373.00,"3,730.00"
2021-03-22,2021032205010243,GLH,48,14,10,373.00,"3,730.00"
2021-03-22,2021032205010275,GLH,16,14,10,373.00,"3,730.00"
2021-03-22,2021032205010273,GLH,16,58,10,373.00,"3,730.00"
2021-03-22,2021032205010270,GLH,16,3,10,373.00,"3,730.00"
2021-03-22,2021032205010266,GLH,16,1,10,373.00,"3,730.00"
2021-03-22,2021032205010260,GLH,16,14,10,373.00,"3,730.00"
2021-03-22,2021032205010258,GLH,10,14,10,373.00,"3,730.00"
2021-03-22,2021032205010295,GLH,16,45,10,373.00,"3,730.00"
2021-03-22,2021032205010294,GLH,16,5,10,373.00,"3,730.00"
2021-03-22,2021032205010283,GLH,16,14,10,373.00,"3,730.00"
2021-03-22,2021032205010282,GLH,44,26,10,379.00,"3,790.00"
2021-03-22,2021032205010281,GLH,16,3,10,373.00,"3,730.00"
2021-03-22,2021032205010278,GLH,38,36,10,378.00,"3,780.00"
2021-03-22,2021032205010312,GLH,34,14,10,374.00,"3,740.00"
2021-03-22,2021032205010309,GLH,34,14,10,374.00,"3,740.00"
2021-03-22,2021032205010307,GLH,16,8,10,373.00,"3,730.00"
2021-03-22,2021032205010301,GLH,16,14,10,373.00,"3,730.00"
2021-03-22,2021032205010300,GLH,16,58,10,373.00,"3,730.00"
2021-03-22,2021032205010296,GLH,16,58,10,373.00,"3,730.00"
2021-03-22,2021032205010335,GLH,11,52,10,374.00,"3,740.00"
2021-03-22,2021032205010327,GLH,16,14,10,373.00,"3,730.00"
2021-03-22,2021032205010326,GLH,16,6,10,373.00,"3,730.00"
2021-03-22,2021032205010320,GLH,16,14,10,373.00,"3,730.00"
2021-03-22,2021032205010319,GLH,34,58,10,374.00,"3,740.00"
2021-03-22,2021032205010317,GLH,34,14,10,374.00,"3,740.00"
2021-03-22,2021032205010342,GLH,11,14,10,378.00,"3,780.00"
2021-03-22,2021032205010340,GLH,11,57,10,378.00,"3,780.00"
2021-03-22,2021032205010339,GLH,11,45,10,378.00,"3,780.00"
2021-03-22,2021032205010338,GLH,11,50,10,378.00,"3,780.00"
2021-03-22,2021032205010337,GLH,11,46,10,376.00,"3,760.00"
2021-03-22,2021032205010336,GLH,11,52,10,375.00,"3,750.00"
2021-03-22,2021032205010353,GLH,11,52,10,378.00,"3,780.00"
2021-03-22,2021032205010352,GLH,11,14,10,378.00,"3,780.00"
2021-03-22,2021032205010351,GLH,11,6,10,378.00,"3,780.00"
2021-03-22,2021032205010346,GLH,11,42,10,378.00,"3,780.00"
2021-03-22,2021032205010345,GLH,11,6,10,378.00,"3,780.00"
2021-03-22,2021032205010344,GLH,11,52,10,378.00,"3,780.00"
2021-03-22,2021032205010383,GLH,16,6,10,373.00,"3,730.00"
2021-03-22,2021032205010379,GLH,22,45,10,378.00,"3,780.00"
2021-03-22,2021032205010375,GLH,11,52,10,378.00,"3,780.00"
2021-03-22,2021032205010371,GLH,11,45,10,378.00,"3,780.00"
2021-03-22,2021032205010369,GLH,11,14,10,378.00,"3,780.00"
2021-03-22,2021032205010360,GLH,11,32,10,378.00,"3,780.00"
2021-03-22,2021032205010398,GLH,42,4,10,379.00,"3,790.00"
2021-03-22,2021032205010397,GLH,42,41,10,378.00,"3,780.00"
2021-03-22,2021032205010396,GLH,42,21,10,378.00,"3,780.00"
2021-03-22,2021032205010394,GLH,16,6,10,373.00,"3,730.00"
2021-03-22,2021032205010393,GLH,16,57,10,373.00,"3,730.00"
2021-03-22,2021032205010389,GLH,16,52,10,373.00,"3,730.00"
2021-03-22,2021032205010411,GLH,41,6,10,373.00,"3,730.00"
2021-03-22,2021032205010405,GLH,57,52,10,373.00,"3,730.00"
2021-03-22,2021032205010404,GLH,57,6,10,373.00,"3,730.00"
2021-03-22,2021032205010401,GLH,42,52,10,379.00,"3,790.00"
2021-03-22,2021032205010400,GLH,42,41,10,379.00,"3,790.00"
2021-03-22,2021032205010399,GLH,42,19,10,379.00,"3,790.00"
2021-03-22,2021032205010427,GLH,42,22,10,372.00,"3,720.00"
2021-03-22,2021032205010423,GLH,42,52,10,372.00,"3,720.00"
2021-03-22,2021032205010421,GLH,48,57,10,372.00,"3,720.00"
2021-03-22,2021032205010416,GLH,48,52,10,372.00,"3,720.00"
2021-03-22,2021032205010415,GLH,41,8,10,373.00,"3,730.00"
2021-03-22,2021032205010412,GLH,41,47,10,373.00,"3,730.00"
2021-03-22,2021032205010449,GLH,45,58,10,373.00,"3,730.00"
2021-03-22,2021032205010448,GLH,45,52,10,373.00,"3,730.00"
2021-03-22,2021032205010447,GLH,57,34,10,373.00,"3,730.00"
2021-03-22,2021032205010446,GLH,57,32,10,373.00,"3,730.00"
2021-03-22,2021032205010445,GLH,57,47,10,373.00,"3,730.00"
2021-03-22,2021032205010434,GLH,58,34,10,373.00,"3,730.00"
2021-03-22,2021032205010474,GLH,45,44,40,373.00,"14,920.00"
2021-03-22,2021032205010470,GLH,34,47,10,371.00,"3,710.00"
2021-03-22,2021032205010455,GLH,34,1,10,371.00,"3,710.00"
2021-03-22,2021032205010452,GLH,45,44,60,373.00,"22,380.00"
2021-03-22,2021032205010451,GLH,45,58,10,373.00,"3,730.00"
2021-03-22,2021032205010450,GLH,45,58,10,373.00,"3,730.00"
2021-03-22,2021032205010480,GLH,45,42,10,373.00,"3,730.00"
2021-03-22,2021032205010479,GLH,45,58,10,373.00,"3,730.00"
2021-03-22,2021032205010478,GLH,45,38,10,373.00,"3,730.00"
2021-03-22,2021032205010477,GLH,45,58,10,373.00,"3,730.00"
2021-03-22,2021032205010476,GLH,45,58,10,373.00,"3,730.00"
2021-03-22,2021032205010475,GLH,45,58,10,373.00,"3,730.00"
2021-03-22,2021032205010498,GLH,8,51,10,373.00,"3,730.00"
2021-03-22,2021032205010497,GLH,8,58,10,373.00,"3,730.00"
2021-03-22,2021032205010495,GLH,8,58,10,373.00,"3,730.00"
2021-03-22,2021032205010494,GLH,8,16,10,373.00,"3,730.00"
2021-03-22,2021032205010492,GLH,8,45,10,373.00,"3,730.00"
2021-03-22,2021032205010484,GLH,8,58,10,373.00,"3,730.00"
2021-03-22,2021032205010518,GLH,16,34,10,373.00,"3,730.00"
2021-03-22,2021032205010514,GLH,8,6,10,373.00,"3,730.00"
2021-03-22,2021032205010513,GLH,8,16,10,373.00,"3,730.00"
2021-03-22,2021032205010512,GLH,51,42,10,377.00,"3,770.00"
2021-03-22,2021032205010500,GLH,8,4,10,373.00,"3,730.00"
2021-03-22,2021032205010499,GLH,8,4,10,373.00,"3,730.00"
2021-03-22,2021032205010555,GLH,42,34,10,373.00,"3,730.00"
2021-03-22,2021032205010551,GLH,42,45,10,373.00,"3,730.00"
2021-03-22,2021032205010529,GLH,16,45,10,375.00,"3,750.00"
2021-03-22,2021032205010527,GLH,16,42,10,375.00,"3,750.00"
2021-03-22,2021032205010520,GLH,16,34,10,375.00,"3,750.00"
2021-03-22,2021032205010519,GLH,16,32,10,373.00,"3,730.00"
2021-03-22,2021032205010584,GLH,42,54,10,373.00,"3,730.00"
2021-03-22,2021032205010581,GLH,42,32,10,373.00,"3,730.00"
2021-03-22,2021032205010576,GLH,42,38,10,373.00,"3,730.00"
2021-03-22,2021032205010563,GLH,42,32,10,373.00,"3,730.00"
2021-03-22,2021032205010562,GLH,42,35,10,373.00,"3,730.00"
2021-03-22,2021032205010561,GLH,42,52,10,373.00,"3,730.00"
2021-03-22,2021032205010592,GLH,51,48,10,374.00,"3,740.00"
2021-03-22,2021032205010591,GLH,51,35,10,374.00,"3,740.00"
2021-03-22,2021032205010590,GLH,51,32,10,374.00,"3,740.00"
2021-03-22,2021032205010589,GLH,51,45,10,373.00,"3,730.00"
2021-03-22,2021032205010588,GLH,42,45,10,373.00,"3,730.00"
2021-03-22,2021032205010587,GLH,42,32,10,373.00,"3,730.00"
2021-03-22,2021032205010628,GLH,45,58,10,372.00,"3,720.00"
2021-03-22,2021032205010627,GLH,45,19,10,372.00,"3,720.00"
2021-03-22,2021032205010624,GLH,51,45,10,373.00,"3,730.00"
2021-03-22,2021032205010618,GLH,45,35,10,372.00,"3,720.00"
2021-03-22,2021032205010615,GLH,45,33,10,372.00,"3,720.00"
2021-03-22,2021032205010613,GLH,51,58,10,372.00,"3,720.00"
2021-03-22,2021032205010640,GLH,45,45,10,372.00,"3,720.00"
2021-03-22,2021032205010639,GLH,45,8,10,372.00,"3,720.00"
2021-03-22,2021032205010637,GLH,45,38,10,372.00,"3,720.00"
2021-03-22,2021032205010635,GLH,45,58,10,372.00,"3,720.00"
2021-03-22,2021032205010634,GLH,45,38,10,372.00,"3,720.00"
2021-03-22,2021032205010629,GLH,45,38,10,372.00,"3,720.00"
2021-03-22,2021032205010657,NIFRA,49,36,50,523.00,"26,150.00"
2021-03-22,2021032205010655,NIFRA,49,6,50,523.00,"26,150.00"
2021-03-22,2021032205010653,NIFRA,44,58,100,524.00,"52,400.00"
2021-03-22,2021032205010652,NIFRA,41,58,"1,000",524.00,"524,000.00"
2021-03-22,2021032205010650,NIFRA,29,58,90,524.00,"47,160.00"
2021-03-22,2021032205010649,NIFRA,29,58,50,524.00,"26,200.00"
2021-03-22,2021032205010158,NIFRA,14,34,50,524.00,"26,200.00"
2021-03-22,2021032205010166,NIFRA,59,43,30,525.00,"15,750.00"
2021-03-22,2021032205010165,NIFRA,41,58,60,524.00,"31,440.00"
2021-03-22,2021032205010163,NIFRA,41,34,50,524.00,"26,200.00"
2021-03-22,2021032205010162,NIFRA,41,53,60,524.00,"31,440.00"
2021-03-22,2021032205010161,NIFRA,41,3,50,524.00,"26,200.00"
2021-03-22,2021032205010160,NIFRA,14,58,50,524.00,"26,200.00"
2021-03-22,2021032205010172,NIFRA,26,21,50,524.00,"26,200.00"
2021-03-22,2021032205010171,NIFRA,26,34,60,524.00,"31,440.00"
2021-03-22,2021032205010170,NIFRA,26,42,20,524.00,"10,480.00"
2021-03-22,2021032205010169,NIFRA,58,42,30,524.00,"15,720.00"
2021-03-22,2021032205010168,NIFRA,41,53,60,524.00,"31,440.00"
2021-03-22,2021032205010167,NIFRA,41,49,20,524.00,"10,480.00"
2021-03-22,2021032205010182,NIFRA,26,58,60,524.00,"31,440.00"
2021-03-22,2021032205010181,NIFRA,26,52,40,524.00,"20,960.00"
2021-03-22,2021032205010178,NIFRA,42,43,50,525.00,"26,250.00"
2021-03-22,2021032205010177,NIFRA,26,58,50,524.00,"26,200.00"
2021-03-22,2021032205010175,NIFRA,26,52,50,524.00,"26,200.00"
2021-03-22,2021032205010173,NIFRA,26,35,60,524.00,"31,440.00"
2021-03-22,2021032205010192,NIFRA,26,53,50,524.00,"26,200.00"
2021-03-22,2021032205010191,NIFRA,42,43,150,525.00,"78,750.00"
2021-03-22,2021032205010187,NIFRA,26,58,50,524.00,"26,200.00"
2021-03-22,2021032205010186,NIFRA,26,14,50,524.00,"26,200.00"
2021-03-22,2021032205010184,NIFRA,26,53,60,524.00,"31,440.00"
2021-03-22,2021032205010183,NIFRA,26,59,50,524.00,"26,200.00"
2021-03-22,2021032205010201,NIFRA,26,58,60,524.00,"31,440.00"
2021-03-22,2021032205010200,NIFRA,26,34,60,524.00,"31,440.00"
2021-03-22,2021032205010199,NIFRA,26,34,50,524.00,"26,200.00"
2021-03-22,2021032205010195,NIFRA,26,1,60,524.00,"31,440.00"
2021-03-22,2021032205010194,NIFRA,26,44,50,524.00,"26,200.00"
2021-03-22,2021032205010193,NIFRA,26,58,50,524.00,"26,200.00"
2021-03-22,2021032205010209,NIFRA,14,26,30,524.00,"15,720.00"
2021-03-22,2021032205010208,NIFRA,8,26,10,524.00,"5,240.00"
2021-03-22,2021032205010207,NIFRA,8,44,40,524.00,"20,960.00"
2021-03-22,2021032205010206,NIFRA,56,44,10,524.00,"5,240.00"
2021-03-22,2021032205010203,NIFRA,56,32,30,524.00,"15,720.00"
2021-03-22,2021032205010202,NIFRA,26,32,20,524.00,"10,480.00"
2021-03-22,2021032205010218,NIFRA,21,58,13,524.00,"6,812.00"
2021-03-22,2021032205010217,NIFRA,1,58,30,524.00,"15,720.00"
2021-03-22,2021032205010216,NIFRA,1,38,50,524.00,"26,200.00"
2021-03-22,2021032205010215,NIFRA,1,49,50,524.00,"26,200.00"
2021-03-22,2021032205010212,NIFRA,1,53,50,524.00,"26,200.00"
2021-03-22,2021032205010210,NIFRA,1,26,20,524.00,"10,480.00"
2021-03-22,2021032205010226,NIFRA,58,43,100,525.00,"52,500.00"
2021-03-22,2021032205010225,NIFRA,21,53,27,524.00,"14,148.00"
2021-03-22,2021032205010224,NIFRA,34,53,23,524.00,"12,052.00"
2021-03-22,2021032205010221,NIFRA,17,43,100,525.00,"52,500.00"
2021-03-22,2021032205010220,NIFRA,34,44,60,524.00,"31,440.00"
2021-03-22,2021032205010219,NIFRA,34,58,17,524.00,"8,908.00"
2021-03-22,2021032205010234,NIFRA,21,49,13,524.00,"6,812.00"
2021-03-22,2021032205010233,NIFRA,17,43,100,525.00,"52,500.00"
2021-03-22,2021032205010232,NIFRA,21,58,50,524.00,"26,200.00"
2021-03-22,2021032205010231,NIFRA,21,32,40,524.00,"20,960.00"
2021-03-22,2021032205010229,NIFRA,21,44,60,524.00,"31,440.00"
2021-03-22,2021032205010227,NIFRA,21,1,60,524.00,"31,440.00"
2021-03-22,2021032205010241,NIFRA,20,43,50,525.00,"26,250.00"
2021-03-22,2021032205010240,NIFRA,6,43,100,525.00,"52,500.00"
2021-03-22,2021032205010239,NIFRA,58,32,40,524.00,"20,960.00"
2021-03-22,2021032205010237,NIFRA,58,55,50,524.00,"26,200.00"
2021-03-22,2021032205010236,NIFRA,29,26,60,524.00,"31,440.00"
2021-03-22,2021032205010235,NIFRA,29,49,37,524.00,"19,388.00"
2021-03-22,2021032205010254,NIFRA,39,41,35,524.00,"18,340.00"
2021-03-22,2021032205010253,NIFRA,25,41,120,524.00,"62,880.00"
2021-03-22,2021032205010250,NIFRA,25,53,50,524.00,"26,200.00"
2021-03-22,2021032205010249,NIFRA,25,21,30,524.00,"15,720.00"
2021-03-22,2021032205010248,NIFRA,4,21,10,524.00,"5,240.00"
2021-03-22,2021032205010247,NIFRA,58,21,10,524.00,"5,240.00"
2021-03-22,2021032205010264,NIFRA,52,49,20,524.00,"10,480.00"
2021-03-22,2021032205010263,NIFRA,25,49,80,524.00,"41,920.00"
2021-03-22,2021032205010262,NIFRA,25,35,50,524.00,"26,200.00"
2021-03-22,2021032205010259,NIFRA,25,32,50,524.00,"26,200.00"
2021-03-22,2021032205010256,NIFRA,25,41,20,524.00,"10,480.00"
2021-03-22,2021032205010255,NIFRA,38,41,25,524.00,"13,100.00"
2021-03-22,2021032205010272,NIFRA,35,55,50,524.00,"26,200.00"
2021-03-22,2021032205010271,NIFRA,35,26,20,524.00,"10,480.00"
2021-03-22,2021032205010269,NIFRA,44,43,50,525.00,"26,250.00"
2021-03-22,2021032205010268,NIFRA,35,53,20,524.00,"10,480.00"
2021-03-22,2021032205010267,NIFRA,41,53,40,524.00,"20,960.00"
2021-03-22,2021032205010265,NIFRA,41,49,60,524.00,"31,440.00"
2021-03-22,2021032205010284,NIFRA,35,39,30,524.00,"15,720.00"
2021-03-22,2021032205010280,NIFRA,35,1,20,524.00,"10,480.00"
2021-03-22,2021032205010279,NIFRA,35,1,40,524.00,"20,960.00"
2021-03-22,2021032205010277,NIFRA,35,43,60,524.00,"31,440.00"
2021-03-22,2021032205010276,NIFRA,16,43,138,525.00,"72,450.00"
2021-03-22,2021032205010274,NIFRA,35,35,10,524.00,"5,240.00"
2021-03-22,2021032205010290,NIFRA,45,39,75,524.00,"39,300.00"
2021-03-22,2021032205010289,NIFRA,34,39,100,524.00,"52,400.00"
2021-03-22,2021032205010288,NIFRA,34,39,100,524.00,"52,400.00"
2021-03-22,2021032205010287,NIFRA,13,39,20,524.00,"10,480.00"
2021-03-22,2021032205010286,NIFRA,41,39,10,524.00,"5,240.00"
2021-03-22,2021032205010285,NIFRA,7,39,50,524.00,"26,200.00"
2021-03-22,2021032205010303,NIFRA,55,7,75,524.00,"39,300.00"
2021-03-22,2021032205010302,NIFRA,55,53,50,524.00,"26,200.00"
2021-03-22,2021032205010298,NIFRA,55,6,40,524.00,"20,960.00"
2021-03-22,2021032205010297,NIFRA,55,6,50,524.00,"26,200.00"
2021-03-22,2021032205010292,NIFRA,55,53,50,524.00,"26,200.00"
2021-03-22,2021032205010291,NIFRA,55,39,115,524.00,"60,260.00"
2021-03-22,2021032205010313,NIFRA,42,7,100,524.00,"52,400.00"
2021-03-22,2021032205010311,NIFRA,42,7,26,524.00,"13,624.00"
2021-03-22,2021032205010308,NIFRA,44,7,50,524.00,"26,200.00"
2021-03-22,2021032205010306,NIFRA,58,7,45,524.00,"23,580.00"
2021-03-22,2021032205010305,NIFRA,51,7,25,524.00,"13,100.00"
2021-03-22,2021032205010304,NIFRA,4,7,100,524.00,"52,400.00"
2021-03-22,2021032205010322,NIFRA,28,7,100,524.00,"52,400.00"
2021-03-22,2021032205010321,NIFRA,38,1,60,523.00,"31,380.00"
2021-03-22,2021032205010318,NIFRA,38,45,10,523.00,"5,230.00"
2021-03-22,2021032205010316,NIFRA,38,38,60,523.00,"31,380.00"
2021-03-22,2021032205010315,NIFRA,28,7,20,524.00,"10,480.00"
2021-03-22,2021032205010314,NIFRA,38,51,50,523.00,"26,150.00"
2021-03-22,2021032205010330,NIFRA,21,51,50,524.00,"26,200.00"
2021-03-22,2021032205010329,NIFRA,21,7,189,524.00,"99,036.00"
2021-03-22,2021032205010328,NIFRA,38,57,60,523.00,"31,380.00"
2021-03-22,2021032205010325,NIFRA,44,7,50,524.00,"26,200.00"
2021-03-22,2021032205010324,NIFRA,55,7,20,524.00,"10,480.00"
2021-03-22,2021032205010323,NIFRA,55,7,200,524.00,"104,800.00"
2021-03-22,2021032205010343,NIFRA,38,14,60,523.00,"31,380.00"
2021-03-22,2021032205010341,NIFRA,38,47,50,523.00,"26,150.00"
2021-03-22,2021032205010334,NIFRA,21,52,51,524.00,"26,724.00"
2021-03-22,2021032205010333,NIFRA,21,36,50,524.00,"26,200.00"
2021-03-22,2021032205010332,NIFRA,21,38,50,524.00,"26,200.00"
2021-03-22,2021032205010331,NIFRA,21,53,60,524.00,"31,440.00"
2021-03-22,2021032205010356,NIFRA,58,57,25,524.00,"13,100.00"
2021-03-22,2021032205010355,NIFRA,58,53,10,524.00,"5,240.00"
2021-03-22,2021032205010350,NIFRA,33,53,40,524.00,"20,960.00"
2021-03-22,2021032205010349,NIFRA,33,53,50,524.00,"26,200.00"
2021-03-22,2021032205010348,NIFRA,33,44,50,524.00,"26,200.00"
2021-03-22,2021032205010347,NIFRA,33,53,60,524.00,"31,440.00"
2021-03-22,2021032205010364,NIFRA,42,34,100,524.00,"52,400.00"
2021-03-22,2021032205010363,NIFRA,16,34,50,524.00,"26,200.00"
2021-03-22,2021032205010362,NIFRA,48,34,35,524.00,"18,340.00"
2021-03-22,2021032205010361,NIFRA,48,57,25,524.00,"13,100.00"
2021-03-22,2021032205010358,NIFRA,57,57,200,524.00,"104,800.00"
2021-03-22,2021032205010357,NIFRA,38,1,50,523.00,"26,150.00"
2021-03-22,2021032205010372,NIFRA,44,43,50,525.00,"26,250.00"
2021-03-22,2021032205010370,NIFRA,52,53,25,524.00,"13,100.00"
2021-03-22,2021032205010368,NIFRA,17,53,25,524.00,"13,100.00"
2021-03-22,2021032205010367,NIFRA,17,34,175,524.00,"91,700.00"
2021-03-22,2021032205010366,NIFRA,41,34,50,524.00,"26,200.00"
2021-03-22,2021032205010365,NIFRA,38,38,50,523.00,"26,150.00"
2021-03-22,2021032205010381,NIFRA,41,51,13,524.00,"6,812.00"
2021-03-22,2021032205010380,NIFRA,52,51,37,524.00,"19,388.00"
2021-03-22,2021032205010378,NIFRA,52,40,50,524.00,"26,200.00"
2021-03-22,2021032205010377,NIFRA,52,53,60,524.00,"31,440.00"
2021-03-22,2021032205010376,NIFRA,57,43,50,525.00,"26,250.00"
2021-03-22,2021032205010374,NIFRA,52,47,28,524.00,"14,672.00"
2021-03-22,2021032205010390,NIFRA,19,55,23,524.00,"12,052.00"
2021-03-22,2021032205010387,NIFRA,45,55,50,524.00,"26,200.00"
2021-03-22,2021032205010386,NIFRA,44,55,50,524.00,"26,200.00"
2021-03-22,2021032205010385,NIFRA,40,55,100,524.00,"52,400.00"
2021-03-22,2021032205010384,NIFRA,41,55,27,524.00,"14,148.00"
2021-03-22,2021032205010382,NIFRA,41,8,50,524.00,"26,200.00"
2021-03-22,2021032205010409,NIFRA,19,52,50,524.00,"26,200.00"
2021-03-22,2021032205010408,NIFRA,19,58,200,524.00,"104,800.00"
2021-03-22,2021032205010407,NIFRA,19,5,50,524.00,"26,200.00"
2021-03-22,2021032205010395,NIFRA,35,43,100,525.00,"52,500.00"
2021-03-22,2021032205010392,NIFRA,19,40,50,524.00,"26,200.00"
2021-03-22,2021032205010391,NIFRA,19,36,50,524.00,"26,200.00"
2021-03-22,2021032205010420,NIFRA,32,40,60,524.00,"31,440.00"
2021-03-22,2021032205010418,NIFRA,53,43,100,525.00,"52,500.00"
2021-03-22,2021032205010417,NIFRA,32,50,100,524.00,"52,400.00"
2021-03-22,2021032205010414,NIFRA,32,7,50,524.00,"26,200.00"
2021-03-22,2021032205010413,NIFRA,19,57,50,524.00,"26,200.00"
2021-03-22,2021032205010410,NIFRA,19,58,20,524.00,"10,480.00"
2021-03-22,2021032205010429,NIFRA,37,38,20,524.00,"10,480.00"
2021-03-22,2021032205010428,NIFRA,34,38,30,524.00,"15,720.00"
2021-03-22,2021032205010426,NIFRA,34,53,50,524.00,"26,200.00"
2021-03-22,2021032205010425,NIFRA,34,42,20,524.00,"10,480.00"
2021-03-22,2021032205010424,NIFRA,32,42,80,524.00,"41,920.00"
2021-03-22,2021032205010422,NIFRA,32,47,50,524.00,"26,200.00"
2021-03-22,2021032205010436,NIFRA,40,21,30,524.00,"15,720.00"
2021-03-22,2021032205010435,NIFRA,28,21,30,524.00,"15,720.00"
2021-03-22,2021032205010433,NIFRA,28,35,20,524.00,"10,480.00"
2021-03-22,2021032205010432,NIFRA,37,35,10,524.00,"5,240.00"
2021-03-22,2021032205010431,NIFRA,37,54,10,524.00,"5,240.00"
2021-03-22,2021032205010430,NIFRA,37,40,60,524.00,"31,440.00"
2021-03-22,2021032205010443,NIFRA,52,47,50,524.00,"26,200.00"
2021-03-22,2021032205010441,NIFRA,52,21,10,524.00,"5,240.00"
2021-03-22,2021032205010440,NIFRA,34,21,20,524.00,"10,480.00"
2021-03-22,2021032205010439,NIFRA,40,21,30,524.00,"15,720.00"
2021-03-22,2021032205010438,NIFRA,40,41,30,524.00,"15,720.00"
2021-03-22,2021032205010437,NIFRA,40,4,10,524.00,"5,240.00"
2021-03-22,2021032205010460,NIFRA,1,54,50,525.00,"26,250.00"
2021-03-22,2021032205010459,NIFRA,1,49,60,525.00,"31,500.00"
2021-03-22,2021032205010458,NIFRA,1,59,50,525.00,"26,250.00"
2021-03-22,2021032205010457,NIFRA,1,43,617,525.00,"323,925.00"
2021-03-22,2021032205010454,NIFRA,52,41,10,524.00,"5,240.00"
2021-03-22,2021032205010444,NIFRA,52,44,50,524.00,"26,200.00"
2021-03-22,2021032205010466,NIFRA,1,39,50,525.00,"26,250.00"
2021-03-22,2021032205010465,NIFRA,1,34,50,525.00,"26,250.00"
2021-03-22,2021032205010464,NIFRA,1,28,60,525.00,"31,500.00"
2021-03-22,2021032205010463,NIFRA,1,51,50,525.00,"26,250.00"
2021-03-22,2021032205010462,NIFRA,1,49,50,525.00,"26,250.00"
2021-03-22,2021032205010461,NIFRA,1,57,50,525.00,"26,250.00"
2021-03-22,2021032205010473,NIFRA,25,3,20,524.00,"10,480.00"
2021-03-22,2021032205010472,NIFRA,52,3,30,524.00,"15,720.00"
2021-03-22,2021032205010471,NIFRA,50,42,100,525.00,"52,500.00"
2021-03-22,2021032205010469,NIFRA,1,57,3,525.00,"1,575.00"
2021-03-22,2021032205010468,NIFRA,1,26,160,525.00,"84,000.00"
2021-03-22,2021032205010467,NIFRA,1,6,50,525.00,"26,250.00"
2021-03-22,2021032205010487,NIFRA,34,5,30,524.00,"15,720.00"
2021-03-22,2021032205010486,NIFRA,28,5,50,524.00,"26,200.00"
2021-03-22,2021032205010485,NIFRA,19,5,350,524.00,"183,400.00"
2021-03-22,2021032205010483,NIFRA,19,58,50,524.00,"26,200.00"
2021-03-22,2021032205010482,NIFRA,19,47,50,524.00,"26,200.00"
2021-03-22,2021032205010481,NIFRA,19,45,50,524.00,"26,200.00"
2021-03-22,2021032205010501,NIFRA,41,5,95,524.00,"49,780.00"
2021-03-22,2021032205010496,NIFRA,54,5,15,524.00,"7,860.00"
2021-03-22,2021032205010491,NIFRA,38,32,60,523.00,"31,380.00"
2021-03-22,2021032205010490,NIFRA,34,5,20,524.00,"10,480.00"
2021-03-22,2021032205010489,NIFRA,58,5,500,524.00,"262,000.00"
2021-03-22,2021032205010488,NIFRA,8,5,440,524.00,"230,560.00"
2021-03-22,2021032205010507,NIFRA,41,5,500,524.00,"262,000.00"
2021-03-22,2021032205010506,NIFRA,41,6,50,524.00,"26,200.00"
2021-03-22,2021032205010505,NIFRA,41,47,50,524.00,"26,200.00"
2021-03-22,2021032205010504,NIFRA,41,21,50,524.00,"26,200.00"
2021-03-22,2021032205010503,NIFRA,41,56,60,524.00,"31,440.00"
2021-03-22,2021032205010502,NIFRA,41,45,50,524.00,"26,200.00"
2021-03-22,2021032205010516,NIFRA,10,38,50,524.00,"26,200.00"
2021-03-22,2021032205010515,NIFRA,10,38,50,524.00,"26,200.00"
2021-03-22,2021032205010511,NIFRA,41,34,50,524.00,"26,200.00"
2021-03-22,2021032205010510,NIFRA,46,42,50,525.00,"26,250.00"
2021-03-22,2021032205010509,NIFRA,41,51,50,524.00,"26,200.00"
2021-03-22,2021032205010508,NIFRA,41,35,40,524.00,"20,960.00"
2021-03-22,2021032205010525,NIFRA,11,52,20,524.00,"10,480.00"
2021-03-22,2021032205010524,NIFRA,11,41,80,524.00,"41,920.00"
2021-03-22,2021032205010523,NIFRA,48,41,20,524.00,"10,480.00"
2021-03-22,2021032205010522,NIFRA,58,41,100,524.00,"52,400.00"
2021-03-22,2021032205010521,NIFRA,10,41,350,524.00,"183,400.00"
2021-03-22,2021032205010517,NIFRA,10,52,50,524.00,"26,200.00"
2021-03-22,2021032205010533,NIFRA,55,38,60,524.00,"31,440.00"
2021-03-22,2021032205010532,NIFRA,55,1,50,524.00,"26,200.00"
2021-03-22,2021032205010531,NIFRA,55,55,10,524.00,"5,240.00"
2021-03-22,2021032205010530,NIFRA,38,57,20,524.00,"10,480.00"
2021-03-22,2021032205010528,NIFRA,38,1,50,524.00,"26,200.00"
2021-03-22,2021032205010526,NIFRA,38,52,30,524.00,"15,720.00"
2021-03-22,2021032205010539,NIFRA,57,6,25,524.00,"13,100.00"
2021-03-22,2021032205010538,NIFRA,58,6,25,524.00,"13,100.00"
2021-03-22,2021032205010537,NIFRA,58,58,20,524.00,"10,480.00"
2021-03-22,2021032205010536,NIFRA,55,58,130,524.00,"68,120.00"
2021-03-22,2021032205010535,NIFRA,55,19,50,524.00,"26,200.00"
2021-03-22,2021032205010534,NIFRA,6,42,60,525.00,"31,500.00"
2021-03-22,2021032205010545,NIFRA,58,18,10,524.00,"5,240.00"
2021-03-22,2021032205010544,NIFRA,51,18,50,524.00,"26,200.00"
2021-03-22,2021032205010543,NIFRA,51,52,50,524.00,"26,200.00"
2021-03-22,2021032205010542,NIFRA,58,57,35,524.00,"18,340.00"
2021-03-22,2021032205010541,NIFRA,58,32,60,524.00,"31,440.00"
2021-03-22,2021032205010540,NIFRA,57,57,25,524.00,"13,100.00"
2021-03-22,2021032205010552,NIFRA,41,38,400,524.00,"209,600.00"
2021-03-22,2021032205010550,NIFRA,41,21,100,524.00,"52,400.00"
2021-03-22,2021032205010549,NIFRA,58,21,400,524.00,"209,600.00"
2021-03-22,2021032205010548,NIFRA,58,34,50,524.00,"26,200.00"
2021-03-22,2021032205010547,NIFRA,21,42,19,525.00,"9,975.00"
2021-03-22,2021032205010546,NIFRA,58,55,40,524.00,"20,960.00"
2021-03-22,2021032205010559,NIFRA,38,36,50,523.00,"26,150.00"
2021-03-22,2021032205010558,NIFRA,34,38,20,524.00,"10,480.00"
2021-03-22,2021032205010557,NIFRA,43,38,10,524.00,"5,240.00"
2021-03-22,2021032205010556,NIFRA,26,38,50,524.00,"26,200.00"
2021-03-22,2021032205010554,NIFRA,1,38,100,524.00,"52,400.00"
2021-03-22,2021032205010553,NIFRA,25,38,35,524.00,"18,340.00"
2021-03-22,2021032205010569,NIFRA,42,42,60,524.00,"31,440.00"
2021-03-22,2021032205010568,NIFRA,42,19,50,524.00,"26,200.00"
2021-03-22,2021032205010567,NIFRA,42,58,50,524.00,"26,200.00"
2021-03-22,2021032205010566,NIFRA,42,38,235,524.00,"123,140.00"
2021-03-22,2021032205010564,NIFRA,25,38,100,524.00,"52,400.00"
2021-03-22,2021032205010560,NIFRA,21,38,50,524.00,"26,200.00"
2021-03-22,2021032205010575,NIFRA,41,6,60,524.00,"31,440.00"
2021-03-22,2021032205010574,NIFRA,41,6,50,524.00,"26,200.00"
2021-03-22,2021032205010573,NIFRA,52,45,5,524.00,"2,620.00"
2021-03-22,2021032205010572,NIFRA,42,45,35,524.00,"18,340.00"
2021-03-22,2021032205010571,NIFRA,42,55,10,524.00,"5,240.00"
2021-03-22,2021032205010570,NIFRA,42,13,60,524.00,"31,440.00"
2021-03-22,2021032205010583,NIFRA,38,58,10,524.00,"5,240.00"
2021-03-22,2021032205010582,NIFRA,38,51,60,523.00,"31,380.00"
2021-03-22,2021032205010580,NIFRA,38,58,60,523.00,"31,380.00"
2021-03-22,2021032205010579,NIFRA,41,58,270,524.00,"141,480.00"
2021-03-22,2021032205010578,NIFRA,41,36,60,524.00,"31,440.00"
2021-03-22,2021032205010577,NIFRA,41,14,60,524.00,"31,440.00"
2021-03-22,2021032205010596,NIFRA,38,26,10,523.00,"5,230.00"
2021-03-22,2021032205010595,NIFRA,38,20,30,523.00,"15,690.00"
2021-03-22,2021032205010594,NIFRA,38,58,10,523.00,"5,230.00"
2021-03-22,2021032205010593,NIFRA,38,36,60,523.00,"31,380.00"
2021-03-22,2021032205010586,NIFRA,38,40,30,523.00,"15,690.00"
2021-03-22,2021032205010585,NIFRA,38,16,10,523.00,"5,230.00"
2021-03-22,2021032205010602,NIFRA,25,17,100,523.00,"52,300.00"
2021-03-22,2021032205010601,NIFRA,57,17,50,523.00,"26,150.00"
2021-03-22,2021032205010600,NIFRA,42,17,10,523.00,"5,230.00"
2021-03-22,2021032205010599,NIFRA,38,17,50,523.00,"26,150.00"
2021-03-22,2021032205010598,NIFRA,57,58,10,524.00,"5,240.00"
2021-03-22,2021032205010597,NIFRA,38,26,50,523.00,"26,150.00"
2021-03-22,2021032205010608,NIFRA,1,6,60,523.00,"31,380.00"
2021-03-22,2021032205010607,NIFRA,1,34,60,523.00,"31,380.00"
2021-03-22,2021032205010606,NIFRA,57,58,"1,000",524.00,"524,000.00"
2021-03-22,2021032205010605,NIFRA,1,17,90,523.00,"47,070.00"
2021-03-22,2021032205010604,NIFRA,56,17,200,523.00,"104,600.00"
2021-03-22,2021032205010603,NIFRA,49,17,100,523.00,"52,300.00"
2021-03-22,2021032205010617,NIFRA,1,21,60,523.00,"31,380.00"
2021-03-22,2021032205010616,NIFRA,1,29,60,523.00,"31,380.00"
2021-03-22,2021032205010614,NIFRA,1,21,60,523.00,"31,380.00"
2021-03-22,2021032205010612,NIFRA,6,58,20,524.00,"10,480.00"
2021-03-22,2021032205010611,NIFRA,42,58,100,524.00,"52,400.00"
2021-03-22,2021032205010610,NIFRA,1,38,50,523.00,"26,150.00"
2021-03-22,2021032205010625,NIFRA,40,58,50,524.00,"26,200.00"
2021-03-22,2021032205010623,NIFRA,1,6,60,523.00,"31,380.00"
2021-03-22,2021032205010622,NIFRA,58,58,"1,000",524.00,"524,000.00"
2021-03-22,2021032205010621,NIFRA,1,57,50,523.00,"26,150.00"
2021-03-22,2021032205010620,NIFRA,7,58,200,524.00,"104,800.00"
2021-03-22,2021032205010619,NIFRA,1,17,20,523.00,"10,460.00"
2021-03-22,2021032205010636,NIFRA,1,6,60,523.00,"31,380.00"
2021-03-22,2021032205010633,NIFRA,1,17,20,523.00,"10,460.00"
2021-03-22,2021032205010632,NIFRA,1,32,60,523.00,"31,380.00"
2021-03-22,2021032205010631,NIFRA,1,56,50,523.00,"26,150.00"
2021-03-22,2021032205010630,NIFRA,1,20,50,523.00,"26,150.00"
2021-03-22,2021032205010626,NIFRA,1,38,40,523.00,"20,920.00"
2021-03-22,2021032205010648,NIFRA,49,32,810,523.00,"423,630.00"
2021-03-22,2021032205010647,NIFRA,59,32,40,523.00,"20,920.00"
2021-03-22,2021032205010646,NIFRA,34,32,50,523.00,"26,150.00"
2021-03-22,2021032205010645,NIFRA,1,32,100,523.00,"52,300.00"
2021-03-22,2021032205010642,NIFRA,7,58,200,524.00,"104,800.00"
2021-03-22,2021032205010638,NIFRA,1,52,50,523.00,"26,150.00"
2021-03-22,2021032205010154,CGH,40,32,10,"1,563.00","15,630.00"
2021-03-22,2021032205010153,CGH,40,56,10,"1,563.00","15,630.00"
2021-03-22,2021032205010127,CGH,40,16,10,"1,563.00","15,630.00"
2021-03-22,2021032205010125,CGH,40,49,10,"1,563.00","15,630.00"
2021-03-22,2021032205010121,CGH,40,10,10,"1,563.00","15,630.00"
2021-03-22,2021032205010120,CGH,40,57,10,"1,563.00","15,630.00"
2021-03-22,2021032205009710,CGH,40,21,10,"1,563.00","15,630.00"
2021-03-22,2021032205009706,CGH,40,38,10,"1,563.00","15,630.00"
2021-03-22,2021032205009691,CGH,40,42,10,"1,563.00","15,630.00"
2021-03-22,2021032205009690,CGH,40,59,10,"1,563.00","15,630.00"
2021-03-22,2021032205009671,CGH,40,59,10,"1,563.00","15,630.00"
2021-03-22,2021032205009665,CGH,40,16,10,"1,563.00","15,630.00"
2021-03-22,2021032205009952,CGH,40,57,10,"1,563.00","15,630.00"
2021-03-22,2021032205009944,CGH,40,8,10,"1,563.00","15,630.00"
2021-03-22,2021032205009852,CGH,40,7,10,"1,563.00","15,630.00"
2021-03-22,2021032205009820,CGH,40,51,10,"1,563.00","15,630.00"
2021-03-22,2021032205009788,CGH,40,48,10,"1,563.00","15,630.00"
2021-03-22,2021032205009777,CGH,40,42,10,"1,563.00","15,630.00"
2021-03-22,2021032205010017,CGH,40,43,10,"1,563.00","15,630.00"
2021-03-22,2021032205010013,CGH,40,6,10,"1,563.00","15,630.00"
2021-03-22,2021032205010008,CGH,40,50,10,"1,563.00","15,630.00"
2021-03-22,2021032205010007,CGH,40,52,10,"1,563.00","15,630.00"
2021-03-22,2021032205009997,CGH,40,43,10,"1,563.00","15,630.00"
2021-03-22,2021032205009962,CGH,40,43,10,"1,563.00","15,630.00"
2021-03-22,2021032205010119,CGH,40,21,10,"1,563.00","15,630.00"
2021-03-22,2021032205010118,CGH,40,16,10,"1,563.00","15,630.00"
2021-03-22,2021032205010096,CGH,40,43,10,"1,563.00","15,630.00"
2021-03-22,2021032205010058,CGH,40,11,10,"1,563.00","15,630.00"
2021-03-22,2021032205010021,CGH,40,45,10,"1,563.00","15,630.00"
2021-03-22,2021032205010019,CGH,40,53,10,"1,563.00","15,630.00"
2021-03-22,2021032205010155,GLH,48,32,10,372.00,"3,720.00"
2021-03-22,2021032205010150,GLH,41,11,10,379.00,"3,790.00"
2021-03-22,2021032205010149,GLH,41,19,10,375.00,"3,750.00"
2021-03-22,2021032205010146,GLH,48,58,10,372.00,"3,720.00"
2021-03-22,2021032205010142,GLH,48,17,10,372.00,"3,720.00"
2021-03-22,2021032205010137,GLH,41,3,10,379.00,"3,790.00"
2021-03-22,2021032205009664,GLH,56,10,10,353.00,"3,530.00"
2021-03-22,2021032205009663,GLH,56,10,10,353.00,"3,530.00"
2021-03-22,2021032205009662,GLH,34,4,10,354.00,"3,540.00"
2021-03-22,2021032205009661,GLH,34,48,10,354.00,"3,540.00"
2021-03-22,2021032205009660,GLH,34,57,10,354.00,"3,540.00"
2021-03-22,2021032205009676,GLH,34,14,10,355.00,"3,550.00"
2021-03-22,2021032205009675,GLH,34,17,10,355.00,"3,550.00"
2021-03-22,2021032205009674,GLH,34,57,10,355.00,"3,550.00"
2021-03-22,2021032205009673,GLH,57,10,10,353.00,"3,530.00"
2021-03-22,2021032205009672,GLH,57,13,10,353.00,"3,530.00"
2021-03-22,2021032205009670,GLH,57,48,10,353.00,"3,530.00"
2021-03-22,2021032205009700,GLH,34,14,10,355.00,"3,550.00"
2021-03-22,2021032205009699,GLH,34,7,10,355.00,"3,550.00"
2021-03-22,2021032205009695,GLH,34,42,10,355.00,"3,550.00"
2021-03-22,2021032205009694,GLH,34,48,10,355.00,"3,550.00"
2021-03-22,2021032205009689,GLH,34,7,10,355.00,"3,550.00"
2021-03-22,2021032205009684,GLH,34,34,10,355.00,"3,550.00"
2021-03-22,2021032205009720,GLH,51,34,10,353.00,"3,530.00"
2021-03-22,2021032205009711,GLH,53,47,10,353.00,"3,530.00"
2021-03-22,2021032205009707,GLH,57,48,10,353.00,"3,530.00"
2021-03-22,2021032205009703,GLH,57,48,10,353.00,"3,530.00"
2021-03-22,2021032205009702,GLH,34,14,10,355.00,"3,550.00"
2021-03-22,2021032205009701,GLH,34,34,10,355.00,"3,550.00"
2021-03-22,2021032205009752,GLH,16,14,10,355.00,"3,550.00"
2021-03-22,2021032205009751,GLH,16,14,10,355.00,"3,550.00"
2021-03-22,2021032205009750,GLH,16,14,10,355.00,"3,550.00"
2021-03-22,2021032205009749,GLH,16,34,10,355.00,"3,550.00"
2021-03-22,2021032205009731,GLH,51,48,10,353.00,"3,530.00"
2021-03-22,2021032205009721,GLH,51,48,10,353.00,"3,530.00"
2021-03-22,2021032205009767,GLH,4,58,10,355.00,"3,550.00"
2021-03-22,2021032205009766,GLH,4,45,10,355.00,"3,550.00"
2021-03-22,2021032205009762,GLH,4,48,10,355.00,"3,550.00"
2021-03-22,2021032205009758,GLH,4,58,10,355.00,"3,550.00"
2021-03-22,2021032205009757,GLH,4,36,10,355.00,"3,550.00"
2021-03-22,2021032205009753,GLH,53,47,10,353.00,"3,530.00"
2021-03-22,2021032205009780,GLH,38,58,10,355.00,"3,550.00"
2021-03-22,2021032205009779,GLH,38,38,10,355.00,"3,550.00"
2021-03-22,2021032205009778,GLH,38,58,10,355.00,"3,550.00"
2021-03-22,2021032205009776,GLH,16,57,10,354.00,"3,540.00"
2021-03-22,2021032205009773,GLH,53,41,10,353.00,"3,530.00"
2021-03-22,2021032205009769,GLH,53,48,10,353.00,"3,530.00"
2021-03-22,2021032205009798,GLH,16,57,10,354.00,"3,540.00"
2021-03-22,2021032205009793,GLH,16,17,10,355.00,"3,550.00"
2021-03-22,2021032205009789,GLH,16,45,10,355.00,"3,550.00"
2021-03-22,2021032205009784,GLH,16,57,10,354.00,"3,540.00"
2021-03-22,2021032205009783,GLH,38,58,10,355.00,"3,550.00"
2021-03-22,2021032205009781,GLH,38,8,10,355.00,"3,550.00"
2021-03-22,2021032205009825,GLH,34,58,10,355.00,"3,550.00"
2021-03-22,2021032205009824,GLH,34,48,10,355.00,"3,550.00"
2021-03-22,2021032205009823,GLH,45,39,10,354.00,"3,540.00"
2021-03-22,2021032205009814,GLH,45,56,10,354.00,"3,540.00"
2021-03-22,2021032205009808,GLH,16,48,10,354.00,"3,540.00"
2021-03-22,2021032205009799,GLH,16,48,10,354.00,"3,540.00"
2021-03-22,2021032205009834,GLH,34,45,10,355.00,"3,550.00"
2021-03-22,2021032205009832,GLH,34,52,10,355.00,"3,550.00"
2021-03-22,2021032205009830,GLH,34,58,10,355.00,"3,550.00"
2021-03-22,2021032205009828,GLH,34,58,10,355.00,"3,550.00"
2021-03-22,2021032205009827,GLH,34,34,10,355.00,"3,550.00"
2021-03-22,2021032205009826,GLH,34,57,10,355.00,"3,550.00"
2021-03-22,2021032205009856,GLH,41,6,10,356.00,"3,560.00"
2021-03-22,2021032205009847,GLH,41,39,10,356.00,"3,560.00"
2021-03-22,2021032205009839,GLH,4,59,10,355.00,"3,550.00"
2021-03-22,2021032205009838,GLH,4,3,10,355.00,"3,550.00"
2021-03-22,2021032205009837,GLH,34,53,10,355.00,"3,550.00"
2021-03-22,2021032205009836,GLH,34,58,10,355.00,"3,550.00"
2021-03-22,2021032205009870,GLH,41,17,10,356.00,"3,560.00"
2021-03-22,2021032205009863,GLH,41,42,10,356.00,"3,560.00"
2021-03-22,2021032205009862,GLH,41,53,10,356.00,"3,560.00"
2021-03-22,2021032205009860,GLH,41,49,10,356.00,"3,560.00"
2021-03-22,2021032205009859,GLH,41,14,10,356.00,"3,560.00"
2021-03-22,2021032205009858,GLH,41,54,10,356.00,"3,560.00"
2021-03-22,2021032205009880,GLH,42,22,10,358.00,"3,580.00"
2021-03-22,2021032205009879,GLH,42,54,10,358.00,"3,580.00"
2021-03-22,2021032205009878,GLH,42,45,10,358.00,"3,580.00"
2021-03-22,2021032205009877,GLH,42,52,10,357.00,"3,570.00"
2021-03-22,2021032205009875,GLH,41,4,10,356.00,"3,560.00"
2021-03-22,2021032205009873,GLH,41,1,10,356.00,"3,560.00"
2021-03-22,2021032205009886,GLH,42,49,10,359.00,"3,590.00"
2021-03-22,2021032205009885,GLH,42,42,10,359.00,"3,590.00"
2021-03-22,2021032205009884,GLH,42,59,10,358.00,"3,580.00"
2021-03-22,2021032205009883,GLH,42,45,10,358.00,"3,580.00"
2021-03-22,2021032205009882,GLH,42,58,10,358.00,"3,580.00"
2021-03-22,2021032205009881,GLH,42,21,10,358.00,"3,580.00"
2021-03-22,2021032205009892,GLH,42,22,10,360.00,"3,600.00"
2021-03-22,2021032205009891,GLH,42,6,10,360.00,"3,600.00"
2021-03-22,2021032205009890,GLH,42,34,10,360.00,"3,600.00"
2021-03-22,2021032205009889,GLH,42,58,10,360.00,"3,600.00"
2021-03-22,2021032205009888,GLH,42,16,10,360.00,"3,600.00"
2021-03-22,2021032205009887,GLH,42,52,10,360.00,"3,600.00"
2021-03-22,2021032205009898,GLH,42,58,10,360.00,"3,600.00"
2021-03-22,2021032205009897,GLH,42,58,10,360.00,"3,600.00"
2021-03-22,2021032205009896,GLH,42,25,10,360.00,"3,600.00"
2021-03-22,2021032205009895,GLH,42,22,10,360.00,"3,600.00"
2021-03-22,2021032205009894,GLH,42,48,10,360.00,"3,600.00"
2021-03-22,2021032205009893,GLH,42,49,10,360.00,"3,600.00"
2021-03-22,2021032205009904,GLH,42,13,10,360.00,"3,600.00"
2021-03-22,2021032205009903,GLH,42,58,10,360.00,"3,600.00"
2021-03-22,2021032205009902,GLH,42,45,10,360.00,"3,600.00"
2021-03-22,2021032205009901,GLH,42,49,10,360.00,"3,600.00"
2021-03-22,2021032205009900,GLH,42,58,10,360.00,"3,600.00"
2021-03-22,2021032205009899,GLH,42,41,10,360.00,"3,600.00"
2021-03-22,2021032205009910,GLH,42,58,10,360.00,"3,600.00"
2021-03-22,2021032205009909,GLH,42,58,10,360.00,"3,600.00"
2021-03-22,2021032205009908,GLH,42,19,10,360.00,"3,600.00"
2021-03-22,2021032205009907,GLH,42,45,10,360.00,"3,600.00"
2021-03-22,2021032205009906,GLH,42,50,10,360.00,"3,600.00"
2021-03-22,2021032205009905,GLH,42,48,10,360.00,"3,600.00"
2021-03-22,2021032205009916,GLH,42,58,10,360.00,"3,600.00"
2021-03-22,2021032205009915,GLH,42,58,10,360.00,"3,600.00"
2021-03-22,2021032205009914,GLH,42,58,10,360.00,"3,600.00"
2021-03-22,2021032205009913,GLH,42,45,10,360.00,"3,600.00"
2021-03-22,2021032205009912,GLH,42,49,10,360.00,"3,600.00"
2021-03-22,2021032205009911,GLH,42,58,10,360.00,"3,600.00"
2021-03-22,2021032205009922,GLH,42,51,10,360.00,"3,600.00"
2021-03-22,2021032205009921,GLH,42,32,10,360.00,"3,600.00"
2021-03-22,2021032205009920,GLH,42,16,10,360.00,"3,600.00"
2021-03-22,2021032205009919,GLH,42,36,10,360.00,"3,600.00"
2021-03-22,2021032205009918,GLH,42,58,10,360.00,"3,600.00"
2021-03-22,2021032205009917,GLH,42,58,10,360.00,"3,600.00"
2021-03-22,2021032205009928,GLH,42,54,10,360.00,"3,600.00"
2021-03-22,2021032205009927,GLH,42,54,10,360.00,"3,600.00"
2021-03-22,2021032205009926,GLH,42,16,10,360.00,"3,600.00"
2021-03-22,2021032205009925,GLH,42,47,10,360.00,"3,600.00"
2021-03-22,2021032205009924,GLH,42,29,10,360.00,"3,600.00"
2021-03-22,2021032205009923,GLH,42,7,10,360.00,"3,600.00"
2021-03-22,2021032205009934,GLH,42,49,10,361.00,"3,610.00"
2021-03-22,2021032205009933,GLH,42,45,10,361.00,"3,610.00"
2021-03-22,2021032205009932,GLH,42,14,10,360.00,"3,600.00"
2021-03-22,2021032205009931,GLH,42,55,10,360.00,"3,600.00"
2021-03-22,2021032205009930,GLH,42,58,10,360.00,"3,600.00"
2021-03-22,2021032205009929,GLH,42,35,10,360.00,"3,600.00"
2021-03-22,2021032205009953,GLH,42,52,10,361.00,"3,610.00"
2021-03-22,2021032205009951,GLH,42,58,10,361.00,"3,610.00"
2021-03-22,2021032205009950,GLH,42,43,10,361.00,"3,610.00"
2021-03-22,2021032205009937,GLH,42,41,10,361.00,"3,610.00"
2021-03-22,2021032205009936,GLH,42,58,10,361.00,"3,610.00"
2021-03-22,2021032205009935,GLH,42,16,10,361.00,"3,610.00"
2021-03-22,2021032205009966,GLH,49,58,10,362.00,"3,620.00"
2021-03-22,2021032205009965,GLH,49,49,10,362.00,"3,620.00"
2021-03-22,2021032205009964,GLH,49,42,10,362.00,"3,620.00"
2021-03-22,2021032205009963,GLH,49,58,10,362.00,"3,620.00"
2021-03-22,2021032205009960,GLH,42,34,10,361.00,"3,610.00"
2021-03-22,2021032205009956,GLH,42,58,10,361.00,"3,610.00"
2021-03-22,2021032205009972,GLH,49,16,10,362.00,"3,620.00"
2021-03-22,2021032205009971,GLH,49,8,10,362.00,"3,620.00"
2021-03-22,2021032205009970,GLH,49,8,10,362.00,"3,620.00"
2021-03-22,2021032205009969,GLH,49,58,10,362.00,"3,620.00"
2021-03-22,2021032205009968,GLH,49,34,10,362.00,"3,620.00"
2021-03-22,2021032205009967,GLH,49,45,10,362.00,"3,620.00"
2021-03-22,2021032205009986,GLH,41,45,10,362.00,"3,620.00"
2021-03-22,2021032205009985,GLH,41,6,10,362.00,"3,620.00"
2021-03-22,2021032205009984,GLH,41,59,10,362.00,"3,620.00"
2021-03-22,2021032205009983,GLH,42,41,10,361.00,"3,610.00"
2021-03-22,2021032205009979,GLH,42,57,10,361.00,"3,610.00"
2021-03-22,2021032205009978,GLH,42,42,10,361.00,"3,610.00"
2021-03-22,2021032205009996,GLH,41,41,10,362.00,"3,620.00"
2021-03-22,2021032205009991,GLH,41,14,10,362.00,"3,620.00"
2021-03-22,2021032205009990,GLH,41,49,10,362.00,"3,620.00"
2021-03-22,2021032205009989,GLH,41,45,10,362.00,"3,620.00"
2021-03-22,2021032205009988,GLH,41,57,10,362.00,"3,620.00"
2021-03-22,2021032205009987,GLH,41,21,10,362.00,"3,620.00"
2021-03-22,2021032205010020,GLH,41,14,10,362.00,"3,620.00"
2021-03-22,2021032205010016,GLH,41,16,10,362.00,"3,620.00"
2021-03-22,2021032205010015,GLH,41,41,10,362.00,"3,620.00"
2021-03-22,2021032205010014,GLH,41,14,10,362.00,"3,620.00"
2021-03-22,2021032205010006,GLH,41,41,10,362.00,"3,620.00"
2021-03-22,2021032205010005,GLH,41,14,10,362.00,"3,620.00"
2021-03-22,2021032205010028,GLH,42,41,10,365.00,"3,650.00"
2021-03-22,2021032205010027,GLH,42,55,10,365.00,"3,650.00"
2021-03-22,2021032205010026,GLH,42,58,10,365.00,"3,650.00"
2021-03-22,2021032205010025,GLH,42,21,10,363.00,"3,630.00"
2021-03-22,2021032205010024,GLH,42,11,10,363.00,"3,630.00"
2021-03-22,2021032205010022,GLH,41,58,10,362.00,"3,620.00"
2021-03-22,2021032205010034,GLH,42,49,10,365.00,"3,650.00"
2021-03-22,2021032205010033,GLH,42,49,10,365.00,"3,650.00"
2021-03-22,2021032205010032,GLH,42,35,10,365.00,"3,650.00"
2021-03-22,2021032205010031,GLH,42,22,10,365.00,"3,650.00"
2021-03-22,2021032205010030,GLH,42,7,10,365.00,"3,650.00"
2021-03-22,2021032205010029,GLH,42,48,10,365.00,"3,650.00"
2021-03-22,2021032205010040,GLH,42,46,10,365.00,"3,650.00"
2021-03-22,2021032205010039,GLH,42,36,10,365.00,"3,650.00"
2021-03-22,2021032205010038,GLH,42,36,10,365.00,"3,650.00"
2021-03-22,2021032205010037,GLH,42,58,10,365.00,"3,650.00"
2021-03-22,2021032205010036,GLH,42,36,10,365.00,"3,650.00"
2021-03-22,2021032205010035,GLH,42,49,10,365.00,"3,650.00"
2021-03-22,2021032205010046,GLH,42,11,10,366.00,"3,660.00"
2021-03-22,2021032205010045,GLH,42,32,10,366.00,"3,660.00"
2021-03-22,2021032205010044,GLH,42,49,10,365.00,"3,650.00"
2021-03-22,2021032205010043,GLH,42,38,10,365.00,"3,650.00"
2021-03-22,2021032205010042,GLH,42,53,10,365.00,"3,650.00"
2021-03-22,2021032205010041,GLH,42,36,10,365.00,"3,650.00"
2021-03-22,2021032205010052,GLH,42,47,10,367.00,"3,670.00"
2021-03-22,2021032205010051,GLH,42,25,10,367.00,"3,670.00"
2021-03-22,2021032205010050,GLH,42,41,10,366.00,"3,660.00"
2021-03-22,2021032205010049,GLH,42,45,10,366.00,"3,660.00"
2021-03-22,2021032205010048,GLH,42,32,10,366.00,"3,660.00"
2021-03-22,2021032205010047,GLH,42,45,10,366.00,"3,660.00"
2021-03-22,2021032205010059,GLH,42,17,10,369.00,"3,690.00"
2021-03-22,2021032205010057,GLH,42,28,10,369.00,"3,690.00"
2021-03-22,2021032205010056,GLH,42,7,10,369.00,"3,690.00"
2021-03-22,2021032205010055,GLH,42,42,10,368.00,"3,680.00"
2021-03-22,2021032205010054,GLH,42,58,10,368.00,"3,680.00"
2021-03-22,2021032205010053,GLH,42,53,10,367.00,"3,670.00"
2021-03-22,2021032205010069,GLH,48,36,10,370.00,"3,700.00"
2021-03-22,2021032205010068,GLH,48,32,10,370.00,"3,700.00"
2021-03-22,2021032205010067,GLH,48,35,10,370.00,"3,700.00"
2021-03-22,2021032205010066,GLH,48,39,10,370.00,"3,700.00"
2021-03-22,2021032205010065,GLH,48,38,10,370.00,"3,700.00"
2021-03-22,2021032205010064,GLH,48,7,10,370.00,"3,700.00"
2021-03-22,2021032205010075,GLH,48,21,10,372.00,"3,720.00"
2021-03-22,2021032205010074,GLH,48,37,10,372.00,"3,720.00"
2021-03-22,2021032205010073,GLH,48,14,10,370.00,"3,700.00"
2021-03-22,2021032205010072,GLH,48,42,10,370.00,"3,700.00"
2021-03-22,2021032205010071,GLH,48,58,10,370.00,"3,700.00"
2021-03-22,2021032205010070,GLH,48,34,10,370.00,"3,700.00"
2021-03-22,2021032205010081,GLH,48,41,10,372.00,"3,720.00"
2021-03-22,2021032205010080,GLH,48,3,10,372.00,"3,720.00"
2021-03-22,2021032205010079,GLH,48,3,10,372.00,"3,720.00"
2021-03-22,2021032205010078,GLH,48,44,10,372.00,"3,720.00"
2021-03-22,2021032205010077,GLH,48,35,10,372.00,"3,720.00"
2021-03-22,2021032205010076,GLH,48,17,10,372.00,"3,720.00"
2021-03-22,2021032205010087,GLH,48,45,10,372.00,"3,720.00"
2021-03-22,2021032205010086,GLH,48,47,10,372.00,"3,720.00"
2021-03-22,2021032205010085,GLH,48,21,10,372.00,"3,720.00"
2021-03-22,2021032205010084,GLH,48,42,10,372.00,"3,720.00"
2021-03-22,2021032205010083,GLH,48,41,10,372.00,"3,720.00"
2021-03-22,2021032205010082,GLH,48,7,10,372.00,"3,720.00"
2021-03-22,2021032205010093,GLH,48,45,10,372.00,"3,720.00"
2021-03-22,2021032205010092,GLH,48,53,10,372.00,"3,720.00"
2021-03-22,2021032205010091,GLH,48,49,10,372.00,"3,720.00"
2021-03-22,2021032205010090,GLH,48,34,10,372.00,"3,720.00"
2021-03-22,2021032205010089,GLH,48,51,10,372.00,"3,720.00"
2021-03-22,2021032205010088,GLH,48,21,10,372.00,"3,720.00"
2021-03-22,2021032205010107,GLH,41,44,10,373.00,"3,730.00"
2021-03-22,2021032205010106,GLH,41,58,10,373.00,"3,730.00"
2021-03-22,2021032205010104,GLH,48,59,10,372.00,"3,720.00"
2021-03-22,2021032205010100,GLH,48,16,10,372.00,"3,720.00"
2021-03-22,2021032205010095,GLH,48,58,10,372.00,"3,720.00"
2021-03-22,2021032205010094,GLH,48,33,10,372.00,"3,720.00"
2021-03-22,2021032205010136,GLH,48,32,10,372.00,"3,720.00"
2021-03-22,2021032205010134,GLH,48,45,10,372.00,"3,720.00"
2021-03-22,2021032205010123,GLH,48,58,10,372.00,"3,720.00"
2021-03-22,2021032205010122,GLH,41,34,10,379.00,"3,790.00"
2021-03-22,2021032205010109,GLH,41,51,10,377.00,"3,770.00"
2021-03-22,2021032205010108,GLH,41,19,10,375.00,"3,750.00"
2021-03-22,2021032205010157,NIFRA,14,53,60,524.00,"31,440.00"
2021-03-22,2021032205010156,NIFRA,34,43,105,525.00,"55,125.00"
2021-03-22,2021032205010152,NIFRA,14,58,40,524.00,"20,960.00"
2021-03-22,2021032205010151,NIFRA,29,58,10,524.00,"5,240.00"
2021-03-22,2021032205010148,NIFRA,29,13,50,524.00,"26,200.00"
2021-03-22,2021032205010147,NIFRA,29,29,50,524.00,"26,200.00"
2021-03-22,2021032205009666,NIFRA,57,1,50,524.00,"26,200.00"
2021-03-22,2021032205009659,NIFRA,57,36,50,524.00,"26,200.00"
2021-03-22,2021032205009658,NIFRA,57,54,40,524.00,"20,960.00"
2021-03-22,2021032205009679,NIFRA,57,14,20,524.00,"10,480.00"
2021-03-22,2021032205009678,NIFRA,57,41,50,524.00,"26,200.00"
2021-03-22,2021032205009677,NIFRA,57,34,60,524.00,"31,440.00"
2021-03-22,2021032205009669,NIFRA,57,55,50,524.00,"26,200.00"
2021-03-22,2021032205009668,NIFRA,57,34,60,524.00,"31,440.00"
2021-03-22,2021032205009667,NIFRA,57,5,60,524.00,"31,440.00"
2021-03-22,2021032205009686,NIFRA,35,46,90,525.00,"47,250.00"
2021-03-22,2021032205009685,NIFRA,35,8,50,525.00,"26,250.00"
2021-03-22,2021032205009683,NIFRA,58,1,50,524.00,"26,200.00"
2021-03-22,2021032205009682,NIFRA,58,56,30,524.00,"15,720.00"
2021-03-22,2021032205009681,NIFRA,33,56,20,524.00,"10,480.00"
2021-03-22,2021032205009680,NIFRA,33,14,30,524.00,"15,720.00"
2021-03-22,2021032205009697,NIFRA,25,41,10,524.00,"5,240.00"
2021-03-22,2021032205009696,NIFRA,25,58,50,524.00,"26,200.00"
2021-03-22,2021032205009693,NIFRA,25,56,40,524.00,"20,960.00"
2021-03-22,2021032205009692,NIFRA,58,56,10,524.00,"5,240.00"
2021-03-22,2021032205009688,NIFRA,35,58,10,525.00,"5,250.00"
2021-03-22,2021032205009687,NIFRA,35,8,50,525.00,"26,250.00"
2021-03-22,2021032205009712,NIFRA,44,8,50,525.00,"26,250.00"
2021-03-22,2021032205009709,NIFRA,22,59,10,524.00,"5,240.00"
2021-03-22,2021032205009708,NIFRA,29,59,40,524.00,"20,960.00"
2021-03-22,2021032205009705,NIFRA,29,1,60,524.00,"31,440.00"
2021-03-22,2021032205009704,NIFRA,29,47,60,524.00,"31,440.00"
2021-03-22,2021032205009698,NIFRA,29,41,40,524.00,"20,960.00"
2021-03-22,2021032205009718,NIFRA,55,1,50,525.00,"26,250.00"
2021-03-22,2021032205009717,NIFRA,44,59,50,525.00,"26,250.00"
2021-03-22,2021032205009716,NIFRA,44,22,50,525.00,"26,250.00"
2021-03-22,2021032205009715,NIFRA,44,8,10,525.00,"5,250.00"
2021-03-22,2021032205009714,NIFRA,44,58,40,525.00,"21,000.00"
2021-03-22,2021032205009713,NIFRA,44,8,50,525.00,"26,250.00"
2021-03-22,2021032205009726,NIFRA,38,7,22,525.00,"11,550.00"
2021-03-22,2021032205009725,NIFRA,38,8,60,525.00,"31,500.00"
2021-03-22,2021032205009724,NIFRA,38,55,18,524.00,"9,432.00"
2021-03-22,2021032205009723,NIFRA,57,55,10,524.00,"5,240.00"
2021-03-22,2021032205009722,NIFRA,22,55,22,524.00,"11,528.00"
2021-03-22,2021032205009719,NIFRA,55,20,50,525.00,"26,250.00"
2021-03-22,2021032205009733,NIFRA,42,1,50,524.00,"26,200.00"
2021-03-22,2021032205009732,NIFRA,42,38,50,524.00,"26,200.00"
2021-03-22,2021032205009730,NIFRA,48,45,10,523.00,"5,230.00"
2021-03-22,2021032205009729,NIFRA,38,45,40,523.00,"20,920.00"
2021-03-22,2021032205009728,NIFRA,38,47,50,523.00,"26,150.00"
2021-03-22,2021032205009727,NIFRA,38,1,60,523.00,"31,380.00"
2021-03-22,2021032205009739,NIFRA,42,8,60,525.00,"31,500.00"
2021-03-22,2021032205009738,NIFRA,42,35,50,525.00,"26,250.00"
2021-03-22,2021032205009737,NIFRA,42,7,28,525.00,"14,700.00"
2021-03-22,2021032205009736,NIFRA,42,8,60,525.00,"31,500.00"
2021-03-22,2021032205009735,NIFRA,42,34,60,524.00,"31,440.00"
2021-03-22,2021032205009734,NIFRA,42,56,50,524.00,"26,200.00"
2021-03-22,2021032205009745,NIFRA,42,45,168,525.00,"88,200.00"
2021-03-22,2021032205009744,NIFRA,42,34,50,525.00,"26,250.00"
2021-03-22,2021032205009743,NIFRA,42,10,50,525.00,"26,250.00"
2021-03-22,2021032205009742,NIFRA,42,16,20,525.00,"10,500.00"
2021-03-22,2021032205009741,NIFRA,42,10,50,525.00,"26,250.00"
2021-03-22,2021032205009740,NIFRA,42,8,60,525.00,"31,500.00"
2021-03-22,2021032205009756,NIFRA,25,16,50,523.00,"26,150.00"
2021-03-22,2021032205009755,NIFRA,25,10,50,523.00,"26,150.00"
2021-03-22,2021032205009754,NIFRA,48,10,10,523.00,"5,230.00"
2021-03-22,2021032205009748,NIFRA,42,34,84,525.00,"44,100.00"
2021-03-22,2021032205009747,NIFRA,42,8,50,525.00,"26,250.00"
2021-03-22,2021032205009746,NIFRA,42,58,60,525.00,"31,500.00"
2021-03-22,2021032205009765,NIFRA,25,51,10,523.00,"5,230.00"
2021-03-22,2021032205009764,NIFRA,25,49,720,523.00,"376,560.00"
2021-03-22,2021032205009763,NIFRA,34,49,280,524.00,"146,720.00"
2021-03-22,2021032205009761,NIFRA,40,34,50,525.00,"26,250.00"
2021-03-22,2021032205009760,NIFRA,34,4,20,524.00,"10,480.00"
2021-03-22,2021032205009759,NIFRA,25,13,60,523.00,"31,380.00"
2021-03-22,2021032205009775,NIFRA,38,1,10,523.00,"5,230.00"
2021-03-22,2021032205009774,NIFRA,57,1,40,523.00,"20,920.00"
2021-03-22,2021032205009772,NIFRA,57,28,10,523.00,"5,230.00"
2021-03-22,2021032205009771,NIFRA,10,28,50,524.00,"26,200.00"
2021-03-22,2021032205009770,NIFRA,25,1,60,523.00,"31,380.00"
2021-03-22,2021032205009768,NIFRA,25,1,50,523.00,"26,150.00"
2021-03-22,2021032205009791,NIFRA,38,52,40,523.00,"20,920.00"
2021-03-22,2021032205009790,NIFRA,38,49,50,523.00,"26,150.00"
2021-03-22,2021032205009787,NIFRA,32,34,60,525.00,"31,500.00"
2021-03-22,2021032205009786,NIFRA,32,33,30,524.00,"15,720.00"
2021-03-22,2021032205009785,NIFRA,32,51,10,523.00,"5,230.00"
2021-03-22,2021032205009782,NIFRA,34,33,20,524.00,"10,480.00"
2021-03-22,2021032205009800,NIFRA,13,16,10,524.00,"5,240.00"
2021-03-22,2021032205009797,NIFRA,1,16,40,524.00,"20,960.00"
2021-03-22,2021032205009796,NIFRA,1,42,60,524.00,"31,440.00"
2021-03-22,2021032205009795,NIFRA,1,3,50,524.00,"26,200.00"
2021-03-22,2021032205009794,NIFRA,1,1,50,524.00,"26,200.00"
2021-03-22,2021032205009792,NIFRA,14,52,10,523.00,"5,230.00"
2021-03-22,2021032205009806,NIFRA,32,34,40,524.00,"20,960.00"
2021-03-22,2021032205009805,NIFRA,32,1,60,524.00,"31,440.00"
2021-03-22,2021032205009804,NIFRA,58,58,10,525.00,"5,250.00"
2021-03-22,2021032205009803,NIFRA,58,35,50,525.00,"26,250.00"
2021-03-22,2021032205009802,NIFRA,58,38,40,524.00,"20,960.00"
2021-03-22,2021032205009801,NIFRA,13,38,10,524.00,"5,240.00"
2021-03-22,2021032205009813,NIFRA,55,59,30,524.00,"15,720.00"
2021-03-22,2021032205009812,NIFRA,42,42,50,525.00,"26,250.00"
2021-03-22,2021032205009811,NIFRA,42,58,50,525.00,"26,250.00"
2021-03-22,2021032205009810,NIFRA,55,8,20,524.00,"10,480.00"
2021-03-22,2021032205009809,NIFRA,58,8,30,524.00,"15,720.00"
2021-03-22,2021032205009807,NIFRA,58,34,10,524.00,"5,240.00"
2021-03-22,2021032205009821,NIFRA,6,1,50,523.00,"26,150.00"
2021-03-22,2021032205009819,NIFRA,34,3,5,523.00,"2,615.00"
2021-03-22,2021032205009818,NIFRA,14,3,25,523.00,"13,075.00"
2021-03-22,2021032205009817,NIFRA,14,3,20,523.00,"10,460.00"
2021-03-22,2021032205009816,NIFRA,22,29,50,524.00,"26,200.00"
2021-03-22,2021032205009815,NIFRA,22,59,20,524.00,"10,480.00"
2021-03-22,2021032205009840,NIFRA,17,56,50,523.00,"26,150.00"
2021-03-22,2021032205009835,NIFRA,8,48,100,524.00,"52,400.00"
2021-03-22,2021032205009833,NIFRA,17,16,60,523.00,"31,380.00"
2021-03-22,2021032205009831,NIFRA,17,21,50,523.00,"26,150.00"
2021-03-22,2021032205009829,NIFRA,25,1,50,523.00,"26,150.00"
2021-03-22,2021032205009822,NIFRA,25,8,50,523.00,"26,150.00"
2021-03-22,2021032205009846,NIFRA,16,49,10,524.00,"5,240.00"
2021-03-22,2021032205009845,NIFRA,16,8,20,524.00,"10,480.00"
2021-03-22,2021032205009844,NIFRA,16,58,60,524.00,"31,440.00"
2021-03-22,2021032205009843,NIFRA,16,57,50,524.00,"26,200.00"
2021-03-22,2021032205009842,NIFRA,16,59,50,524.00,"26,200.00"
2021-03-22,2021032205009841,NIFRA,16,48,15,524.00,"7,860.00"
2021-03-22,2021032205009854,NIFRA,58,34,60,525.00,"31,500.00"
2021-03-22,2021032205009853,NIFRA,58,36,10,525.00,"5,250.00"
2021-03-22,2021032205009851,NIFRA,8,39,40,523.00,"20,920.00"
2021-03-22,2021032205009850,NIFRA,17,39,10,523.00,"5,230.00"
2021-03-22,2021032205009849,NIFRA,17,1,30,523.00,"15,690.00"
2021-03-22,2021032205009848,NIFRA,16,1,10,524.00,"5,240.00"
2021-03-22,2021032205009866,NIFRA,28,22,50,525.00,"26,250.00"
2021-03-22,2021032205009865,NIFRA,28,58,20,525.00,"10,500.00"
2021-03-22,2021032205009864,NIFRA,14,58,40,525.00,"21,000.00"
2021-03-22,2021032205009861,NIFRA,8,43,60,523.00,"31,380.00"
2021-03-22,2021032205009857,NIFRA,8,52,50,523.00,"26,150.00"
2021-03-22,2021032205009855,NIFRA,58,57,37,525.00,"19,425.00"
2021-03-22,2021032205009874,NIFRA,8,17,25,523.00,"13,075.00"
2021-03-22,2021032205009872,NIFRA,8,21,50,523.00,"26,150.00"
2021-03-22,2021032205009871,NIFRA,16,56,50,524.00,"26,200.00"
2021-03-22,2021032205009869,NIFRA,28,58,30,525.00,"15,750.00"
2021-03-22,2021032205009868,NIFRA,28,35,50,525.00,"26,250.00"
2021-03-22,2021032205009867,NIFRA,28,58,50,525.00,"26,250.00"
2021-03-22,2021032205009942,NIFRA,50,55,100,524.00,"52,400.00"
2021-03-22,2021032205009941,NIFRA,4,55,75,524.00,"39,300.00"
2021-03-22,2021032205009940,NIFRA,57,55,50,524.00,"26,200.00"
2021-03-22,2021032205009939,NIFRA,17,58,10,525.00,"5,250.00"
2021-03-22,2021032205009938,NIFRA,54,58,10,525.00,"5,250.00"
2021-03-22,2021032205009876,NIFRA,57,14,50,524.00,"26,200.00"
2021-03-22,2021032205009949,NIFRA,38,21,10,523.00,"5,230.00"
2021-03-22,2021032205009948,NIFRA,13,55,15,524.00,"7,860.00"
2021-03-22,2021032205009947,NIFRA,42,55,500,524.00,"262,000.00"
2021-03-22,2021032205009946,NIFRA,38,43,60,523.00,"31,380.00"
2021-03-22,2021032205009945,NIFRA,8,16,20,523.00,"10,460.00"
2021-03-22,2021032205009943,NIFRA,8,1,50,523.00,"26,150.00"
2021-03-22,2021032205009961,NIFRA,56,45,60,524.00,"31,440.00"
2021-03-22,2021032205009959,NIFRA,56,58,10,524.00,"5,240.00"
2021-03-22,2021032205009958,NIFRA,56,55,250,524.00,"131,000.00"
2021-03-22,2021032205009957,NIFRA,38,57,50,523.00,"26,150.00"
2021-03-22,2021032205009955,NIFRA,49,55,10,524.00,"5,240.00"
2021-03-22,2021032205009954,NIFRA,38,8,50,523.00,"26,150.00"
2021-03-22,2021032205009980,NIFRA,38,57,30,524.00,"15,720.00"
2021-03-22,2021032205009977,NIFRA,38,42,10,524.00,"5,240.00"
2021-03-22,2021032205009976,NIFRA,28,42,30,524.00,"15,720.00"
2021-03-22,2021032205009975,NIFRA,28,35,60,524.00,"31,440.00"
2021-03-22,2021032205009974,NIFRA,28,1,30,524.00,"15,720.00"
2021-03-22,2021032205009973,NIFRA,56,1,20,524.00,"10,480.00"
2021-03-22,2021032205009995,NIFRA,58,34,30,525.00,"15,750.00"
2021-03-22,2021032205009994,NIFRA,58,51,60,525.00,"31,500.00"
2021-03-22,2021032205009993,NIFRA,58,49,60,525.00,"31,500.00"
2021-03-22,2021032205009992,NIFRA,58,4,50,525.00,"26,250.00"
2021-03-22,2021032205009982,NIFRA,1,58,50,524.00,"26,200.00"
2021-03-22,2021032205009981,NIFRA,1,57,20,524.00,"10,480.00"
2021-03-22,2021032205010003,NIFRA,8,6,50,525.00,"26,250.00"
2021-03-22,2021032205010002,NIFRA,8,41,50,525.00,"26,250.00"
2021-03-22,2021032205010001,NIFRA,8,34,30,525.00,"15,750.00"
2021-03-22,2021032205010000,NIFRA,49,21,50,524.00,"26,200.00"
2021-03-22,2021032205009999,NIFRA,49,34,20,524.00,"10,480.00"
2021-03-22,2021032205009998,NIFRA,1,34,30,524.00,"15,720.00"
2021-03-22,2021032205010018,NIFRA,10,32,50,524.00,"26,200.00"
2021-03-22,2021032205010012,NIFRA,10,57,30,524.00,"15,720.00"
2021-03-22,2021032205010011,NIFRA,35,57,100,524.00,"52,400.00"
2021-03-22,2021032205010010,NIFRA,49,57,70,524.00,"36,680.00"
2021-03-22,2021032205010009,NIFRA,49,1,60,524.00,"31,440.00"
2021-03-22,2021032205010004,NIFRA,8,42,870,525.00,"456,750.00"
2021-03-22,2021032205010097,NIFRA,29,32,50,524.00,"26,200.00"
2021-03-22,2021032205010063,NIFRA,29,14,20,524.00,"10,480.00"
2021-03-22,2021032205010062,NIFRA,10,14,30,524.00,"15,720.00"
2021-03-22,2021032205010061,NIFRA,10,26,60,524.00,"31,440.00"
2021-03-22,2021032205010060,NIFRA,10,42,40,524.00,"20,960.00"
2021-03-22,2021032205010023,NIFRA,10,16,50,524.00,"26,200.00"
2021-03-22,2021032205010105,NIFRA,29,16,60,524.00,"31,440.00"
2021-03-22,2021032205010103,NIFRA,29,1,50,524.00,"26,200.00"
2021-03-22,2021032205010102,NIFRA,8,42,60,525.00,"31,500.00"
2021-03-22,2021032205010101,NIFRA,39,42,10,525.00,"5,250.00"
2021-03-22,2021032205010099,NIFRA,29,38,50,524.00,"26,200.00"
2021-03-22,2021032205010098,NIFRA,29,8,60,524.00,"31,440.00"
2021-03-22,2021032205010115,NIFRA,57,50,10,525.00,"5,250.00"
2021-03-22,2021032205010114,NIFRA,57,32,30,525.00,"15,750.00"
2021-03-22,2021032205010113,NIFRA,57,48,50,525.00,"26,250.00"
2021-03-22,2021032205010112,NIFRA,57,45,60,525.00,"31,500.00"
2021-03-22,2021032205010111,NIFRA,57,32,50,525.00,"26,250.00"
2021-03-22,2021032205010110,NIFRA,57,42,120,525.00,"63,000.00"
2021-03-22,2021032205010129,NIFRA,29,53,50,524.00,"26,200.00"
2021-03-22,2021032205010128,NIFRA,45,50,30,525.00,"15,750.00"
2021-03-22,2021032205010126,NIFRA,29,57,50,524.00,"26,200.00"
2021-03-22,2021032205010124,NIFRA,29,38,50,524.00,"26,200.00"
2021-03-22,2021032205010117,NIFRA,57,50,30,525.00,"15,750.00"
2021-03-22,2021032205010116,NIFRA,57,36,50,525.00,"26,250.00"
2021-03-22,2021032205010138,NIFRA,29,4,50,524.00,"26,200.00"
2021-03-22,2021032205010135,NIFRA,29,34,60,524.00,"31,440.00"
2021-03-22,2021032205010133,NIFRA,43,50,50,525.00,"26,250.00"
2021-03-22,2021032205010132,NIFRA,29,42,60,524.00,"31,440.00"
2021-03-22,2021032205010131,NIFRA,29,3,60,524.00,"31,440.00"
2021-03-22,2021032205010130,NIFRA,29,26,60,524.00,"31,440.00"
2021-03-22,2021032205010145,NIFRA,22,43,110,525.00,"57,750.00"
2021-03-22,2021032205010144,NIFRA,22,50,190,525.00,"99,750.00"
2021-03-22,2021032205010143,NIFRA,29,14,50,524.00,"26,200.00"
2021-03-22,2021032205010141,NIFRA,7,50,200,525.00,"105,000.00"
2021-03-22,2021032205010140,NIFRA,29,53,50,524.00,"26,200.00"
2021-03-22,2021032205010139,NIFRA,29,58,60,524.00,"31,440.00"
2021-03-22,2021032205009649,CGH,40,59,10,"1,563.00","15,630.00"
2021-03-22,2021032205009615,CGH,40,16,10,"1,563.00","15,630.00"
2021-03-22,2021032205009607,CGH,40,16,10,"1,563.00","15,630.00"
2021-03-22,2021032205009606,CGH,40,49,10,"1,563.00","15,630.00"
2021-03-22,2021032205009600,CGH,40,33,10,"1,563.00","15,630.00"
2021-03-22,2021032205009597,CGH,40,16,10,"1,563.00","15,630.00"
2021-03-22,2021032205009208,CGH,40,49,10,"1,563.00","15,630.00"
2021-03-22,2021032205009172,CGH,40,16,10,"1,563.00","15,630.00"
2021-03-22,2021032205009168,CGH,40,47,10,"1,563.00","15,630.00"
2021-03-22,2021032205009158,CGH,40,22,10,"1,563.00","15,630.00"
2021-03-22,2021032205009275,CGH,40,4,10,"1,563.00","15,630.00"
2021-03-22,2021032205009246,CGH,40,16,10,"1,563.00","15,630.00"
2021-03-22,2021032205009225,CGH,40,11,10,"1,563.00","15,630.00"
2021-03-22,2021032205009223,CGH,40,45,10,"1,563.00","15,630.00"
2021-03-22,2021032205009221,CGH,40,7,10,"1,563.00","15,630.00"
2021-03-22,2021032205009211,CGH,40,45,10,"1,563.00","15,630.00"
2021-03-22,2021032205009484,CGH,38,41,2,"1,563.00","3,126.00"
2021-03-22,2021032205009391,CGH,40,59,10,"1,563.00","15,630.00"
2021-03-22,2021032205009346,CGH,40,6,10,"1,563.00","15,630.00"
2021-03-22,2021032205009324,CGH,52,38,5,"1,563.00","7,815.00"
2021-03-22,2021032205009311,CGH,40,22,10,"1,563.00","15,630.00"
2021-03-22,2021032205009296,CGH,40,6,10,"1,563.00","15,630.00"
2021-03-22,2021032205009585,CGH,40,16,10,"1,563.00","15,630.00"
2021-03-22,2021032205009574,CGH,40,16,10,"1,563.00","15,630.00"
2021-03-22,2021032205009549,CGH,40,48,10,"1,563.00","15,630.00"
2021-03-22,2021032205009533,CGH,40,43,10,"1,563.00","15,630.00"
2021-03-22,2021032205009522,CGH,40,45,10,"1,563.00","15,630.00"
2021-03-22,2021032205009504,CGH,40,47,10,"1,563.00","15,630.00"
2021-03-22,2021032205009655,GLH,56,59,10,353.00,"3,530.00"
2021-03-22,2021032205009650,GLH,56,28,10,353.00,"3,530.00"
2021-03-22,2021032205009645,GLH,44,49,10,358.00,"3,580.00"
2021-03-22,2021032205009644,GLH,44,57,10,358.00,"3,580.00"
2021-03-22,2021032205009643,GLH,44,57,10,358.00,"3,580.00"
2021-03-22,2021032205009642,GLH,44,58,10,357.00,"3,570.00"
2021-03-22,2021032205009235,GLH,58,37,10,355.00,"3,550.00"
2021-03-22,2021032205009234,GLH,58,45,10,355.00,"3,550.00"
2021-03-22,2021032205009233,GLH,58,58,10,354.00,"3,540.00"
2021-03-22,2021032205009232,GLH,58,42,10,355.00,"3,550.00"
2021-03-22,2021032205009229,GLH,41,25,10,355.00,"3,550.00"
2021-03-22,2021032205009165,GLH,38,55,10,355.00,"3,550.00"
2021-03-22,2021032205009241,GLH,58,40,10,355.00,"3,550.00"
2021-03-22,2021032205009240,GLH,58,48,10,355.00,"3,550.00"
2021-03-22,2021032205009239,GLH,58,20,10,355.00,"3,550.00"
2021-03-22,2021032205009238,GLH,58,47,10,355.00,"3,550.00"
2021-03-22,2021032205009237,GLH,58,28,10,355.00,"3,550.00"
2021-03-22,2021032205009236,GLH,58,6,10,355.00,"3,550.00"
2021-03-22,2021032205009251,GLH,38,8,10,355.00,"3,550.00"
2021-03-22,2021032205009250,GLH,38,45,10,355.00,"3,550.00"
2021-03-22,2021032205009249,GLH,38,8,10,355.00,"3,550.00"
2021-03-22,2021032205009248,GLH,38,34,10,355.00,"3,550.00"
2021-03-22,2021032205009247,GLH,38,8,10,355.00,"3,550.00"
2021-03-22,2021032205009243,GLH,57,34,10,352.00,"3,520.00"
2021-03-22,2021032205009257,GLH,38,58,10,355.00,"3,550.00"
2021-03-22,2021032205009256,GLH,38,58,10,355.00,"3,550.00"
2021-03-22,2021032205009255,GLH,38,58,10,355.00,"3,550.00"
2021-03-22,2021032205009254,GLH,38,49,10,355.00,"3,550.00"
2021-03-22,2021032205009253,GLH,38,33,10,355.00,"3,550.00"
2021-03-22,2021032205009252,GLH,38,38,10,355.00,"3,550.00"
2021-03-22,2021032205009263,GLH,38,45,10,355.00,"3,550.00"
2021-03-22,2021032205009262,GLH,38,54,10,355.00,"3,550.00"
2021-03-22,2021032205009261,GLH,38,45,10,355.00,"3,550.00"
2021-03-22,2021032205009260,GLH,38,56,10,355.00,"3,550.00"
2021-03-22,2021032205009259,GLH,38,58,10,355.00,"3,550.00"
2021-03-22,2021032205009258,GLH,38,45,10,355.00,"3,550.00"
2021-03-22,2021032205009292,GLH,49,53,10,355.00,"3,550.00"
2021-03-22,2021032205009285,GLH,38,56,10,355.00,"3,550.00"
2021-03-22,2021032205009284,GLH,38,17,10,355.00,"3,550.00"
2021-03-22,2021032205009266,GLH,38,40,10,355.00,"3,550.00"
2021-03-22,2021032205009265,GLH,38,57,10,355.00,"3,550.00"
2021-03-22,2021032205009264,GLH,38,56,10,355.00,"3,550.00"
2021-03-22,2021032205009317,GLH,16,19,10,355.00,"3,550.00"
2021-03-22,2021032205009316,GLH,16,57,10,355.00,"3,550.00"
2021-03-22,2021032205009315,GLH,16,25,10,355.00,"3,550.00"
2021-03-22,2021032205009314,GLH,16,6,10,355.00,"3,550.00"
2021-03-22,2021032205009309,GLH,34,48,10,354.00,"3,540.00"
2021-03-22,2021032205009297,GLH,26,58,10,355.00,"3,550.00"
2021-03-22,2021032205009323,GLH,16,50,10,355.00,"3,550.00"
2021-03-22,2021032205009322,GLH,16,34,10,355.00,"3,550.00"
2021-03-22,2021032205009321,GLH,16,58,10,355.00,"3,550.00"
2021-03-22,2021032205009320,GLH,16,57,10,355.00,"3,550.00"
2021-03-22,2021032205009319,GLH,16,47,10,355.00,"3,550.00"
2021-03-22,2021032205009318,GLH,16,46,10,355.00,"3,550.00"
2021-03-22,2021032205009336,GLH,42,48,10,352.00,"3,520.00"
2021-03-22,2021032205009334,GLH,44,43,10,355.00,"3,550.00"
2021-03-22,2021032205009333,GLH,44,43,10,355.00,"3,550.00"
2021-03-22,2021032205009332,GLH,44,32,10,355.00,"3,550.00"
2021-03-22,2021032205009331,GLH,44,55,10,355.00,"3,550.00"
2021-03-22,2021032205009325,GLH,46,48,10,353.00,"3,530.00"
2021-03-22,2021032205009357,GLH,6,19,10,352.00,"3,520.00"
2021-03-22,2021032205009353,GLH,42,19,10,352.00,"3,520.00"
2021-03-22,2021032205009350,GLH,42,38,10,352.00,"3,520.00"
2021-03-22,2021032205009349,GLH,42,48,10,352.00,"3,520.00"
2021-03-22,2021032205009342,GLH,42,48,10,352.00,"3,520.00"
2021-03-22,2021032205009340,GLH,26,55,10,355.00,"3,550.00"
2021-03-22,2021032205009415,GLH,17,36,10,355.00,"3,550.00"
2021-03-22,2021032205009414,GLH,6,17,10,352.00,"3,520.00"
2021-03-22,2021032205009397,GLH,6,45,10,352.00,"3,520.00"
2021-03-22,2021032205009392,GLH,6,48,10,352.00,"3,520.00"
2021-03-22,2021032205009383,GLH,6,57,10,352.00,"3,520.00"
2021-03-22,2021032205009360,GLH,6,35,10,352.00,"3,520.00"
2021-03-22,2021032205009421,GLH,17,1,10,355.00,"3,550.00"
2021-03-22,2021032205009420,GLH,17,35,10,355.00,"3,550.00"
2021-03-22,2021032205009419,GLH,17,57,10,355.00,"3,550.00"
2021-03-22,2021032205009418,GLH,17,49,10,355.00,"3,550.00"
2021-03-22,2021032205009417,GLH,17,42,10,355.00,"3,550.00"
2021-03-22,2021032205009416,GLH,17,58,10,355.00,"3,550.00"
2021-03-22,2021032205009427,GLH,17,58,10,355.00,"3,550.00"
2021-03-22,2021032205009426,GLH,17,56,10,355.00,"3,550.00"
2021-03-22,2021032205009425,GLH,17,58,10,355.00,"3,550.00"
2021-03-22,2021032205009424,GLH,17,32,10,355.00,"3,550.00"
2021-03-22,2021032205009423,GLH,17,55,10,355.00,"3,550.00"
2021-03-22,2021032205009422,GLH,17,11,10,355.00,"3,550.00"
2021-03-22,2021032205009433,GLH,17,43,10,355.00,"3,550.00"
2021-03-22,2021032205009432,GLH,17,8,10,355.00,"3,550.00"
2021-03-22,2021032205009431,GLH,17,41,10,355.00,"3,550.00"
2021-03-22,2021032205009430,GLH,17,34,10,355.00,"3,550.00"
2021-03-22,2021032205009429,GLH,17,57,10,355.00,"3,550.00"
2021-03-22,2021032205009428,GLH,17,25,10,355.00,"3,550.00"
2021-03-22,2021032205009439,GLH,17,58,10,355.00,"3,550.00"
2021-03-22,2021032205009438,GLH,17,14,10,355.00,"3,550.00"
2021-03-22,2021032205009437,GLH,17,43,10,355.00,"3,550.00"
2021-03-22,2021032205009436,GLH,17,28,10,355.00,"3,550.00"
2021-03-22,2021032205009435,GLH,17,58,10,355.00,"3,550.00"
2021-03-22,2021032205009434,GLH,17,49,10,355.00,"3,550.00"
2021-03-22,2021032205009445,GLH,17,58,10,355.00,"3,550.00"
2021-03-22,2021032205009444,GLH,17,58,10,355.00,"3,550.00"
2021-03-22,2021032205009443,GLH,17,50,10,355.00,"3,550.00"
2021-03-22,2021032205009442,GLH,17,14,10,355.00,"3,550.00"
2021-03-22,2021032205009441,GLH,17,25,10,355.00,"3,550.00"
2021-03-22,2021032205009440,GLH,17,41,10,355.00,"3,550.00"
2021-03-22,2021032205009451,GLH,42,21,10,355.00,"3,550.00"
2021-03-22,2021032205009450,GLH,42,5,10,355.00,"3,550.00"
2021-03-22,2021032205009449,GLH,17,17,10,355.00,"3,550.00"
2021-03-22,2021032205009448,GLH,17,4,10,355.00,"3,550.00"
2021-03-22,2021032205009447,GLH,17,41,10,355.00,"3,550.00"
2021-03-22,2021032205009446,GLH,17,32,10,355.00,"3,550.00"
2021-03-22,2021032205009489,GLH,42,14,10,355.00,"3,550.00"
2021-03-22,2021032205009462,GLH,42,14,10,355.00,"3,550.00"
2021-03-22,2021032205009461,GLH,42,45,10,355.00,"3,550.00"
2021-03-22,2021032205009458,GLH,42,42,10,355.00,"3,550.00"
2021-03-22,2021032205009455,GLH,42,22,10,355.00,"3,550.00"
2021-03-22,2021032205009454,GLH,42,25,10,355.00,"3,550.00"
2021-03-22,2021032205009530,GLH,13,42,10,353.00,"3,530.00"
2021-03-22,2021032205009526,GLH,6,45,10,352.00,"3,520.00"
2021-03-22,2021032205009512,GLH,6,13,10,352.00,"3,520.00"
2021-03-22,2021032205009511,GLH,6,47,10,352.00,"3,520.00"
2021-03-22,2021032205009495,GLH,42,29,10,355.00,"3,550.00"
2021-03-22,2021032205009490,GLH,42,19,10,355.00,"3,550.00"
