Date,Transact. No.,Symbol,Buyer,Seller,Quantity,Rate,Amount
2021-05-10,2021051005003661,MLBSL,37,52,10,"4,700.00","47,000.00"
2021-05-10,2021051005003660,MLBSL,37,35,10,"4,700.00","47,000.00"
2021-05-10,2021051005003659,MLBSL,37,55,10,"4,700.00","47,000.00"
2021-05-10,2021051005003658,MLBSL,37,47,10,"4,700.00","47,000.00"
2021-05-10,2021051005003657,MLBSL,37,26,10,"4,695.00","46,950.00"
2021-05-10,2021051005003652,MLBSL,57,39,10,"4,695.00","46,950.00"
2021-05-10,2021051005003178,MLBSL,50,26,10,"4,700.00","47,000.00"
2021-05-10,2021051005003177,MLBSL,51,58,10,"4,690.00","46,900.00"
2021-05-10,2021051005003175,MLBSL,25,58,10,"4,700.00","47,000.00"
2021-05-10,2021051005003174,MLBSL,25,28,10,"4,700.00","47,000.00"
2021-05-10,2021051005003172,MLBSL,51,49,10,"4,690.00","46,900.00"
2021-05-10,2021051005003189,MLBSL,51,6,10,"4,700.00","47,000.00"
2021-05-10,2021051005003188,MLBSL,51,6,10,"4,700.00","47,000.00"
2021-05-10,2021051005003186,MLBSL,51,45,10,"4,700.00","47,000.00"
2021-05-10,2021051005003182,MLBSL,51,35,10,"4,700.00","47,000.00"
2021-05-10,2021051005003180,MLBSL,50,41,10,"4,700.00","47,000.00"
2021-05-10,2021051005003179,MLBSL,50,25,10,"4,700.00","47,000.00"
2021-05-10,2021051005003206,MLBSL,38,34,10,"4,703.00","47,030.00"
2021-05-10,2021051005003204,MLBSL,51,53,10,"4,700.00","47,000.00"
2021-05-10,2021051005003200,MLBSL,14,7,10,"4,703.00","47,030.00"
2021-05-10,2021051005003199,MLBSL,51,3,10,"4,700.00","47,000.00"
2021-05-10,2021051005003196,MLBSL,51,58,10,"4,700.00","47,000.00"
2021-05-10,2021051005003191,MLBSL,51,41,10,"4,700.00","47,000.00"
2021-05-10,2021051005003212,MLBSL,51,34,20,"4,700.00","94,000.00"
2021-05-10,2021051005003211,MLBSL,45,34,60,"4,705.00","282,300.00"
2021-05-10,2021051005003210,MLBSL,45,43,10,"4,705.00","47,050.00"
2021-05-10,2021051005003209,MLBSL,45,45,10,"4,705.00","47,050.00"
2021-05-10,2021051005003208,MLBSL,45,26,10,"4,705.00","47,050.00"
2021-05-10,2021051005003207,MLBSL,45,58,10,"4,703.00","47,030.00"
2021-05-10,2021051005003227,MLBSL,4,7,10,"4,703.00","47,030.00"
2021-05-10,2021051005003226,MLBSL,4,6,10,"4,703.00","47,030.00"
2021-05-10,2021051005003222,MLBSL,52,49,10,"4,710.00","47,100.00"
2021-05-10,2021051005003216,MLBSL,45,10,10,"4,703.00","47,030.00"
2021-05-10,2021051005003215,MLBSL,45,39,10,"4,703.00","47,030.00"
2021-05-10,2021051005003213,MLBSL,50,34,55,"4,700.00","258,500.00"
2021-05-10,2021051005003239,MLBSL,14,5,10,"4,725.00","47,250.00"
2021-05-10,2021051005003238,MLBSL,14,58,10,"4,720.00","47,200.00"
2021-05-10,2021051005003237,MLBSL,14,49,10,"4,720.00","47,200.00"
2021-05-10,2021051005003236,MLBSL,14,45,10,"4,720.00","47,200.00"
2021-05-10,2021051005003235,MLBSL,14,52,10,"4,710.00","47,100.00"
2021-05-10,2021051005003228,MLBSL,4,45,10,"4,703.00","47,030.00"
2021-05-10,2021051005003245,MLBSL,14,8,10,"4,740.00","47,400.00"
2021-05-10,2021051005003244,MLBSL,14,59,10,"4,740.00","47,400.00"
2021-05-10,2021051005003243,MLBSL,14,35,10,"4,740.00","47,400.00"
2021-05-10,2021051005003242,MLBSL,14,57,10,"4,730.00","47,300.00"
2021-05-10,2021051005003241,MLBSL,14,45,10,"4,730.00","47,300.00"
2021-05-10,2021051005003240,MLBSL,14,58,10,"4,725.00","47,250.00"
2021-05-10,2021051005003251,MLBSL,14,59,10,"4,746.00","47,460.00"
2021-05-10,2021051005003250,MLBSL,14,53,10,"4,745.00","47,450.00"
2021-05-10,2021051005003249,MLBSL,14,58,10,"4,743.00","47,430.00"
2021-05-10,2021051005003248,MLBSL,14,19,10,"4,743.00","47,430.00"
2021-05-10,2021051005003247,MLBSL,14,11,10,"4,743.00","47,430.00"
2021-05-10,2021051005003246,MLBSL,14,58,10,"4,740.00","47,400.00"
2021-05-10,2021051005003259,MLBSL,14,34,10,"4,730.00","47,300.00"
2021-05-10,2021051005003257,MLBSL,4,19,10,"4,703.00","47,030.00"
2021-05-10,2021051005003256,MLBSL,4,45,10,"4,703.00","47,030.00"
2021-05-10,2021051005003254,MLBSL,14,52,10,"4,749.00","47,490.00"
2021-05-10,2021051005003253,MLBSL,14,58,10,"4,749.00","47,490.00"
2021-05-10,2021051005003252,MLBSL,14,58,10,"4,746.00","47,460.00"
2021-05-10,2021051005003265,MLBSL,14,57,10,"4,775.00","47,750.00"
2021-05-10,2021051005003264,MLBSL,14,7,10,"4,750.00","47,500.00"
2021-05-10,2021051005003263,MLBSL,14,32,10,"4,750.00","47,500.00"
2021-05-10,2021051005003262,MLBSL,14,35,10,"4,750.00","47,500.00"
2021-05-10,2021051005003261,MLBSL,14,16,10,"4,750.00","47,500.00"
2021-05-10,2021051005003260,MLBSL,14,41,10,"4,749.00","47,490.00"
2021-05-10,2021051005003271,MLBSL,14,39,10,"4,794.00","47,940.00"
2021-05-10,2021051005003270,MLBSL,14,17,10,"4,794.00","47,940.00"
2021-05-10,2021051005003269,MLBSL,14,1,10,"4,790.00","47,900.00"
2021-05-10,2021051005003268,MLBSL,14,56,10,"4,790.00","47,900.00"
2021-05-10,2021051005003267,MLBSL,14,57,10,"4,789.00","47,890.00"
2021-05-10,2021051005003266,MLBSL,14,4,10,"4,783.00","47,830.00"
2021-05-10,2021051005003277,MLBSL,14,59,10,"4,794.00","47,940.00"
2021-05-10,2021051005003276,MLBSL,14,45,10,"4,794.00","47,940.00"
2021-05-10,2021051005003275,MLBSL,14,8,10,"4,794.00","47,940.00"
2021-05-10,2021051005003274,MLBSL,14,57,20,"4,794.00","95,880.00"
2021-05-10,2021051005003273,MLBSL,14,44,10,"4,794.00","47,940.00"
2021-05-10,2021051005003272,MLBSL,14,38,10,"4,794.00","47,940.00"
2021-05-10,2021051005003284,MLBSL,14,57,10,"4,797.00","47,970.00"
2021-05-10,2021051005003283,MLBSL,14,42,10,"4,795.00","47,950.00"
2021-05-10,2021051005003282,MLBSL,14,52,10,"4,794.00","47,940.00"
2021-05-10,2021051005003281,MLBSL,14,22,10,"4,745.00","47,450.00"
2021-05-10,2021051005003279,MLBSL,4,48,10,"4,703.00","47,030.00"
2021-05-10,2021051005003278,MLBSL,51,46,10,"4,705.00","47,050.00"
2021-05-10,2021051005003290,MLBSL,14,25,10,"4,799.00","47,990.00"
2021-05-10,2021051005003289,MLBSL,14,47,10,"4,797.00","47,970.00"
2021-05-10,2021051005003288,MLBSL,14,50,10,"4,797.00","47,970.00"
2021-05-10,2021051005003287,MLBSL,14,29,10,"4,797.00","47,970.00"
2021-05-10,2021051005003286,MLBSL,14,35,10,"4,797.00","47,970.00"
2021-05-10,2021051005003285,MLBSL,14,58,10,"4,797.00","47,970.00"
2021-05-10,2021051005003307,MLBSL,34,40,10,"4,705.00","47,050.00"
2021-05-10,2021051005003295,MLBSL,14,29,10,"4,800.00","48,000.00"
2021-05-10,2021051005003294,MLBSL,14,45,10,"4,799.00","47,990.00"
2021-05-10,2021051005003293,MLBSL,14,21,10,"4,799.00","47,990.00"
2021-05-10,2021051005003292,MLBSL,14,21,10,"4,799.00","47,990.00"
2021-05-10,2021051005003291,MLBSL,14,35,10,"4,799.00","47,990.00"
2021-05-10,2021051005003319,MLBSL,47,57,10,"4,701.00","47,010.00"
2021-05-10,2021051005003317,MLBSL,47,58,10,"4,701.00","47,010.00"
2021-05-10,2021051005003315,MLBSL,47,1,10,"4,701.00","47,010.00"
2021-05-10,2021051005003314,MLBSL,47,58,10,"4,701.00","47,010.00"
2021-05-10,2021051005003311,MLBSL,59,34,10,"4,702.00","47,020.00"
2021-05-10,2021051005003308,MLBSL,58,17,10,"4,705.00","47,050.00"
2021-05-10,2021051005003333,MLBSL,50,34,10,"4,700.00","47,000.00"
2021-05-10,2021051005003331,MLBSL,50,40,10,"4,700.00","47,000.00"
2021-05-10,2021051005003329,MLBSL,59,39,10,"4,701.00","47,010.00"
2021-05-10,2021051005003328,MLBSL,50,44,10,"4,700.00","47,000.00"
2021-05-10,2021051005003325,MLBSL,58,57,10,"4,701.00","47,010.00"
2021-05-10,2021051005003324,MLBSL,47,41,10,"4,701.00","47,010.00"
2021-05-10,2021051005003345,MLBSL,50,56,10,"4,700.00","47,000.00"
2021-05-10,2021051005003344,MLBSL,50,36,10,"4,700.00","47,000.00"
2021-05-10,2021051005003342,MLBSL,50,55,10,"4,700.00","47,000.00"
2021-05-10,2021051005003341,MLBSL,50,48,10,"4,700.00","47,000.00"
2021-05-10,2021051005003338,MLBSL,50,39,10,"4,700.00","47,000.00"
2021-05-10,2021051005003335,MLBSL,50,53,10,"4,700.00","47,000.00"
2021-05-10,2021051005003362,MLBSL,50,42,10,"4,700.00","47,000.00"
2021-05-10,2021051005003358,MLBSL,50,38,10,"4,700.00","47,000.00"
2021-05-10,2021051005003356,MLBSL,50,21,10,"4,700.00","47,000.00"
2021-05-10,2021051005003354,MLBSL,36,22,10,"4,725.00","47,250.00"
2021-05-10,2021051005003351,MLBSL,32,51,10,"4,745.00","47,450.00"
2021-05-10,2021051005003348,MLBSL,32,34,10,"4,745.00","47,450.00"
2021-05-10,2021051005003372,MLBSL,50,52,10,"4,662.00","46,620.00"
2021-05-10,2021051005003370,MLBSL,13,41,10,"4,700.00","47,000.00"
2021-05-10,2021051005003367,MLBSL,13,29,10,"4,700.00","47,000.00"
2021-05-10,2021051005003366,MLBSL,13,29,10,"4,700.00","47,000.00"
2021-05-10,2021051005003365,MLBSL,57,57,5,"4,653.00","23,265.00"
2021-05-10,2021051005003364,MLBSL,13,40,10,"4,700.00","47,000.00"
2021-05-10,2021051005003423,MLBSL,17,29,10,"4,700.00","47,000.00"
2021-05-10,2021051005003408,MLBSL,14,17,10,"4,663.00","46,630.00"
2021-05-10,2021051005003406,MLBSL,57,52,10,"4,662.00","46,620.00"
2021-05-10,2021051005003405,MLBSL,57,42,10,"4,662.00","46,620.00"
2021-05-10,2021051005003398,MLBSL,47,17,10,"4,661.00","46,610.00"
2021-05-10,2021051005003373,MLBSL,50,51,10,"4,662.00","46,620.00"
2021-05-10,2021051005003454,MLBSL,19,39,10,"4,670.00","46,700.00"
2021-05-10,2021051005003452,MLBSL,14,47,10,"4,670.00","46,700.00"
2021-05-10,2021051005003448,MLBSL,14,43,10,"4,667.00","46,670.00"
2021-05-10,2021051005003446,MLBSL,45,49,10,"4,670.00","46,700.00"
2021-05-10,2021051005003441,MLBSL,14,34,10,"4,667.00","46,670.00"
2021-05-10,2021051005003424,MLBSL,17,6,10,"4,700.00","47,000.00"
2021-05-10,2021051005003482,MLBSL,42,49,10,"4,680.00","46,800.00"
2021-05-10,2021051005003481,MLBSL,42,34,10,"4,670.00","46,700.00"
2021-05-10,2021051005003466,MLBSL,45,49,10,"4,670.00","46,700.00"
2021-05-10,2021051005003464,MLBSL,45,38,10,"4,670.00","46,700.00"
2021-05-10,2021051005003463,MLBSL,42,40,10,"4,695.00","46,950.00"
2021-05-10,2021051005003455,MLBSL,26,48,10,"4,670.00","46,700.00"
2021-05-10,2021051005003514,MLBSL,45,58,10,"4,664.00","46,640.00"
2021-05-10,2021051005003504,MLBSL,41,58,10,"4,670.00","46,700.00"
2021-05-10,2021051005003503,MLBSL,14,58,10,"4,663.00","46,630.00"
2021-05-10,2021051005003499,MLBSL,26,32,10,"4,670.00","46,700.00"
2021-05-10,2021051005003495,MLBSL,14,52,10,"4,665.00","46,650.00"
2021-05-10,2021051005003492,MLBSL,14,34,10,"4,665.00","46,650.00"
2021-05-10,2021051005003532,MLBSL,14,29,10,"4,665.00","46,650.00"
2021-05-10,2021051005003528,MLBSL,45,29,10,"4,664.00","46,640.00"
2021-05-10,2021051005003521,MLBSL,58,25,10,"4,670.00","46,700.00"
2021-05-10,2021051005003519,MLBSL,45,57,10,"4,664.00","46,640.00"
2021-05-10,2021051005003517,MLBSL,45,1,10,"4,664.00","46,640.00"
2021-05-10,2021051005003516,MLBSL,42,10,10,"4,670.00","46,700.00"
2021-05-10,2021051005003545,MLBSL,10,58,10,"4,670.00","46,700.00"
2021-05-10,2021051005003542,MLBSL,47,43,10,"4,661.00","46,610.00"
2021-05-10,2021051005003539,MLBSL,14,43,20,"4,662.00","93,240.00"
2021-05-10,2021051005003538,MLBSL,4,43,10,"4,663.00","46,630.00"
2021-05-10,2021051005003537,MLBSL,45,43,10,"4,664.00","46,640.00"
2021-05-10,2021051005003535,MLBSL,14,25,10,"4,665.00","46,650.00"
2021-05-10,2021051005003551,MLBSL,10,46,10,"4,690.00","46,900.00"
2021-05-10,2021051005003550,MLBSL,10,50,10,"4,690.00","46,900.00"
2021-05-10,2021051005003549,MLBSL,10,4,10,"4,689.00","46,890.00"
2021-05-10,2021051005003548,MLBSL,10,57,100,"4,684.00","468,400.00"
2021-05-10,2021051005003547,MLBSL,10,57,100,"4,682.00","468,200.00"
2021-05-10,2021051005003546,MLBSL,10,34,10,"4,680.00","46,800.00"
2021-05-10,2021051005003557,MLBSL,10,58,10,"4,700.00","47,000.00"
2021-05-10,2021051005003556,MLBSL,10,44,10,"4,700.00","47,000.00"
2021-05-10,2021051005003555,MLBSL,10,25,10,"4,700.00","47,000.00"
2021-05-10,2021051005003554,MLBSL,10,58,10,"4,700.00","47,000.00"
2021-05-10,2021051005003553,MLBSL,10,47,10,"4,699.00","46,990.00"
2021-05-10,2021051005003552,MLBSL,10,8,10,"4,695.00","46,950.00"
2021-05-10,2021051005003574,MLBSL,14,52,10,"4,662.00","46,620.00"
2021-05-10,2021051005003567,MLBSL,29,17,10,"4,670.00","46,700.00"
2021-05-10,2021051005003566,MLBSL,22,49,10,"4,670.00","46,700.00"
2021-05-10,2021051005003565,MLBSL,47,17,10,"4,661.00","46,610.00"
2021-05-10,2021051005003559,MLBSL,10,58,10,"4,700.00","47,000.00"
2021-05-10,2021051005003558,MLBSL,10,33,10,"4,700.00","47,000.00"
2021-05-10,2021051005003614,MLBSL,52,3,10,"4,683.00","46,830.00"
2021-05-10,2021051005003612,MLBSL,42,48,10,"4,666.00","46,660.00"
2021-05-10,2021051005003602,MLBSL,57,25,10,"4,665.00","46,650.00"
2021-05-10,2021051005003601,MLBSL,57,43,10,"4,685.00","46,850.00"
2021-05-10,2021051005003580,MLBSL,58,17,10,"4,690.00","46,900.00"
2021-05-10,2021051005003577,MLBSL,57,38,10,"4,663.00","46,630.00"
2021-05-10,2021051005003634,MLBSL,53,42,10,"4,697.00","46,970.00"
2021-05-10,2021051005003633,MLBSL,53,58,10,"4,695.00","46,950.00"
2021-05-10,2021051005003630,MLBSL,52,50,10,"4,690.00","46,900.00"
2021-05-10,2021051005003628,MLBSL,28,22,10,"4,694.00","46,940.00"
2021-05-10,2021051005003625,MLBSL,52,58,10,"4,690.00","46,900.00"
2021-05-10,2021051005003618,MLBSL,52,53,10,"4,690.00","46,900.00"
2021-05-10,2021051005003642,MLBSL,37,32,10,"4,700.00","47,000.00"
2021-05-10,2021051005003641,MLBSL,37,38,10,"4,700.00","47,000.00"
2021-05-10,2021051005003640,MLBSL,37,54,10,"4,699.00","46,990.00"
2021-05-10,2021051005003638,MLBSL,52,35,10,"4,690.00","46,900.00"
2021-05-10,2021051005003636,MLBSL,53,58,10,"4,699.00","46,990.00"
2021-05-10,2021051005003635,MLBSL,53,49,10,"4,699.00","46,990.00"
2021-05-10,2021051005003648,MLBSL,44,16,10,"4,695.00","46,950.00"
2021-05-10,2021051005003647,MLBSL,39,58,10,"4,700.00","47,000.00"
2021-05-10,2021051005003646,MLBSL,39,46,10,"4,700.00","47,000.00"
2021-05-10,2021051005003645,MLBSL,39,58,10,"4,700.00","47,000.00"
2021-05-10,2021051005003644,MLBSL,37,58,10,"4,700.00","47,000.00"
2021-05-10,2021051005003643,MLBSL,37,6,10,"4,700.00","47,000.00"
2021-05-10,2021051005003656,NICLBSL,46,40,10,"1,780.00","17,800.00"
2021-05-10,2021051005003655,NICLBSL,6,5,10,"1,780.00","17,800.00"
2021-05-10,2021051005003654,NICLBSL,7,53,5,"1,780.00","8,900.00"
2021-05-10,2021051005003653,NICLBSL,7,25,10,"1,780.00","17,800.00"
2021-05-10,2021051005003651,NICLBSL,7,14,10,"1,780.00","17,800.00"
2021-05-10,2021051005003650,NICLBSL,59,14,90,"1,780.00","160,200.00"
2021-05-10,2021051005003166,NICLBSL,17,34,10,"1,780.00","17,800.00"
2021-05-10,2021051005003165,NICLBSL,17,41,10,"1,780.00","17,800.00"
2021-05-10,2021051005003164,NICLBSL,38,43,45,"1,783.00","80,235.00"
2021-05-10,2021051005003163,NICLBSL,38,39,10,"1,782.00","17,820.00"
2021-05-10,2021051005003162,NICLBSL,17,21,10,"1,780.00","17,800.00"
2021-05-10,2021051005003173,NICLBSL,58,52,10,"1,779.00","17,790.00"
2021-05-10,2021051005003171,NICLBSL,58,29,20,"1,779.00","35,580.00"
2021-05-10,2021051005003170,NICLBSL,58,21,10,"1,779.00","17,790.00"
2021-05-10,2021051005003169,NICLBSL,17,34,10,"1,780.00","17,800.00"
2021-05-10,2021051005003168,NICLBSL,17,52,10,"1,780.00","17,800.00"
2021-05-10,2021051005003167,NICLBSL,16,43,150,"1,783.00","267,450.00"
2021-05-10,2021051005003190,NICLBSL,58,34,10,"1,779.00","17,790.00"
2021-05-10,2021051005003187,NICLBSL,58,57,10,"1,779.00","17,790.00"
2021-05-10,2021051005003184,NICLBSL,49,38,10,"1,780.00","17,800.00"
2021-05-10,2021051005003183,NICLBSL,58,34,10,"1,779.00","17,790.00"
2021-05-10,2021051005003181,NICLBSL,58,38,20,"1,779.00","35,580.00"
2021-05-10,2021051005003176,NICLBSL,58,29,41,"1,779.00","72,939.00"
2021-05-10,2021051005003201,NICLBSL,58,45,10,"1,779.00","17,790.00"
2021-05-10,2021051005003197,NICLBSL,58,47,10,"1,779.00","17,790.00"
2021-05-10,2021051005003195,NICLBSL,58,34,10,"1,779.00","17,790.00"
2021-05-10,2021051005003194,NICLBSL,58,50,10,"1,779.00","17,790.00"
2021-05-10,2021051005003193,NICLBSL,39,38,100,"1,780.00","178,000.00"
2021-05-10,2021051005003192,NICLBSL,58,47,10,"1,779.00","17,790.00"
2021-05-10,2021051005003218,NICLBSL,58,41,10,"1,779.00","17,790.00"
2021-05-10,2021051005003217,NICLBSL,58,34,10,"1,779.00","17,790.00"
2021-05-10,2021051005003214,NICLBSL,58,13,10,"1,779.00","17,790.00"
2021-05-10,2021051005003205,NICLBSL,29,38,50,"1,780.00","89,000.00"
2021-05-10,2021051005003203,NICLBSL,58,34,10,"1,779.00","17,790.00"
2021-05-10,2021051005003202,NICLBSL,58,47,10,"1,779.00","17,790.00"
2021-05-10,2021051005003225,NICLBSL,52,58,20,"1,780.00","35,600.00"
2021-05-10,2021051005003224,NICLBSL,52,1,10,"1,780.00","17,800.00"
2021-05-10,2021051005003223,NICLBSL,58,5,20,"1,779.00","35,580.00"
2021-05-10,2021051005003221,NICLBSL,39,53,50,"1,780.00","89,000.00"
2021-05-10,2021051005003220,NICLBSL,21,53,25,"1,780.00","44,500.00"
2021-05-10,2021051005003219,NICLBSL,21,38,140,"1,780.00","249,200.00"
2021-05-10,2021051005003255,NICLBSL,14,34,10,"1,779.00","17,790.00"
2021-05-10,2021051005003234,NICLBSL,14,44,112,"1,779.00","199,248.00"
2021-05-10,2021051005003233,NICLBSL,14,48,10,"1,779.00","17,790.00"
2021-05-10,2021051005003231,NICLBSL,58,6,26,"1,779.00","46,254.00"
2021-05-10,2021051005003230,NICLBSL,58,34,10,"1,779.00","17,790.00"
2021-05-10,2021051005003229,NICLBSL,52,34,10,"1,780.00","17,800.00"
2021-05-10,2021051005003299,NICLBSL,16,37,20,"1,780.00","35,600.00"
2021-05-10,2021051005003298,NICLBSL,49,43,40,"1,783.00","71,320.00"
2021-05-10,2021051005003297,NICLBSL,49,57,10,"1,782.00","17,820.00"
2021-05-10,2021051005003296,NICLBSL,16,37,10,"1,780.00","17,800.00"
2021-05-10,2021051005003280,NICLBSL,16,34,10,"1,780.00","17,800.00"
2021-05-10,2021051005003258,NICLBSL,55,58,10,"1,782.00","17,820.00"
2021-05-10,2021051005003305,NICLBSL,16,59,10,"1,780.00","17,800.00"
2021-05-10,2021051005003304,NICLBSL,16,21,10,"1,780.00","17,800.00"
2021-05-10,2021051005003303,NICLBSL,16,45,10,"1,780.00","17,800.00"
2021-05-10,2021051005003302,NICLBSL,16,4,10,"1,780.00","17,800.00"
2021-05-10,2021051005003301,NICLBSL,16,35,10,"1,780.00","17,800.00"
2021-05-10,2021051005003300,NICLBSL,16,41,10,"1,780.00","17,800.00"
2021-05-10,2021051005003316,NICLBSL,28,25,10,"1,782.00","17,820.00"
2021-05-10,2021051005003313,NICLBSL,42,42,10,"1,781.00","17,810.00"
2021-05-10,2021051005003312,NICLBSL,42,47,20,"1,781.00","35,620.00"
2021-05-10,2021051005003310,NICLBSL,42,25,10,"1,781.00","17,810.00"
2021-05-10,2021051005003309,NICLBSL,42,32,10,"1,781.00","17,810.00"
2021-05-10,2021051005003306,NICLBSL,16,35,10,"1,780.00","17,800.00"
2021-05-10,2021051005003326,NICLBSL,28,48,10,"1,782.00","17,820.00"
2021-05-10,2021051005003323,NICLBSL,58,32,10,"1,783.00","17,830.00"
2021-05-10,2021051005003322,NICLBSL,58,21,10,"1,783.00","17,830.00"
2021-05-10,2021051005003321,NICLBSL,58,35,20,"1,783.00","35,660.00"
2021-05-10,2021051005003320,NICLBSL,58,43,245,"1,783.00","436,835.00"
2021-05-10,2021051005003318,NICLBSL,28,21,20,"1,782.00","35,640.00"
2021-05-10,2021051005003340,NICLBSL,19,22,10,"1,783.00","17,830.00"
2021-05-10,2021051005003339,NICLBSL,19,16,10,"1,783.00","17,830.00"
2021-05-10,2021051005003337,NICLBSL,28,20,10,"1,782.00","17,820.00"
2021-05-10,2021051005003332,NICLBSL,28,29,10,"1,782.00","17,820.00"
2021-05-10,2021051005003330,NICLBSL,28,42,10,"1,782.00","17,820.00"
2021-05-10,2021051005003327,NICLBSL,28,29,10,"1,782.00","17,820.00"
2021-05-10,2021051005003352,NICLBSL,28,45,80,"1,784.00","142,720.00"
2021-05-10,2021051005003350,NICLBSL,28,49,10,"1,784.00","17,840.00"
2021-05-10,2021051005003349,NICLBSL,28,50,10,"1,784.00","17,840.00"
2021-05-10,2021051005003347,NICLBSL,28,22,10,"1,784.00","17,840.00"
2021-05-10,2021051005003346,NICLBSL,28,14,10,"1,784.00","17,840.00"
2021-05-10,2021051005003343,NICLBSL,19,49,10,"1,783.00","17,830.00"
2021-05-10,2021051005003361,NICLBSL,19,49,10,"1,783.00","17,830.00"
2021-05-10,2021051005003360,NICLBSL,19,49,10,"1,783.00","17,830.00"
2021-05-10,2021051005003359,NICLBSL,19,16,10,"1,783.00","17,830.00"
2021-05-10,2021051005003357,NICLBSL,19,4,10,"1,783.00","17,830.00"
2021-05-10,2021051005003355,NICLBSL,19,16,10,"1,783.00","17,830.00"
2021-05-10,2021051005003353,NICLBSL,19,45,20,"1,783.00","35,660.00"
2021-05-10,2021051005003375,NICLBSL,19,34,58,"1,785.00","103,530.00"
2021-05-10,2021051005003374,NICLBSL,21,50,10,"1,784.00","17,840.00"
2021-05-10,2021051005003371,NICLBSL,21,49,10,"1,783.00","17,830.00"
2021-05-10,2021051005003369,NICLBSL,42,1,10,"1,783.00","17,830.00"
2021-05-10,2021051005003368,NICLBSL,19,1,90,"1,783.00","160,470.00"
2021-05-10,2021051005003363,NICLBSL,19,16,10,"1,783.00","17,830.00"
2021-05-10,2021051005003381,NICLBSL,19,55,20,"1,785.00","35,700.00"
2021-05-10,2021051005003380,NICLBSL,19,19,50,"1,785.00","89,250.00"
2021-05-10,2021051005003379,NICLBSL,19,34,20,"1,785.00","35,700.00"
2021-05-10,2021051005003378,NICLBSL,19,6,10,"1,785.00","17,850.00"
2021-05-10,2021051005003377,NICLBSL,19,54,10,"1,785.00","17,850.00"
2021-05-10,2021051005003376,NICLBSL,19,17,10,"1,785.00","17,850.00"
2021-05-10,2021051005003387,NICLBSL,19,45,10,"1,785.00","17,850.00"
2021-05-10,2021051005003386,NICLBSL,19,49,10,"1,785.00","17,850.00"
2021-05-10,2021051005003385,NICLBSL,19,49,10,"1,785.00","17,850.00"
2021-05-10,2021051005003384,NICLBSL,19,25,10,"1,785.00","17,850.00"
2021-05-10,2021051005003383,NICLBSL,19,42,66,"1,785.00","117,810.00"
2021-05-10,2021051005003382,NICLBSL,19,51,19,"1,785.00","33,915.00"
2021-05-10,2021051005003393,NICLBSL,17,42,10,"1,786.00","17,860.00"
2021-05-10,2021051005003392,NICLBSL,17,38,30,"1,786.00","53,580.00"
2021-05-10,2021051005003391,NICLBSL,21,36,10,"1,784.00","17,840.00"
2021-05-10,2021051005003390,NICLBSL,21,4,10,"1,784.00","17,840.00"
2021-05-10,2021051005003389,NICLBSL,47,39,3,"1,785.00","5,355.00"
2021-05-10,2021051005003388,NICLBSL,19,39,47,"1,785.00","83,895.00"
2021-05-10,2021051005003401,NICLBSL,17,46,10,"1,784.00","17,840.00"
2021-05-10,2021051005003400,NICLBSL,17,47,10,"1,784.00","17,840.00"
2021-05-10,2021051005003399,NICLBSL,41,35,10,"1,782.00","17,820.00"
2021-05-10,2021051005003397,NICLBSL,49,52,10,"1,782.00","17,820.00"
2021-05-10,2021051005003396,NICLBSL,21,46,10,"1,784.00","17,840.00"
2021-05-10,2021051005003394,NICLBSL,17,21,10,"1,786.00","17,860.00"
2021-05-10,2021051005003410,NICLBSL,58,21,10,"1,784.00","17,840.00"
2021-05-10,2021051005003409,NICLBSL,58,46,10,"1,784.00","17,840.00"
2021-05-10,2021051005003407,NICLBSL,41,47,10,"1,782.00","17,820.00"
2021-05-10,2021051005003404,NICLBSL,17,53,10,"1,784.00","17,840.00"
2021-05-10,2021051005003403,NICLBSL,17,4,10,"1,784.00","17,840.00"
2021-05-10,2021051005003402,NICLBSL,17,36,10,"1,784.00","17,840.00"
2021-05-10,2021051005003416,NICLBSL,25,6,10,"1,782.00","17,820.00"
2021-05-10,2021051005003415,NICLBSL,41,36,10,"1,782.00","17,820.00"
2021-05-10,2021051005003414,NICLBSL,41,57,10,"1,782.00","17,820.00"
2021-05-10,2021051005003413,NICLBSL,41,34,10,"1,782.00","17,820.00"
2021-05-10,2021051005003412,NICLBSL,58,32,10,"1,784.00","17,840.00"
2021-05-10,2021051005003411,NICLBSL,58,49,10,"1,784.00","17,840.00"
2021-05-10,2021051005003422,NICLBSL,45,34,10,"1,782.00","17,820.00"
2021-05-10,2021051005003421,NICLBSL,45,6,10,"1,782.00","17,820.00"
2021-05-10,2021051005003420,NICLBSL,45,49,10,"1,782.00","17,820.00"
2021-05-10,2021051005003419,NICLBSL,42,1,20,"1,781.00","35,620.00"
2021-05-10,2021051005003418,NICLBSL,25,35,10,"1,782.00","17,820.00"
2021-05-10,2021051005003417,NICLBSL,25,16,10,"1,782.00","17,820.00"
2021-05-10,2021051005003430,NICLBSL,45,33,110,"1,782.00","196,020.00"
2021-05-10,2021051005003429,NICLBSL,45,45,10,"1,782.00","17,820.00"
2021-05-10,2021051005003428,NICLBSL,45,34,10,"1,782.00","17,820.00"
2021-05-10,2021051005003427,NICLBSL,45,45,10,"1,782.00","17,820.00"
2021-05-10,2021051005003426,NICLBSL,45,4,10,"1,782.00","17,820.00"
2021-05-10,2021051005003425,NICLBSL,45,51,20,"1,782.00","35,640.00"
2021-05-10,2021051005003436,NICLBSL,57,34,10,"1,783.00","17,830.00"
2021-05-10,2021051005003435,NICLBSL,57,48,10,"1,782.00","17,820.00"
2021-05-10,2021051005003434,NICLBSL,42,34,10,"1,781.00","17,810.00"
2021-05-10,2021051005003433,NICLBSL,42,49,10,"1,781.00","17,810.00"
2021-05-10,2021051005003432,NICLBSL,42,34,10,"1,781.00","17,810.00"
2021-05-10,2021051005003431,NICLBSL,58,33,100,"1,782.00","178,200.00"
2021-05-10,2021051005003443,NICLBSL,58,6,10,"1,782.00","17,820.00"
2021-05-10,2021051005003442,NICLBSL,58,34,10,"1,782.00","17,820.00"
2021-05-10,2021051005003440,NICLBSL,58,1,20,"1,782.00","35,640.00"
2021-05-10,2021051005003439,NICLBSL,39,55,10,"1,783.00","17,830.00"
2021-05-10,2021051005003438,NICLBSL,39,47,10,"1,783.00","17,830.00"
2021-05-10,2021051005003437,NICLBSL,52,34,20,"1,781.00","35,620.00"
2021-05-10,2021051005003453,NICLBSL,58,45,10,"1,782.00","17,820.00"
2021-05-10,2021051005003450,NICLBSL,58,17,10,"1,782.00","17,820.00"
2021-05-10,2021051005003449,NICLBSL,58,4,10,"1,782.00","17,820.00"
2021-05-10,2021051005003447,NICLBSL,58,34,10,"1,782.00","17,820.00"
2021-05-10,2021051005003445,NICLBSL,58,26,10,"1,782.00","17,820.00"
2021-05-10,2021051005003444,NICLBSL,58,34,10,"1,782.00","17,820.00"
2021-05-10,2021051005003461,NICLBSL,45,34,10,"1,782.00","17,820.00"
2021-05-10,2021051005003460,NICLBSL,52,39,10,"1,781.00","17,810.00"
2021-05-10,2021051005003459,NICLBSL,37,10,1,"1,782.00","1,782.00"
2021-05-10,2021051005003458,NICLBSL,22,10,50,"1,782.00","89,100.00"
2021-05-10,2021051005003457,NICLBSL,52,39,10,"1,781.00","17,810.00"
2021-05-10,2021051005003456,NICLBSL,52,38,20,"1,781.00","35,620.00"
2021-05-10,2021051005003471,NICLBSL,58,55,20,"1,782.00","35,640.00"
2021-05-10,2021051005003470,NICLBSL,45,55,10,"1,782.00","17,820.00"
2021-05-10,2021051005003469,NICLBSL,45,1,10,"1,782.00","17,820.00"
2021-05-10,2021051005003468,NICLBSL,45,35,10,"1,782.00","17,820.00"
2021-05-10,2021051005003465,NICLBSL,45,35,10,"1,782.00","17,820.00"
2021-05-10,2021051005003462,NICLBSL,45,32,10,"1,782.00","17,820.00"
2021-05-10,2021051005003477,NICLBSL,45,55,200,"1,781.00","356,200.00"
2021-05-10,2021051005003476,NICLBSL,25,55,20,"1,781.00","35,620.00"
2021-05-10,2021051005003475,NICLBSL,57,55,50,"1,781.00","89,050.00"
2021-05-10,2021051005003474,NICLBSL,26,55,10,"1,781.00","17,810.00"
2021-05-10,2021051005003473,NICLBSL,52,55,40,"1,781.00","71,240.00"
2021-05-10,2021051005003472,NICLBSL,58,55,30,"1,782.00","53,460.00"
2021-05-10,2021051005003485,NICLBSL,14,21,10,"1,782.00","17,820.00"
2021-05-10,2021051005003484,NICLBSL,14,5,100,"1,782.00","178,200.00"
2021-05-10,2021051005003483,NICLBSL,10,35,10,"1,780.00","17,800.00"
2021-05-10,2021051005003480,NICLBSL,10,55,56,"1,780.00","99,680.00"
2021-05-10,2021051005003479,NICLBSL,16,55,90,"1,780.00","160,200.00"
2021-05-10,2021051005003478,NICLBSL,28,55,14,"1,781.00","24,934.00"
2021-05-10,2021051005003491,NICLBSL,26,48,16,"1,780.00","28,480.00"
2021-05-10,2021051005003490,NICLBSL,4,48,100,"1,780.00","178,000.00"
2021-05-10,2021051005003489,NICLBSL,10,48,134,"1,780.00","238,520.00"
2021-05-10,2021051005003488,NICLBSL,59,48,100,"1,781.00","178,100.00"
2021-05-10,2021051005003487,NICLBSL,33,48,10,"1,782.00","17,820.00"
2021-05-10,2021051005003486,NICLBSL,14,48,40,"1,782.00","71,280.00"
2021-05-10,2021051005003500,NICLBSL,29,36,20,"1,780.00","35,600.00"
2021-05-10,2021051005003498,NICLBSL,16,1,10,"1,780.00","17,800.00"
2021-05-10,2021051005003497,NICLBSL,16,55,10,"1,780.00","17,800.00"
2021-05-10,2021051005003496,NICLBSL,14,39,14,"1,779.00","24,906.00"
2021-05-10,2021051005003494,NICLBSL,17,39,90,"1,780.00","160,200.00"
2021-05-10,2021051005003493,NICLBSL,17,1,10,"1,780.00","17,800.00"
2021-05-10,2021051005003508,NICLBSL,14,34,64,"1,779.00","113,856.00"
2021-05-10,2021051005003507,NICLBSL,14,49,20,"1,779.00","35,580.00"
2021-05-10,2021051005003506,NICLBSL,39,57,5,"1,782.00","8,910.00"
2021-05-10,2021051005003505,NICLBSL,39,35,10,"1,780.00","17,800.00"
2021-05-10,2021051005003502,NICLBSL,14,43,20,"1,779.00","35,580.00"
2021-05-10,2021051005003501,NICLBSL,29,43,30,"1,780.00","53,400.00"
2021-05-10,2021051005003515,NICLBSL,16,34,10,"1,779.00","17,790.00"
2021-05-10,2021051005003513,NICLBSL,45,34,145,"1,779.00","257,955.00"
2021-05-10,2021051005003512,NICLBSL,48,34,20,"1,779.00","35,580.00"
2021-05-10,2021051005003511,NICLBSL,51,34,20,"1,779.00","35,580.00"
2021-05-10,2021051005003510,NICLBSL,50,34,50,"1,779.00","88,950.00"
2021-05-10,2021051005003509,NICLBSL,5,34,50,"1,779.00","88,950.00"
2021-05-10,2021051005003525,NICLBSL,19,34,113,"1,779.00","201,027.00"
2021-05-10,2021051005003524,NICLBSL,19,25,10,"1,778.00","17,780.00"
2021-05-10,2021051005003523,NICLBSL,26,48,10,"1,778.00","17,780.00"
2021-05-10,2021051005003522,NICLBSL,40,18,10,"1,778.00","17,780.00"
2021-05-10,2021051005003520,NICLBSL,40,19,10,"1,778.00","17,780.00"
2021-05-10,2021051005003518,NICLBSL,34,34,28,"1,779.00","49,812.00"
2021-05-10,2021051005003534,NICLBSL,3,48,10,"1,777.00","17,770.00"
2021-05-10,2021051005003533,NICLBSL,3,56,10,"1,777.00","17,770.00"
2021-05-10,2021051005003531,NICLBSL,3,1,10,"1,777.00","17,770.00"
2021-05-10,2021051005003529,NICLBSL,3,6,10,"1,777.00","17,770.00"
2021-05-10,2021051005003527,NICLBSL,17,46,10,"1,779.00","17,790.00"
2021-05-10,2021051005003526,NICLBSL,28,1,10,"1,778.00","17,780.00"
2021-05-10,2021051005003561,NICLBSL,59,36,10,"1,778.00","17,780.00"
2021-05-10,2021051005003544,NICLBSL,59,32,10,"1,777.00","17,770.00"
2021-05-10,2021051005003543,NICLBSL,48,39,40,"1,776.00","71,040.00"
2021-05-10,2021051005003541,NICLBSL,21,38,10,"1,776.00","17,760.00"
2021-05-10,2021051005003540,NICLBSL,21,38,10,"1,776.00","17,760.00"
2021-05-10,2021051005003536,NICLBSL,3,48,10,"1,777.00","17,770.00"
2021-05-10,2021051005003570,NICLBSL,39,39,10,"1,780.00","17,800.00"
2021-05-10,2021051005003569,NICLBSL,39,4,10,"1,780.00","17,800.00"
2021-05-10,2021051005003568,NICLBSL,45,21,10,"1,777.00","17,770.00"
2021-05-10,2021051005003564,NICLBSL,21,36,50,"1,776.00","88,800.00"
2021-05-10,2021051005003563,NICLBSL,59,48,18,"1,778.00","32,004.00"
2021-05-10,2021051005003562,NICLBSL,59,1,10,"1,778.00","17,780.00"
2021-05-10,2021051005003578,NICLBSL,48,1,10,"1,779.00","17,790.00"
2021-05-10,2021051005003576,NICLBSL,41,17,10,"1,779.00","17,790.00"
2021-05-10,2021051005003575,NICLBSL,41,48,10,"1,779.00","17,790.00"
2021-05-10,2021051005003573,NICLBSL,41,17,10,"1,779.00","17,790.00"
2021-05-10,2021051005003572,NICLBSL,41,41,10,"1,779.00","17,790.00"
2021-05-10,2021051005003571,NICLBSL,41,5,10,"1,779.00","17,790.00"
2021-05-10,2021051005003585,NICLBSL,34,49,10,"1,779.00","17,790.00"
2021-05-10,2021051005003584,NICLBSL,34,38,43,"1,779.00","76,497.00"
2021-05-10,2021051005003583,NICLBSL,34,58,20,"1,779.00","35,580.00"
2021-05-10,2021051005003582,NICLBSL,58,1,10,"1,779.00","17,790.00"
2021-05-10,2021051005003581,NICLBSL,51,48,10,"1,777.00","17,770.00"
2021-05-10,2021051005003579,NICLBSL,48,5,10,"1,779.00","17,790.00"
2021-05-10,2021051005003591,NICLBSL,47,5,10,"1,778.00","17,780.00"
2021-05-10,2021051005003590,NICLBSL,38,43,20,"1,778.00","35,560.00"
2021-05-10,2021051005003589,NICLBSL,38,59,10,"1,778.00","17,780.00"
2021-05-10,2021051005003588,NICLBSL,48,6,5,"1,778.00","8,890.00"
2021-05-10,2021051005003587,NICLBSL,48,48,10,"1,778.00","17,780.00"
2021-05-10,2021051005003586,NICLBSL,34,43,27,"1,779.00","48,033.00"
2021-05-10,2021051005003597,NICLBSL,51,3,236,"1,777.00","419,372.00"
2021-05-10,2021051005003596,NICLBSL,59,3,14,"1,778.00","24,892.00"
2021-05-10,2021051005003595,NICLBSL,59,16,10,"1,778.00","17,780.00"
2021-05-10,2021051005003594,NICLBSL,59,57,10,"1,778.00","17,780.00"
2021-05-10,2021051005003593,NICLBSL,59,39,16,"1,778.00","28,448.00"
2021-05-10,2021051005003592,NICLBSL,47,39,10,"1,778.00","17,780.00"
2021-05-10,2021051005003605,NICLBSL,29,21,10,"1,779.00","17,790.00"
2021-05-10,2021051005003604,NICLBSL,29,17,10,"1,779.00","17,790.00"
2021-05-10,2021051005003603,NICLBSL,51,3,10,"1,777.00","17,770.00"
2021-05-10,2021051005003600,NICLBSL,41,59,10,"1,778.00","17,780.00"
2021-05-10,2021051005003599,NICLBSL,41,29,10,"1,778.00","17,780.00"
2021-05-10,2021051005003598,NICLBSL,41,3,10,"1,778.00","17,780.00"
2021-05-10,2021051005003611,NICLBSL,39,5,10,"1,779.00","17,790.00"
2021-05-10,2021051005003610,NICLBSL,29,55,10,"1,779.00","17,790.00"
2021-05-10,2021051005003609,NICLBSL,29,38,39,"1,779.00","69,381.00"
2021-05-10,2021051005003608,NICLBSL,29,50,10,"1,779.00","17,790.00"
2021-05-10,2021051005003607,NICLBSL,29,56,10,"1,779.00","17,790.00"
2021-05-10,2021051005003606,NICLBSL,29,49,10,"1,779.00","17,790.00"
2021-05-10,2021051005003620,NICLBSL,19,17,10,"1,780.00","17,800.00"
2021-05-10,2021051005003619,NICLBSL,19,42,20,"1,780.00","35,600.00"
2021-05-10,2021051005003617,NICLBSL,39,3,10,"1,779.00","17,790.00"
2021-05-10,2021051005003616,NICLBSL,39,48,10,"1,779.00","17,790.00"
2021-05-10,2021051005003615,NICLBSL,39,3,10,"1,779.00","17,790.00"
2021-05-10,2021051005003613,NICLBSL,39,6,100,"1,779.00","177,900.00"
2021-05-10,2021051005003627,NICLBSL,39,59,10,"1,779.00","17,790.00"
2021-05-10,2021051005003626,NICLBSL,39,3,10,"1,779.00","17,790.00"
2021-05-10,2021051005003624,NICLBSL,19,59,10,"1,780.00","17,800.00"
2021-05-10,2021051005003623,NICLBSL,19,57,10,"1,780.00","17,800.00"
2021-05-10,2021051005003622,NICLBSL,19,54,50,"1,780.00","89,000.00"
2021-05-10,2021051005003621,NICLBSL,19,39,10,"1,780.00","17,800.00"
2021-05-10,2021051005003649,NICLBSL,59,57,10,"1,780.00","17,800.00"
2021-05-10,2021051005003639,NICLBSL,34,35,10,"1,780.00","17,800.00"
2021-05-10,2021051005003637,NICLBSL,17,5,10,"1,780.00","17,800.00"
2021-05-10,2021051005003632,NICLBSL,39,48,10,"1,779.00","17,790.00"
2021-05-10,2021051005003631,NICLBSL,39,59,10,"1,779.00","17,790.00"
2021-05-10,2021051005003629,NICLBSL,5,41,20,"1,780.00","35,600.00"
2021-05-10,2021051005003560,RURU,40,36,10,602.00,"6,020.00"
2021-05-10,2021051005003530,RURU,40,36,10,602.00,"6,020.00"
2021-05-10,2021051005003467,RURU,40,39,10,602.00,"6,020.00"
2021-05-10,2021051005003451,RURU,40,13,10,602.00,"6,020.00"
2021-05-10,2021051005003395,RURU,40,53,10,602.00,"6,020.00"
2021-05-10,2021051005003336,RURU,40,39,10,602.00,"6,020.00"
2021-05-10,2021051005003334,RURU,40,35,10,602.00,"6,020.00"
2021-05-10,2021051005003232,RURU,40,17,10,602.00,"6,020.00"
2021-05-10,2021051005003198,RURU,40,58,10,602.00,"6,020.00"
2021-05-10,2021051005003185,RURU,40,52,10,602.00,"6,020.00"
2021-05-10,2021051005003156,MLBSL,25,36,10,"4,656.00","46,560.00"
2021-05-10,2021051005003155,MLBSL,45,42,10,"4,656.00","46,560.00"
2021-05-10,2021051005003152,MLBSL,50,48,10,"4,650.00","46,500.00"
2021-05-10,2021051005003150,MLBSL,50,50,10,"4,650.00","46,500.00"
2021-05-10,2021051005003149,MLBSL,50,42,10,"4,650.00","46,500.00"
2021-05-10,2021051005003148,MLBSL,41,58,10,"4,656.00","46,560.00"
2021-05-10,2021051005002665,MLBSL,54,4,10,"4,510.00","45,100.00"
2021-05-10,2021051005002679,MLBSL,17,56,10,"4,510.00","45,100.00"
2021-05-10,2021051005002673,MLBSL,54,45,10,"4,510.00","45,100.00"
2021-05-10,2021051005002672,MLBSL,54,49,10,"4,510.00","45,100.00"
2021-05-10,2021051005002669,MLBSL,49,34,10,"4,510.00","45,100.00"
2021-05-10,2021051005002668,MLBSL,49,53,10,"4,510.00","45,100.00"
2021-05-10,2021051005002666,MLBSL,33,50,10,"4,510.00","45,100.00"
2021-05-10,2021051005002686,MLBSL,36,36,10,"4,539.00","45,390.00"
2021-05-10,2021051005002685,MLBSL,36,29,10,"4,539.00","45,390.00"
2021-05-10,2021051005002684,MLBSL,36,48,10,"4,535.00","45,350.00"
2021-05-10,2021051005002683,MLBSL,36,35,10,"4,530.00","45,300.00"
2021-05-10,2021051005002682,MLBSL,36,21,10,"4,530.00","45,300.00"
2021-05-10,2021051005002681,MLBSL,36,43,10,"4,520.00","45,200.00"
2021-05-10,2021051005002695,MLBSL,28,21,10,"4,538.00","45,380.00"
2021-05-10,2021051005002694,MLBSL,17,32,10,"4,510.00","45,100.00"
2021-05-10,2021051005002690,MLBSL,36,59,10,"4,540.00","45,400.00"
2021-05-10,2021051005002689,MLBSL,36,58,10,"4,540.00","45,400.00"
2021-05-10,2021051005002688,MLBSL,36,39,10,"4,540.00","45,400.00"
2021-05-10,2021051005002687,MLBSL,36,14,10,"4,539.00","45,390.00"
2021-05-10,2021051005002727,MLBSL,58,44,10,"4,512.00","45,120.00"
2021-05-10,2021051005002708,MLBSL,48,21,10,"4,538.00","45,380.00"
2021-05-10,2021051005002707,MLBSL,48,56,10,"4,530.00","45,300.00"
2021-05-10,2021051005002706,MLBSL,3,52,10,"4,520.00","45,200.00"
2021-05-10,2021051005002701,MLBSL,17,29,10,"4,510.00","45,100.00"
2021-05-10,2021051005002699,MLBSL,26,5,10,"4,520.00","45,200.00"
2021-05-10,2021051005002737,MLBSL,55,45,10,"4,540.00","45,400.00"
2021-05-10,2021051005002735,MLBSL,54,10,10,"4,520.00","45,200.00"
2021-05-10,2021051005002732,MLBSL,56,16,10,"4,525.00","45,250.00"
2021-05-10,2021051005002731,MLBSL,34,11,10,"4,540.00","45,400.00"
2021-05-10,2021051005002730,MLBSL,34,47,10,"4,530.00","45,300.00"
2021-05-10,2021051005002729,MLBSL,34,58,10,"4,525.00","45,250.00"
2021-05-10,2021051005002744,MLBSL,48,56,10,"4,540.00","45,400.00"
2021-05-10,2021051005002743,MLBSL,48,57,10,"4,540.00","45,400.00"
2021-05-10,2021051005002742,MLBSL,28,10,10,"4,539.00","45,390.00"
2021-05-10,2021051005002740,MLBSL,26,57,25,"4,540.00","113,500.00"
2021-05-10,2021051005002739,MLBSL,26,29,10,"4,539.00","45,390.00"
2021-05-10,2021051005002738,MLBSL,55,57,15,"4,540.00","68,100.00"
2021-05-10,2021051005002750,MLBSL,48,58,10,"4,542.00","45,420.00"
2021-05-10,2021051005002749,MLBSL,48,47,10,"4,541.00","45,410.00"
2021-05-10,2021051005002748,MLBSL,48,4,10,"4,541.00","45,410.00"
2021-05-10,2021051005002747,MLBSL,48,32,10,"4,540.00","45,400.00"
2021-05-10,2021051005002746,MLBSL,48,57,10,"4,540.00","45,400.00"
2021-05-10,2021051005002745,MLBSL,48,49,10,"4,540.00","45,400.00"
2021-05-10,2021051005002756,MLBSL,48,51,10,"4,544.00","45,440.00"
2021-05-10,2021051005002755,MLBSL,48,53,10,"4,544.00","45,440.00"
2021-05-10,2021051005002754,MLBSL,48,6,10,"4,544.00","45,440.00"
2021-05-10,2021051005002753,MLBSL,48,29,10,"4,544.00","45,440.00"
2021-05-10,2021051005002752,MLBSL,48,35,10,"4,543.00","45,430.00"
2021-05-10,2021051005002751,MLBSL,48,49,10,"4,543.00","45,430.00"
2021-05-10,2021051005002762,MLBSL,48,41,10,"4,549.00","45,490.00"
2021-05-10,2021051005002761,MLBSL,48,57,10,"4,549.00","45,490.00"
2021-05-10,2021051005002760,MLBSL,48,21,10,"4,549.00","45,490.00"
2021-05-10,2021051005002759,MLBSL,48,49,10,"4,545.00","45,450.00"
2021-05-10,2021051005002758,MLBSL,48,59,10,"4,545.00","45,450.00"
2021-05-10,2021051005002757,MLBSL,48,57,10,"4,544.00","45,440.00"
2021-05-10,2021051005002768,MLBSL,48,22,10,"4,550.00","45,500.00"
2021-05-10,2021051005002767,MLBSL,48,44,10,"4,550.00","45,500.00"
2021-05-10,2021051005002766,MLBSL,48,45,10,"4,550.00","45,500.00"
2021-05-10,2021051005002765,MLBSL,48,57,10,"4,550.00","45,500.00"
2021-05-10,2021051005002764,MLBSL,48,48,10,"4,550.00","45,500.00"
2021-05-10,2021051005002763,MLBSL,48,7,10,"4,550.00","45,500.00"
2021-05-10,2021051005002774,MLBSL,48,35,10,"4,550.00","45,500.00"
2021-05-10,2021051005002773,MLBSL,48,11,10,"4,550.00","45,500.00"
2021-05-10,2021051005002772,MLBSL,48,21,10,"4,550.00","45,500.00"
2021-05-10,2021051005002771,MLBSL,48,47,10,"4,550.00","45,500.00"
2021-05-10,2021051005002770,MLBSL,48,19,10,"4,550.00","45,500.00"
2021-05-10,2021051005002769,MLBSL,48,55,10,"4,550.00","45,500.00"
2021-05-10,2021051005002784,MLBSL,48,6,10,"4,550.00","45,500.00"
2021-05-10,2021051005002783,MLBSL,48,49,10,"4,550.00","45,500.00"
2021-05-10,2021051005002781,MLBSL,48,45,10,"4,550.00","45,500.00"
2021-05-10,2021051005002780,MLBSL,48,17,10,"4,550.00","45,500.00"
2021-05-10,2021051005002779,MLBSL,48,45,10,"4,550.00","45,500.00"
2021-05-10,2021051005002775,MLBSL,48,17,10,"4,550.00","45,500.00"
2021-05-10,2021051005002798,MLBSL,36,38,10,"4,559.00","45,590.00"
2021-05-10,2021051005002792,MLBSL,36,17,10,"4,557.00","45,570.00"
2021-05-10,2021051005002790,MLBSL,36,52,10,"4,555.00","45,550.00"
2021-05-10,2021051005002789,MLBSL,54,44,10,"4,555.00","45,550.00"
2021-05-10,2021051005002788,MLBSL,54,57,10,"4,555.00","45,550.00"
2021-05-10,2021051005002785,MLBSL,48,1,10,"4,550.00","45,500.00"
2021-05-10,2021051005002817,MLBSL,43,36,10,"4,560.00","45,600.00"
2021-05-10,2021051005002815,MLBSL,10,49,10,"4,570.00","45,700.00"
2021-05-10,2021051005002810,MLBSL,36,28,10,"4,559.00","45,590.00"
2021-05-10,2021051005002806,MLBSL,58,35,10,"4,569.00","45,690.00"
2021-05-10,2021051005002805,MLBSL,58,55,10,"4,565.00","45,650.00"
2021-05-10,2021051005002800,MLBSL,48,49,10,"4,560.00","45,600.00"
2021-05-10,2021051005002827,MLBSL,17,14,10,"4,590.00","45,900.00"
2021-05-10,2021051005002826,MLBSL,17,42,10,"4,590.00","45,900.00"
2021-05-10,2021051005002824,MLBSL,17,7,10,"4,580.00","45,800.00"
2021-05-10,2021051005002823,MLBSL,17,7,10,"4,580.00","45,800.00"
2021-05-10,2021051005002822,MLBSL,17,51,10,"4,579.00","45,790.00"
2021-05-10,2021051005002819,MLBSL,58,52,10,"4,575.00","45,750.00"
2021-05-10,2021051005002837,MLBSL,36,58,10,"4,600.00","46,000.00"
2021-05-10,2021051005002832,MLBSL,17,42,10,"4,580.00","45,800.00"
2021-05-10,2021051005002831,MLBSL,17,32,10,"4,580.00","45,800.00"
2021-05-10,2021051005002830,MLBSL,17,34,10,"4,590.00","45,900.00"
2021-05-10,2021051005002829,MLBSL,17,38,10,"4,590.00","45,900.00"
2021-05-10,2021051005002828,MLBSL,17,48,10,"4,590.00","45,900.00"
2021-05-10,2021051005002847,MLBSL,7,21,10,"4,600.00","46,000.00"
2021-05-10,2021051005002843,MLBSL,58,32,10,"4,590.00","45,900.00"
2021-05-10,2021051005002842,MLBSL,49,43,10,"4,600.00","46,000.00"
2021-05-10,2021051005002841,MLBSL,41,22,10,"4,600.00","46,000.00"
2021-05-10,2021051005002839,MLBSL,52,4,10,"4,600.00","46,000.00"
2021-05-10,2021051005002838,MLBSL,36,45,10,"4,600.00","46,000.00"
2021-05-10,2021051005002853,MLBSL,7,45,10,"4,610.00","46,100.00"
2021-05-10,2021051005002852,MLBSL,7,48,10,"4,600.00","46,000.00"
2021-05-10,2021051005002851,MLBSL,7,34,10,"4,600.00","46,000.00"
2021-05-10,2021051005002850,MLBSL,7,29,10,"4,600.00","46,000.00"
2021-05-10,2021051005002849,MLBSL,7,17,10,"4,600.00","46,000.00"
2021-05-10,2021051005002848,MLBSL,7,40,10,"4,600.00","46,000.00"
2021-05-10,2021051005002860,MLBSL,58,58,10,"4,630.00","46,300.00"
2021-05-10,2021051005002859,MLBSL,58,45,10,"4,625.00","46,250.00"
2021-05-10,2021051005002857,MLBSL,51,52,10,"4,600.00","46,000.00"
2021-05-10,2021051005002856,MLBSL,7,3,10,"4,620.00","46,200.00"
2021-05-10,2021051005002855,MLBSL,7,52,10,"4,617.00","46,170.00"
2021-05-10,2021051005002854,MLBSL,7,58,10,"4,610.00","46,100.00"
2021-05-10,2021051005002867,MLBSL,45,32,10,"4,640.00","46,400.00"
2021-05-10,2021051005002866,MLBSL,45,58,10,"4,640.00","46,400.00"
2021-05-10,2021051005002865,MLBSL,45,42,10,"4,640.00","46,400.00"
2021-05-10,2021051005002864,MLBSL,45,56,10,"4,630.00","46,300.00"
2021-05-10,2021051005002862,MLBSL,58,56,10,"4,630.00","46,300.00"
2021-05-10,2021051005002861,MLBSL,58,34,10,"4,630.00","46,300.00"
2021-05-10,2021051005002874,MLBSL,26,34,10,"4,650.00","46,500.00"
2021-05-10,2021051005002873,MLBSL,26,57,10,"4,649.00","46,490.00"
2021-05-10,2021051005002872,MLBSL,51,57,90,"4,649.00","418,410.00"
2021-05-10,2021051005002871,MLBSL,51,47,10,"4,648.00","46,480.00"
2021-05-10,2021051005002870,MLBSL,29,34,10,"4,646.00","46,460.00"
2021-05-10,2021051005002869,MLBSL,45,35,10,"4,640.00","46,400.00"
2021-05-10,2021051005002882,MLBSL,41,43,10,"4,650.00","46,500.00"
2021-05-10,2021051005002880,MLBSL,41,42,10,"4,650.00","46,500.00"
2021-05-10,2021051005002878,MLBSL,41,29,10,"4,650.00","46,500.00"
2021-05-10,2021051005002877,MLBSL,41,25,10,"4,650.00","46,500.00"
2021-05-10,2021051005002876,MLBSL,41,51,10,"4,650.00","46,500.00"
2021-05-10,2021051005002875,MLBSL,26,22,10,"4,650.00","46,500.00"
2021-05-10,2021051005002891,MLBSL,32,17,10,"4,722.00","47,220.00"
2021-05-10,2021051005002888,MLBSL,48,59,10,"4,650.00","46,500.00"
2021-05-10,2021051005002887,MLBSL,56,57,10,"4,700.00","47,000.00"
2021-05-10,2021051005002885,MLBSL,43,51,10,"4,650.00","46,500.00"
2021-05-10,2021051005002884,MLBSL,42,35,10,"4,700.00","47,000.00"
2021-05-10,2021051005002883,MLBSL,42,57,10,"4,670.00","46,700.00"
2021-05-10,2021051005002904,MLBSL,52,57,10,"4,710.00","47,100.00"
2021-05-10,2021051005002903,MLBSL,52,52,10,"4,710.00","47,100.00"
2021-05-10,2021051005002900,MLBSL,48,55,10,"4,700.00","47,000.00"
2021-05-10,2021051005002895,MLBSL,47,57,10,"4,720.00","47,200.00"
2021-05-10,2021051005002894,MLBSL,48,58,10,"4,700.00","47,000.00"
2021-05-10,2021051005002893,MLBSL,48,36,10,"4,700.00","47,000.00"
2021-05-10,2021051005002917,MLBSL,13,50,10,"4,740.00","47,400.00"
2021-05-10,2021051005002915,MLBSL,20,41,10,"4,740.00","47,400.00"
2021-05-10,2021051005002914,MLBSL,48,45,10,"4,716.00","47,160.00"
2021-05-10,2021051005002912,MLBSL,52,49,10,"4,710.00","47,100.00"
2021-05-10,2021051005002910,MLBSL,57,49,10,"4,730.00","47,300.00"
2021-05-10,2021051005002908,MLBSL,57,58,10,"4,720.00","47,200.00"
2021-05-10,2021051005002926,MLBSL,34,58,10,"4,799.00","47,990.00"
2021-05-10,2021051005002925,MLBSL,47,57,10,"4,798.00","47,980.00"
2021-05-10,2021051005002924,MLBSL,22,34,10,"4,750.00","47,500.00"
2021-05-10,2021051005002920,MLBSL,22,45,10,"4,750.00","47,500.00"
2021-05-10,2021051005002919,MLBSL,22,35,10,"4,750.00","47,500.00"
2021-05-10,2021051005002918,MLBSL,13,45,10,"4,740.00","47,400.00"
2021-05-10,2021051005002933,MLBSL,47,17,60,"4,800.00","288,000.00"
2021-05-10,2021051005002932,MLBSL,47,45,10,"4,800.00","48,000.00"
2021-05-10,2021051005002931,MLBSL,47,10,10,"4,800.00","48,000.00"
2021-05-10,2021051005002930,MLBSL,47,21,10,"4,800.00","48,000.00"
2021-05-10,2021051005002929,MLBSL,47,52,10,"4,800.00","48,000.00"
2021-05-10,2021051005002928,MLBSL,48,53,10,"4,800.00","48,000.00"
2021-05-10,2021051005002944,MLBSL,26,8,10,"4,830.00","48,300.00"
2021-05-10,2021051005002943,MLBSL,26,42,10,"4,830.00","48,300.00"
2021-05-10,2021051005002941,MLBSL,8,55,10,"4,845.00","48,450.00"
2021-05-10,2021051005002940,MLBSL,38,57,10,"4,830.00","48,300.00"
2021-05-10,2021051005002938,MLBSL,51,58,10,"4,824.00","48,240.00"
2021-05-10,2021051005002934,MLBSL,29,17,40,"4,800.00","192,000.00"
2021-05-10,2021051005002954,MLBSL,42,36,10,"4,801.00","48,010.00"
2021-05-10,2021051005002952,MLBSL,29,56,10,"4,800.00","48,000.00"
2021-05-10,2021051005002951,MLBSL,29,41,10,"4,800.00","48,000.00"
2021-05-10,2021051005002949,MLBSL,29,45,10,"4,800.00","48,000.00"
2021-05-10,2021051005002947,MLBSL,45,45,10,"4,801.00","48,010.00"
2021-05-10,2021051005002945,MLBSL,29,52,10,"4,800.00","48,000.00"
2021-05-10,2021051005002960,MLBSL,29,6,10,"4,800.00","48,000.00"
2021-05-10,2021051005002959,MLBSL,29,57,10,"4,800.00","48,000.00"
2021-05-10,2021051005002958,MLBSL,29,16,10,"4,800.00","48,000.00"
2021-05-10,2021051005002957,MLBSL,29,34,10,"4,800.00","48,000.00"
2021-05-10,2021051005002956,MLBSL,29,58,10,"4,800.00","48,000.00"
2021-05-10,2021051005002955,MLBSL,42,41,10,"4,801.00","48,010.00"
2021-05-10,2021051005002968,MLBSL,51,42,10,"4,839.00","48,390.00"
2021-05-10,2021051005002967,MLBSL,56,28,10,"4,800.00","48,000.00"
2021-05-10,2021051005002966,MLBSL,45,7,10,"4,840.00","48,400.00"
2021-05-10,2021051005002963,MLBSL,56,29,10,"4,800.00","48,000.00"
2021-05-10,2021051005002962,MLBSL,56,38,10,"4,800.00","48,000.00"
2021-05-10,2021051005002961,MLBSL,29,19,10,"4,800.00","48,000.00"
2021-05-10,2021051005002975,MLBSL,56,32,10,"4,800.00","48,000.00"
2021-05-10,2021051005002973,MLBSL,56,57,90,"4,800.00","432,000.00"
2021-05-10,2021051005002972,MLBSL,22,57,10,"4,801.00","48,010.00"
2021-05-10,2021051005002971,MLBSL,56,32,10,"4,800.00","48,000.00"
2021-05-10,2021051005002970,MLBSL,56,49,10,"4,800.00","48,000.00"
2021-05-10,2021051005002969,MLBSL,51,11,10,"4,844.00","48,440.00"
2021-05-10,2021051005002981,MLBSL,34,38,10,"4,750.00","47,500.00"
2021-05-10,2021051005002980,MLBSL,49,46,10,"4,800.00","48,000.00"
2021-05-10,2021051005002979,MLBSL,41,34,10,"4,800.00","48,000.00"
2021-05-10,2021051005002978,MLBSL,22,34,10,"4,800.00","48,000.00"
2021-05-10,2021051005002977,MLBSL,45,34,10,"4,844.00","48,440.00"
2021-05-10,2021051005002976,MLBSL,32,58,10,"4,844.00","48,440.00"
2021-05-10,2021051005002987,MLBSL,34,58,10,"4,750.00","47,500.00"
2021-05-10,2021051005002986,MLBSL,34,49,10,"4,750.00","47,500.00"
2021-05-10,2021051005002985,MLBSL,34,13,10,"4,750.00","47,500.00"
2021-05-10,2021051005002984,MLBSL,34,6,10,"4,750.00","47,500.00"
2021-05-10,2021051005002983,MLBSL,34,57,10,"4,750.00","47,500.00"
2021-05-10,2021051005002982,MLBSL,34,32,10,"4,750.00","47,500.00"
2021-05-10,2021051005002993,MLBSL,56,34,40,"4,750.00","190,000.00"
2021-05-10,2021051005002992,MLBSL,58,34,10,"4,750.00","47,500.00"
2021-05-10,2021051005002991,MLBSL,58,55,90,"4,750.00","427,500.00"
2021-05-10,2021051005002990,MLBSL,34,55,10,"4,750.00","47,500.00"
2021-05-10,2021051005002989,MLBSL,34,45,10,"4,750.00","47,500.00"
2021-05-10,2021051005002988,MLBSL,34,38,10,"4,750.00","47,500.00"
2021-05-10,2021051005003000,MLBSL,19,45,10,"4,740.00","47,400.00"
2021-05-10,2021051005002999,MLBSL,56,34,15,"4,750.00","71,250.00"
2021-05-10,2021051005002998,MLBSL,56,6,10,"4,750.00","47,500.00"
2021-05-10,2021051005002997,MLBSL,56,53,25,"4,750.00","118,750.00"
2021-05-10,2021051005002996,MLBSL,56,49,10,"4,750.00","47,500.00"
2021-05-10,2021051005002994,MLBSL,56,39,10,"4,750.00","47,500.00"
2021-05-10,2021051005003009,MLBSL,51,38,10,"4,705.00","47,050.00"
2021-05-10,2021051005003008,MLBSL,51,53,10,"4,705.00","47,050.00"
2021-05-10,2021051005003007,MLBSL,47,58,10,"4,725.00","47,250.00"
2021-05-10,2021051005003006,MLBSL,47,16,10,"4,725.00","47,250.00"
2021-05-10,2021051005003002,MLBSL,50,46,10,"4,740.00","47,400.00"
2021-05-10,2021051005003001,MLBSL,19,45,10,"4,740.00","47,400.00"
2021-05-10,2021051005003015,MLBSL,51,57,10,"4,705.00","47,050.00"
2021-05-10,2021051005003014,MLBSL,51,49,10,"4,705.00","47,050.00"
2021-05-10,2021051005003013,MLBSL,51,32,10,"4,705.00","47,050.00"
2021-05-10,2021051005003012,MLBSL,51,38,10,"4,705.00","47,050.00"
2021-05-10,2021051005003011,MLBSL,51,35,10,"4,705.00","47,050.00"
2021-05-10,2021051005003010,MLBSL,51,16,10,"4,705.00","47,050.00"
2021-05-10,2021051005003022,MLBSL,51,57,40,"4,705.00","188,200.00"
2021-05-10,2021051005003021,MLBSL,51,16,10,"4,705.00","47,050.00"
2021-05-10,2021051005003020,MLBSL,51,13,10,"4,705.00","47,050.00"
2021-05-10,2021051005003019,MLBSL,51,50,10,"4,705.00","47,050.00"
2021-05-10,2021051005003017,MLBSL,51,58,10,"4,705.00","47,050.00"
2021-05-10,2021051005003016,MLBSL,51,49,10,"4,705.00","47,050.00"
2021-05-10,2021051005003029,MLBSL,19,10,10,"4,650.00","46,500.00"
2021-05-10,2021051005003028,MLBSL,45,49,10,"4,705.00","47,050.00"
2021-05-10,2021051005003027,MLBSL,45,48,10,"4,700.00","47,000.00"
2021-05-10,2021051005003025,MLBSL,51,56,10,"4,705.00","47,050.00"
2021-05-10,2021051005003024,MLBSL,51,4,10,"4,705.00","47,050.00"
2021-05-10,2021051005003023,MLBSL,51,58,10,"4,705.00","47,050.00"
2021-05-10,2021051005003039,MLBSL,45,25,10,"4,611.00","46,110.00"
2021-05-10,2021051005003037,MLBSL,5,58,10,"4,700.00","47,000.00"
2021-05-10,2021051005003036,MLBSL,5,47,10,"4,700.00","47,000.00"
2021-05-10,2021051005003035,MLBSL,5,21,10,"4,700.00","47,000.00"
2021-05-10,2021051005003034,MLBSL,5,39,10,"4,699.00","46,990.00"
2021-05-10,2021051005003033,MLBSL,5,58,10,"4,650.00","46,500.00"
2021-05-10,2021051005003059,MLBSL,22,38,10,"4,580.00","45,800.00"
2021-05-10,2021051005003054,MLBSL,29,39,10,"4,590.00","45,900.00"
2021-05-10,2021051005003052,MLBSL,48,4,10,"4,632.00","46,320.00"
2021-05-10,2021051005003047,MLBSL,48,32,10,"4,632.00","46,320.00"
2021-05-10,2021051005003043,MLBSL,48,45,10,"4,632.00","46,320.00"
2021-05-10,2021051005003042,MLBSL,5,25,10,"4,611.00","46,110.00"
2021-05-10,2021051005003069,MLBSL,13,14,10,"4,566.00","45,660.00"
2021-05-10,2021051005003068,MLBSL,13,49,10,"4,566.00","45,660.00"
2021-05-10,2021051005003066,MLBSL,1,38,10,"4,565.00","45,650.00"
2021-05-10,2021051005003064,MLBSL,49,17,10,"4,575.00","45,750.00"
2021-05-10,2021051005003061,MLBSL,42,59,10,"4,632.00","46,320.00"
2021-05-10,2021051005003060,MLBSL,22,39,10,"4,580.00","45,800.00"
2021-05-10,2021051005003076,MLBSL,1,13,10,"4,565.00","45,650.00"
2021-05-10,2021051005003074,MLBSL,1,34,10,"4,565.00","45,650.00"
2021-05-10,2021051005003073,MLBSL,1,49,10,"4,565.00","45,650.00"
2021-05-10,2021051005003072,MLBSL,1,36,10,"4,565.00","45,650.00"
2021-05-10,2021051005003071,MLBSL,49,4,10,"4,575.00","45,750.00"
2021-05-10,2021051005003070,MLBSL,1,47,10,"4,565.00","45,650.00"
2021-05-10,2021051005003095,MLBSL,25,37,10,"4,563.00","45,630.00"
2021-05-10,2021051005003086,MLBSL,7,26,10,"4,562.00","45,620.00"
2021-05-10,2021051005003083,MLBSL,1,38,10,"4,565.00","45,650.00"
2021-05-10,2021051005003082,MLBSL,1,43,10,"4,565.00","45,650.00"
2021-05-10,2021051005003081,MLBSL,1,17,10,"4,565.00","45,650.00"
2021-05-10,2021051005003077,MLBSL,1,21,10,"4,565.00","45,650.00"
2021-05-10,2021051005003110,MLBSL,14,39,10,"4,580.00","45,800.00"
2021-05-10,2021051005003109,MLBSL,58,56,10,"4,565.00","45,650.00"
2021-05-10,2021051005003106,MLBSL,58,14,10,"4,565.00","45,650.00"
2021-05-10,2021051005003104,MLBSL,14,59,10,"4,570.00","45,700.00"
2021-05-10,2021051005003100,MLBSL,33,56,10,"4,562.00","45,620.00"
2021-05-10,2021051005003098,MLBSL,7,37,10,"4,562.00","45,620.00"
2021-05-10,2021051005003122,MLBSL,52,44,10,"4,640.00","46,400.00"
2021-05-10,2021051005003120,MLBSL,38,41,10,"4,631.00","46,310.00"
2021-05-10,2021051005003116,MLBSL,34,50,10,"4,630.00","46,300.00"
2021-05-10,2021051005003115,MLBSL,14,41,10,"4,600.00","46,000.00"
2021-05-10,2021051005003114,MLBSL,52,52,10,"4,600.00","46,000.00"
2021-05-10,2021051005003112,MLBSL,14,58,10,"4,590.00","45,900.00"
2021-05-10,2021051005003129,MLBSL,51,29,10,"4,650.00","46,500.00"
2021-05-10,2021051005003128,MLBSL,52,20,10,"4,640.00","46,400.00"
2021-05-10,2021051005003127,MLBSL,50,1,10,"4,650.00","46,500.00"
2021-05-10,2021051005003126,MLBSL,50,49,10,"4,650.00","46,500.00"
2021-05-10,2021051005003125,MLBSL,50,25,10,"4,650.00","46,500.00"
2021-05-10,2021051005003123,MLBSL,14,14,10,"4,648.00","46,480.00"
2021-05-10,2021051005003146,MLBSL,39,34,10,"4,650.00","46,500.00"
2021-05-10,2021051005003145,MLBSL,41,59,50,"4,650.00","232,500.00"
2021-05-10,2021051005003139,MLBSL,52,45,10,"4,640.00","46,400.00"
2021-05-10,2021051005003138,MLBSL,52,26,10,"4,640.00","46,400.00"
2021-05-10,2021051005003136,MLBSL,52,17,10,"4,640.00","46,400.00"
2021-05-10,2021051005003130,MLBSL,44,45,10,"4,653.00","46,530.00"
2021-05-10,2021051005003161,NICLBSL,17,21,10,"1,780.00","17,800.00"
2021-05-10,2021051005003160,NICLBSL,17,52,10,"1,780.00","17,800.00"
2021-05-10,2021051005003159,NICLBSL,17,34,10,"1,780.00","17,800.00"
2021-05-10,2021051005003158,NICLBSL,17,29,10,"1,780.00","17,800.00"
2021-05-10,2021051005003157,NICLBSL,17,14,10,"1,780.00","17,800.00"
2021-05-10,2021051005003154,NICLBSL,38,14,200,"1,780.00","356,000.00"
2021-05-10,2021051005002664,NICLBSL,3,37,10,"1,790.00","17,900.00"
2021-05-10,2021051005002663,NICLBSL,58,49,20,"1,795.00","35,900.00"
2021-05-10,2021051005002662,NICLBSL,58,32,10,"1,794.00","17,940.00"
2021-05-10,2021051005002676,NICLBSL,21,49,10,"1,795.00","17,950.00"
2021-05-10,2021051005002675,NICLBSL,21,56,20,"1,795.00","35,900.00"
2021-05-10,2021051005002674,NICLBSL,21,1,10,"1,794.00","17,940.00"
2021-05-10,2021051005002671,NICLBSL,3,49,10,"1,790.00","17,900.00"
2021-05-10,2021051005002670,NICLBSL,58,49,30,"1,795.00","53,850.00"
2021-05-10,2021051005002667,NICLBSL,39,49,50,"1,795.00","89,750.00"
2021-05-10,2021051005002693,NICLBSL,3,49,10,"1,790.00","17,900.00"
2021-05-10,2021051005002692,NICLBSL,47,25,50,"1,795.00","89,750.00"
2021-05-10,2021051005002691,NICLBSL,16,54,10,"1,795.00","17,950.00"
2021-05-10,2021051005002680,NICLBSL,3,49,10,"1,790.00","17,900.00"
2021-05-10,2021051005002678,NICLBSL,34,29,26,"1,791.00","46,566.00"
2021-05-10,2021051005002677,NICLBSL,21,29,15,"1,795.00","26,925.00"
2021-05-10,2021051005002703,NICLBSL,3,35,20,"1,790.00","35,800.00"
2021-05-10,2021051005002702,NICLBSL,3,49,10,"1,790.00","17,900.00"
2021-05-10,2021051005002700,NICLBSL,49,36,10,"1,791.00","17,910.00"
2021-05-10,2021051005002698,NICLBSL,49,58,10,"1,791.00","17,910.00"
2021-05-10,2021051005002697,NICLBSL,3,4,10,"1,790.00","17,900.00"
2021-05-10,2021051005002696,NICLBSL,3,36,10,"1,790.00","17,900.00"
2021-05-10,2021051005002712,NICLBSL,29,16,10,"1,794.00","17,940.00"
2021-05-10,2021051005002711,NICLBSL,48,28,10,"1,790.00","17,900.00"
2021-05-10,2021051005002710,NICLBSL,41,28,50,"1,790.00","89,500.00"
2021-05-10,2021051005002709,NICLBSL,54,28,40,"1,790.00","71,600.00"
2021-05-10,2021051005002705,NICLBSL,54,35,70,"1,790.00","125,300.00"
2021-05-10,2021051005002704,NICLBSL,41,35,10,"1,790.00","17,900.00"
2021-05-10,2021051005002718,NICLBSL,29,55,50,"1,797.00","89,850.00"
2021-05-10,2021051005002717,NICLBSL,29,41,10,"1,797.00","17,970.00"
2021-05-10,2021051005002716,NICLBSL,29,22,50,"1,796.00","89,800.00"
2021-05-10,2021051005002715,NICLBSL,29,50,10,"1,796.00","17,960.00"
2021-05-10,2021051005002714,NICLBSL,29,22,100,"1,795.00","179,500.00"
2021-05-10,2021051005002713,NICLBSL,29,45,10,"1,795.00","17,950.00"
2021-05-10,2021051005002724,NICLBSL,29,49,20,"1,797.00","35,940.00"
2021-05-10,2021051005002723,NICLBSL,29,56,40,"1,797.00","71,880.00"
2021-05-10,2021051005002722,NICLBSL,29,21,10,"1,797.00","17,970.00"
2021-05-10,2021051005002721,NICLBSL,29,21,10,"1,797.00","17,970.00"
2021-05-10,2021051005002720,NICLBSL,29,21,10,"1,797.00","17,970.00"
2021-05-10,2021051005002719,NICLBSL,29,26,20,"1,797.00","35,940.00"
2021-05-10,2021051005002736,NICLBSL,5,40,15,"1,790.00","26,850.00"
2021-05-10,2021051005002734,NICLBSL,5,35,15,"1,790.00","26,850.00"
2021-05-10,2021051005002733,NICLBSL,36,35,20,"1,790.00","35,800.00"
2021-05-10,2021051005002728,NICLBSL,47,36,10,"1,790.00","17,900.00"
2021-05-10,2021051005002726,NICLBSL,29,57,90,"1,798.00","161,820.00"
2021-05-10,2021051005002725,NICLBSL,29,42,10,"1,798.00","17,980.00"
2021-05-10,2021051005002787,NICLBSL,51,49,10,"1,789.00","17,890.00"
2021-05-10,2021051005002786,NICLBSL,13,47,10,"1,790.00","17,900.00"
2021-05-10,2021051005002782,NICLBSL,13,21,10,"1,790.00","17,900.00"
2021-05-10,2021051005002778,NICLBSL,5,36,10,"1,790.00","17,900.00"
2021-05-10,2021051005002777,NICLBSL,5,29,10,"1,790.00","17,900.00"
2021-05-10,2021051005002741,NICLBSL,34,29,10,"1,791.00","17,910.00"
2021-05-10,2021051005002799,NICLBSL,57,8,10,"1,788.00","17,880.00"
2021-05-10,2021051005002797,NICLBSL,34,14,10,"1,790.00","17,900.00"
2021-05-10,2021051005002796,NICLBSL,48,17,20,"1,789.00","35,780.00"
2021-05-10,2021051005002794,NICLBSL,41,17,10,"1,789.00","17,890.00"
2021-05-10,2021051005002793,NICLBSL,35,17,10,"1,789.00","17,890.00"
2021-05-10,2021051005002791,NICLBSL,35,44,10,"1,789.00","17,890.00"
2021-05-10,2021051005002808,NICLBSL,34,38,20,"1,790.00","35,800.00"
2021-05-10,2021051005002807,NICLBSL,34,26,10,"1,790.00","17,900.00"
2021-05-10,2021051005002804,NICLBSL,19,36,10,"1,788.00","17,880.00"
2021-05-10,2021051005002803,NICLBSL,19,14,10,"1,788.00","17,880.00"
2021-05-10,2021051005002802,NICLBSL,6,14,50,"1,788.00","89,400.00"
2021-05-10,2021051005002801,NICLBSL,57,14,40,"1,788.00","71,520.00"
2021-05-10,2021051005002816,NICLBSL,48,22,10,"1,788.00","17,880.00"
2021-05-10,2021051005002814,NICLBSL,48,29,21,"1,788.00","37,548.00"
2021-05-10,2021051005002813,NICLBSL,48,5,20,"1,788.00","35,760.00"
2021-05-10,2021051005002812,NICLBSL,19,5,60,"1,788.00","107,280.00"
2021-05-10,2021051005002811,NICLBSL,19,25,10,"1,788.00","17,880.00"
2021-05-10,2021051005002809,NICLBSL,19,8,10,"1,788.00","17,880.00"
2021-05-10,2021051005002834,NICLBSL,36,51,20,"1,787.00","35,740.00"
2021-05-10,2021051005002833,NICLBSL,7,51,20,"1,787.00","35,740.00"
2021-05-10,2021051005002825,NICLBSL,48,7,19,"1,788.00","33,972.00"
2021-05-10,2021051005002821,NICLBSL,48,53,10,"1,788.00","17,880.00"
2021-05-10,2021051005002820,NICLBSL,48,8,10,"1,788.00","17,880.00"
2021-05-10,2021051005002818,NICLBSL,48,21,10,"1,788.00","17,880.00"
2021-05-10,2021051005002858,NICLBSL,18,33,10,"1,787.00","17,870.00"
2021-05-10,2021051005002846,NICLBSL,18,7,26,"1,787.00","46,462.00"
2021-05-10,2021051005002845,NICLBSL,18,45,41,"1,787.00","73,267.00"
2021-05-10,2021051005002844,NICLBSL,48,7,15,"1,787.00","26,805.00"
2021-05-10,2021051005002836,NICLBSL,48,51,15,"1,787.00","26,805.00"
2021-05-10,2021051005002835,NICLBSL,22,51,30,"1,787.00","53,610.00"
2021-05-10,2021051005002889,NICLBSL,48,44,14,"1,785.00","24,990.00"
2021-05-10,2021051005002886,NICLBSL,48,43,10,"1,785.00","17,850.00"
2021-05-10,2021051005002881,NICLBSL,51,52,10,"1,786.00","17,860.00"
2021-05-10,2021051005002879,NICLBSL,51,56,10,"1,786.00","17,860.00"
2021-05-10,2021051005002868,NICLBSL,51,41,10,"1,786.00","17,860.00"
2021-05-10,2021051005002863,NICLBSL,18,28,20,"1,787.00","35,740.00"
2021-05-10,2021051005002899,NICLBSL,26,47,50,"1,785.00","89,250.00"
2021-05-10,2021051005002898,NICLBSL,26,46,38,"1,785.00","67,830.00"
2021-05-10,2021051005002897,NICLBSL,26,14,10,"1,785.00","17,850.00"
2021-05-10,2021051005002896,NICLBSL,26,42,10,"1,785.00","17,850.00"
2021-05-10,2021051005002892,NICLBSL,58,53,10,"1,784.00","17,840.00"
2021-05-10,2021051005002890,NICLBSL,58,55,10,"1,784.00","17,840.00"
2021-05-10,2021051005002909,NICLBSL,26,17,10,"1,785.00","17,850.00"
2021-05-10,2021051005002907,NICLBSL,26,29,10,"1,785.00","17,850.00"
2021-05-10,2021051005002906,NICLBSL,45,38,10,"1,786.00","17,860.00"
2021-05-10,2021051005002905,NICLBSL,26,45,10,"1,785.00","17,850.00"
2021-05-10,2021051005002902,NICLBSL,26,38,10,"1,785.00","17,850.00"
2021-05-10,2021051005002901,NICLBSL,26,45,10,"1,785.00","17,850.00"
2021-05-10,2021051005002923,NICLBSL,6,34,10,"1,784.00","17,840.00"
2021-05-10,2021051005002922,NICLBSL,6,55,10,"1,784.00","17,840.00"
2021-05-10,2021051005002921,NICLBSL,6,49,50,"1,784.00","89,200.00"
2021-05-10,2021051005002916,NICLBSL,32,3,4,"1,785.00","7,140.00"
2021-05-10,2021051005002913,NICLBSL,58,45,10,"1,784.00","17,840.00"
2021-05-10,2021051005002911,NICLBSL,26,34,42,"1,785.00","74,970.00"
2021-05-10,2021051005002942,NICLBSL,5,58,10,"1,782.00","17,820.00"
2021-05-10,2021051005002939,NICLBSL,5,53,10,"1,783.00","17,830.00"
2021-05-10,2021051005002937,NICLBSL,5,50,10,"1,782.00","17,820.00"
2021-05-10,2021051005002936,NICLBSL,45,53,41,"1,783.00","73,103.00"
2021-05-10,2021051005002935,NICLBSL,45,57,10,"1,783.00","17,830.00"
2021-05-10,2021051005002927,NICLBSL,36,38,10,"1,783.00","17,830.00"
2021-05-10,2021051005002965,NICLBSL,34,51,10,"1,782.00","17,820.00"
2021-05-10,2021051005002964,NICLBSL,34,1,10,"1,781.00","17,810.00"
2021-05-10,2021051005002953,NICLBSL,41,53,19,"1,781.00","33,839.00"
2021-05-10,2021051005002950,NICLBSL,7,51,10,"1,781.00","17,810.00"
2021-05-10,2021051005002948,NICLBSL,7,48,10,"1,781.00","17,810.00"
2021-05-10,2021051005002946,NICLBSL,7,42,10,"1,781.00","17,810.00"
2021-05-10,2021051005003018,NICLBSL,44,58,20,"1,780.00","35,600.00"
2021-05-10,2021051005003005,NICLBSL,44,48,10,"1,780.00","17,800.00"
2021-05-10,2021051005003004,NICLBSL,21,57,10,"1,780.00","17,800.00"
2021-05-10,2021051005003003,NICLBSL,29,57,40,"1,780.00","71,200.00"
2021-05-10,2021051005002995,NICLBSL,29,49,10,"1,780.00","17,800.00"
2021-05-10,2021051005002974,NICLBSL,57,18,10,"1,780.00","17,800.00"
2021-05-10,2021051005003040,NICLBSL,35,21,94,"1,777.00","167,038.00"
2021-05-10,2021051005003038,NICLBSL,8,6,50,"1,778.00","88,900.00"
2021-05-10,2021051005003032,NICLBSL,34,37,10,"1,778.00","17,780.00"
2021-05-10,2021051005003031,NICLBSL,34,58,10,"1,778.00","17,780.00"
2021-05-10,2021051005003030,NICLBSL,34,51,10,"1,778.00","17,780.00"
2021-05-10,2021051005003026,NICLBSL,34,41,20,"1,778.00","35,560.00"
2021-05-10,2021051005003049,NICLBSL,59,37,10,"1,777.00","17,770.00"
2021-05-10,2021051005003048,NICLBSL,59,34,10,"1,777.00","17,770.00"
2021-05-10,2021051005003046,NICLBSL,33,51,10,"1,776.00","17,760.00"
2021-05-10,2021051005003045,NICLBSL,21,34,10,"1,777.00","17,770.00"
2021-05-10,2021051005003044,NICLBSL,21,58,10,"1,777.00","17,770.00"
2021-05-10,2021051005003041,NICLBSL,34,25,10,"1,778.00","17,780.00"
2021-05-10,2021051005003057,NICLBSL,33,29,10,"1,776.00","17,760.00"
2021-05-10,2021051005003056,NICLBSL,59,34,10,"1,777.00","17,770.00"
2021-05-10,2021051005003055,NICLBSL,59,17,20,"1,777.00","35,540.00"
2021-05-10,2021051005003053,NICLBSL,59,37,10,"1,777.00","17,770.00"
2021-05-10,2021051005003051,NICLBSL,59,51,10,"1,777.00","17,770.00"
2021-05-10,2021051005003050,NICLBSL,59,19,30,"1,777.00","53,310.00"
2021-05-10,2021051005003075,NICLBSL,21,21,10,"1,776.00","17,760.00"
2021-05-10,2021051005003067,NICLBSL,33,26,10,"1,776.00","17,760.00"
2021-05-10,2021051005003065,NICLBSL,33,17,10,"1,776.00","17,760.00"
2021-05-10,2021051005003063,NICLBSL,33,29,10,"1,776.00","17,760.00"
2021-05-10,2021051005003062,NICLBSL,5,54,10,"1,777.00","17,770.00"
2021-05-10,2021051005003058,NICLBSL,34,17,10,"1,777.00","17,770.00"
2021-05-10,2021051005003087,NICLBSL,55,58,65,"1,780.00","115,700.00"
2021-05-10,2021051005003085,NICLBSL,21,48,10,"1,776.00","17,760.00"
2021-05-10,2021051005003084,NICLBSL,21,26,10,"1,776.00","17,760.00"
2021-05-10,2021051005003080,NICLBSL,21,38,10,"1,776.00","17,760.00"
2021-05-10,2021051005003079,NICLBSL,21,45,10,"1,776.00","17,760.00"
2021-05-10,2021051005003078,NICLBSL,21,42,10,"1,776.00","17,760.00"
2021-05-10,2021051005003093,NICLBSL,58,42,10,"1,781.00","17,810.00"
2021-05-10,2021051005003092,NICLBSL,21,17,10,"1,776.00","17,760.00"
2021-05-10,2021051005003091,NICLBSL,21,48,10,"1,776.00","17,760.00"
2021-05-10,2021051005003090,NICLBSL,55,42,10,"1,780.00","17,800.00"
2021-05-10,2021051005003089,NICLBSL,55,14,10,"1,780.00","17,800.00"
2021-05-10,2021051005003088,NICLBSL,55,50,10,"1,780.00","17,800.00"
2021-05-10,2021051005003102,NICLBSL,55,54,10,"1,777.00","17,770.00"
2021-05-10,2021051005003101,NICLBSL,55,36,10,"1,777.00","17,770.00"
2021-05-10,2021051005003099,NICLBSL,55,17,10,"1,777.00","17,770.00"
2021-05-10,2021051005003097,NICLBSL,8,51,14,"1,782.00","24,948.00"
2021-05-10,2021051005003096,NICLBSL,21,17,10,"1,776.00","17,760.00"
2021-05-10,2021051005003094,NICLBSL,58,51,20,"1,782.00","35,640.00"
2021-05-10,2021051005003113,NICLBSL,57,54,10,"1,777.00","17,770.00"
2021-05-10,2021051005003111,NICLBSL,55,35,10,"1,777.00","17,770.00"
2021-05-10,2021051005003108,NICLBSL,19,51,10,"1,782.00","17,820.00"
2021-05-10,2021051005003107,NICLBSL,55,54,10,"1,777.00","17,770.00"
2021-05-10,2021051005003105,NICLBSL,55,17,10,"1,777.00","17,770.00"
2021-05-10,2021051005003103,NICLBSL,55,29,41,"1,777.00","72,857.00"
2021-05-10,2021051005003132,NICLBSL,47,51,16,"1,782.00","28,512.00"
2021-05-10,2021051005003124,NICLBSL,22,51,50,"1,782.00","89,100.00"
2021-05-10,2021051005003121,NICLBSL,38,26,10,"1,777.00","17,770.00"
2021-05-10,2021051005003119,NICLBSL,38,11,10,"1,777.00","17,770.00"
2021-05-10,2021051005003118,NICLBSL,38,48,10,"1,777.00","17,770.00"
2021-05-10,2021051005003117,NICLBSL,38,13,10,"1,777.00","17,770.00"
2021-05-10,2021051005003141,NICLBSL,14,34,10,"1,782.00","17,820.00"
2021-05-10,2021051005003140,NICLBSL,14,21,10,"1,780.00","17,800.00"
2021-05-10,2021051005003137,NICLBSL,58,57,10,"1,779.00","17,790.00"
2021-05-10,2021051005003135,NICLBSL,38,51,10,"1,783.00","17,830.00"
2021-05-10,2021051005003134,NICLBSL,47,8,10,"1,782.00","17,820.00"
2021-05-10,2021051005003133,NICLBSL,47,34,10,"1,782.00","17,820.00"
2021-05-10,2021051005003153,NICLBSL,38,41,10,"1,780.00","17,800.00"
2021-05-10,2021051005003151,NICLBSL,43,32,10,"1,782.00","17,820.00"
2021-05-10,2021051005003147,NICLBSL,38,38,10,"1,780.00","17,800.00"
2021-05-10,2021051005003144,NICLBSL,14,43,20,"1,783.00","35,660.00"
2021-05-10,2021051005003143,NICLBSL,14,49,10,"1,783.00","17,830.00"
2021-05-10,2021051005003142,NICLBSL,14,47,200,"1,782.00","356,400.00"
2021-05-10,2021051005003131,RURU,40,22,10,602.00,"6,020.00"
2021-05-10,2021051005002840,RURU,40,28,10,602.00,"6,020.00"
2021-05-10,2021051005002795,RURU,40,26,10,602.00,"6,020.00"
2021-05-10,2021051005002776,RURU,40,55,10,602.00,"6,020.00"
2021-05-10,2021051005002657,MLBSL,54,22,10,"4,510.00","45,100.00"
2021-05-10,2021051005002656,MLBSL,14,26,10,"4,510.00","45,100.00"
2021-05-10,2021051005002655,MLBSL,22,41,10,"4,510.00","45,100.00"
2021-05-10,2021051005002652,MLBSL,17,16,10,"4,510.00","45,100.00"
2021-05-10,2021051005002651,MLBSL,17,35,10,"4,510.00","45,100.00"
2021-05-10,2021051005002648,MLBSL,37,22,10,"4,506.00","45,060.00"
2021-05-10,2021051005002165,MLBSL,38,36,10,"4,416.00","44,160.00"
2021-05-10,2021051005002164,MLBSL,16,14,10,"4,420.00","44,200.00"
2021-05-10,2021051005002163,MLBSL,3,13,10,"4,416.00","44,160.00"
2021-05-10,2021051005002162,MLBSL,3,49,10,"4,416.00","44,160.00"
2021-05-10,2021051005002173,MLBSL,7,58,10,"4,410.00","44,100.00"
2021-05-10,2021051005002171,MLBSL,7,22,10,"4,408.00","44,080.00"
2021-05-10,2021051005002170,MLBSL,7,33,10,"4,408.00","44,080.00"
2021-05-10,2021051005002169,MLBSL,7,58,10,"4,408.00","44,080.00"
2021-05-10,2021051005002167,MLBSL,13,45,10,"4,415.00","44,150.00"
2021-05-10,2021051005002166,MLBSL,59,11,10,"4,415.00","44,150.00"
2021-05-10,2021051005002179,MLBSL,21,32,10,"4,408.00","44,080.00"
2021-05-10,2021051005002178,MLBSL,7,52,10,"4,420.00","44,200.00"
2021-05-10,2021051005002177,MLBSL,7,35,10,"4,420.00","44,200.00"
2021-05-10,2021051005002176,MLBSL,7,49,10,"4,420.00","44,200.00"
2021-05-10,2021051005002175,MLBSL,7,49,10,"4,416.00","44,160.00"
2021-05-10,2021051005002174,MLBSL,7,34,10,"4,413.00","44,130.00"
2021-05-10,2021051005002186,MLBSL,19,26,10,"4,410.00","44,100.00"
2021-05-10,2021051005002184,MLBSL,3,13,10,"4,409.00","44,090.00"
2021-05-10,2021051005002183,MLBSL,7,51,10,"4,425.00","44,250.00"
2021-05-10,2021051005002182,MLBSL,7,54,10,"4,420.00","44,200.00"
2021-05-10,2021051005002181,MLBSL,7,16,10,"4,410.00","44,100.00"
2021-05-10,2021051005002180,MLBSL,3,36,10,"4,409.00","44,090.00"
2021-05-10,2021051005002193,MLBSL,20,8,10,"4,411.00","44,110.00"
2021-05-10,2021051005002191,MLBSL,7,58,10,"4,415.00","44,150.00"
2021-05-10,2021051005002190,MLBSL,19,29,10,"4,410.00","44,100.00"
2021-05-10,2021051005002189,MLBSL,19,58,10,"4,410.00","44,100.00"
2021-05-10,2021051005002188,MLBSL,19,58,10,"4,410.00","44,100.00"
2021-05-10,2021051005002187,MLBSL,19,22,10,"4,410.00","44,100.00"
2021-05-10,2021051005002205,MLBSL,49,49,10,"4,412.00","44,120.00"
2021-05-10,2021051005002204,MLBSL,49,49,10,"4,412.00","44,120.00"
2021-05-10,2021051005002200,MLBSL,3,55,10,"4,411.00","44,110.00"
2021-05-10,2021051005002198,MLBSL,3,38,10,"4,411.00","44,110.00"
2021-05-10,2021051005002196,MLBSL,3,32,10,"4,411.00","44,110.00"
2021-05-10,2021051005002194,MLBSL,20,45,10,"4,411.00","44,110.00"
2021-05-10,2021051005002214,MLBSL,35,20,10,"4,420.00","44,200.00"
2021-05-10,2021051005002212,MLBSL,35,35,10,"4,420.00","44,200.00"
2021-05-10,2021051005002211,MLBSL,17,17,10,"4,415.00","44,150.00"
2021-05-10,2021051005002209,MLBSL,49,56,10,"4,412.00","44,120.00"
2021-05-10,2021051005002208,MLBSL,58,55,10,"4,420.00","44,200.00"
2021-05-10,2021051005002206,MLBSL,49,10,10,"4,412.00","44,120.00"
2021-05-10,2021051005002229,MLBSL,49,52,10,"4,430.00","44,300.00"
2021-05-10,2021051005002228,MLBSL,49,48,10,"4,429.00","44,290.00"
2021-05-10,2021051005002227,MLBSL,49,42,10,"4,426.00","44,260.00"
2021-05-10,2021051005002226,MLBSL,58,57,10,"4,425.00","44,250.00"
2021-05-10,2021051005002225,MLBSL,58,6,10,"4,425.00","44,250.00"
2021-05-10,2021051005002224,MLBSL,58,3,10,"4,425.00","44,250.00"
2021-05-10,2021051005002235,MLBSL,49,26,10,"4,430.00","44,300.00"
2021-05-10,2021051005002234,MLBSL,49,29,10,"4,430.00","44,300.00"
2021-05-10,2021051005002233,MLBSL,49,41,10,"4,430.00","44,300.00"
2021-05-10,2021051005002232,MLBSL,49,52,10,"4,430.00","44,300.00"
2021-05-10,2021051005002231,MLBSL,49,41,10,"4,430.00","44,300.00"
2021-05-10,2021051005002230,MLBSL,49,40,10,"4,430.00","44,300.00"
2021-05-10,2021051005002242,MLBSL,44,16,10,"4,430.00","44,300.00"
2021-05-10,2021051005002241,MLBSL,44,39,10,"4,430.00","44,300.00"
2021-05-10,2021051005002240,MLBSL,33,45,10,"4,431.00","44,310.00"
2021-05-10,2021051005002239,MLBSL,44,39,10,"4,430.00","44,300.00"
2021-05-10,2021051005002237,MLBSL,49,11,10,"4,430.00","44,300.00"
2021-05-10,2021051005002236,MLBSL,45,49,10,"4,431.00","44,310.00"
2021-05-10,2021051005002255,MLBSL,35,7,10,"4,440.00","44,400.00"
2021-05-10,2021051005002254,MLBSL,35,6,10,"4,440.00","44,400.00"
2021-05-10,2021051005002253,MLBSL,35,35,10,"4,440.00","44,400.00"
2021-05-10,2021051005002252,MLBSL,35,34,50,"4,440.00","222,000.00"
2021-05-10,2021051005002251,MLBSL,35,58,10,"4,435.00","44,350.00"
2021-05-10,2021051005002243,MLBSL,45,48,10,"4,430.00","44,300.00"
2021-05-10,2021051005002262,MLBSL,35,39,10,"4,435.00","44,350.00"
2021-05-10,2021051005002261,MLBSL,49,34,40,"4,450.00","178,000.00"
2021-05-10,2021051005002260,MLBSL,49,21,10,"4,450.00","44,500.00"
2021-05-10,2021051005002259,MLBSL,49,34,10,"4,442.00","44,420.00"
2021-05-10,2021051005002257,MLBSL,45,39,10,"4,430.00","44,300.00"
2021-05-10,2021051005002256,MLBSL,35,47,10,"4,442.00","44,420.00"
2021-05-10,2021051005002268,MLBSL,35,7,10,"4,450.00","44,500.00"
2021-05-10,2021051005002267,MLBSL,35,46,10,"4,450.00","44,500.00"
2021-05-10,2021051005002266,MLBSL,35,35,10,"4,450.00","44,500.00"
2021-05-10,2021051005002265,MLBSL,35,39,10,"4,450.00","44,500.00"
2021-05-10,2021051005002264,MLBSL,35,35,10,"4,450.00","44,500.00"
2021-05-10,2021051005002263,MLBSL,35,34,10,"4,450.00","44,500.00"
2021-05-10,2021051005002274,MLBSL,35,29,10,"4,450.00","44,500.00"
2021-05-10,2021051005002273,MLBSL,35,55,10,"4,450.00","44,500.00"
2021-05-10,2021051005002272,MLBSL,35,6,10,"4,450.00","44,500.00"
2021-05-10,2021051005002271,MLBSL,35,55,10,"4,450.00","44,500.00"
2021-05-10,2021051005002270,MLBSL,35,57,10,"4,450.00","44,500.00"
2021-05-10,2021051005002269,MLBSL,35,25,10,"4,450.00","44,500.00"
2021-05-10,2021051005002280,MLBSL,35,56,10,"4,450.00","44,500.00"
2021-05-10,2021051005002279,MLBSL,35,45,10,"4,450.00","44,500.00"
2021-05-10,2021051005002278,MLBSL,35,51,10,"4,450.00","44,500.00"
2021-05-10,2021051005002277,MLBSL,35,55,10,"4,450.00","44,500.00"
2021-05-10,2021051005002276,MLBSL,35,22,10,"4,450.00","44,500.00"
2021-05-10,2021051005002275,MLBSL,35,29,10,"4,450.00","44,500.00"
2021-05-10,2021051005002286,MLBSL,49,53,10,"4,450.00","44,500.00"
2021-05-10,2021051005002285,MLBSL,35,58,10,"4,435.00","44,350.00"
2021-05-10,2021051005002284,MLBSL,35,17,10,"4,435.00","44,350.00"
2021-05-10,2021051005002283,MLBSL,35,6,10,"4,435.00","44,350.00"
2021-05-10,2021051005002282,MLBSL,35,7,10,"4,450.00","44,500.00"
2021-05-10,2021051005002281,MLBSL,35,47,10,"4,450.00","44,500.00"
2021-05-10,2021051005002292,MLBSL,49,48,10,"4,450.00","44,500.00"
2021-05-10,2021051005002291,MLBSL,49,20,10,"4,450.00","44,500.00"
2021-05-10,2021051005002290,MLBSL,49,36,10,"4,450.00","44,500.00"
2021-05-10,2021051005002289,MLBSL,49,25,10,"4,450.00","44,500.00"
2021-05-10,2021051005002288,MLBSL,49,46,10,"4,450.00","44,500.00"
2021-05-10,2021051005002287,MLBSL,49,17,10,"4,450.00","44,500.00"
2021-05-10,2021051005002298,MLBSL,50,34,10,"4,452.00","44,520.00"
2021-05-10,2021051005002297,MLBSL,50,16,10,"4,452.00","44,520.00"
2021-05-10,2021051005002296,MLBSL,49,55,10,"4,450.00","44,500.00"
2021-05-10,2021051005002295,MLBSL,49,21,10,"4,450.00","44,500.00"
2021-05-10,2021051005002294,MLBSL,50,49,10,"4,451.00","44,510.00"
2021-05-10,2021051005002293,MLBSL,49,58,10,"4,450.00","44,500.00"
2021-05-10,2021051005002307,MLBSL,35,19,10,"4,453.00","44,530.00"
2021-05-10,2021051005002306,MLBSL,29,58,10,"4,454.00","44,540.00"
2021-05-10,2021051005002303,MLBSL,35,52,10,"4,453.00","44,530.00"
2021-05-10,2021051005002302,MLBSL,35,55,10,"4,451.00","44,510.00"
2021-05-10,2021051005002301,MLBSL,19,55,10,"4,451.00","44,510.00"
2021-05-10,2021051005002299,MLBSL,50,49,10,"4,452.00","44,520.00"
2021-05-10,2021051005002316,MLBSL,13,4,10,"4,455.00","44,550.00"
2021-05-10,2021051005002315,MLBSL,13,45,10,"4,455.00","44,550.00"
2021-05-10,2021051005002314,MLBSL,13,22,10,"4,455.00","44,550.00"
2021-05-10,2021051005002313,MLBSL,13,38,10,"4,455.00","44,550.00"
2021-05-10,2021051005002312,MLBSL,17,22,10,"4,453.00","44,530.00"
2021-05-10,2021051005002310,MLBSL,35,17,10,"4,453.00","44,530.00"
2021-05-10,2021051005002324,MLBSL,47,51,10,"4,460.00","44,600.00"
2021-05-10,2021051005002323,MLBSL,47,21,10,"4,460.00","44,600.00"
2021-05-10,2021051005002322,MLBSL,47,58,10,"4,457.00","44,570.00"
2021-05-10,2021051005002321,MLBSL,47,35,10,"4,457.00","44,570.00"
2021-05-10,2021051005002320,MLBSL,43,58,10,"4,455.00","44,550.00"
2021-05-10,2021051005002317,MLBSL,43,32,10,"4,455.00","44,550.00"
2021-05-10,2021051005002346,MLBSL,58,58,10,"4,453.00","44,530.00"
2021-05-10,2021051005002344,MLBSL,58,49,10,"4,453.00","44,530.00"
2021-05-10,2021051005002340,MLBSL,58,26,10,"4,455.00","44,550.00"
2021-05-10,2021051005002335,MLBSL,29,26,10,"4,455.00","44,550.00"
2021-05-10,2021051005002326,MLBSL,47,14,10,"4,460.00","44,600.00"
2021-05-10,2021051005002325,MLBSL,47,36,10,"4,460.00","44,600.00"
2021-05-10,2021051005002371,MLBSL,52,38,10,"4,452.00","44,520.00"
2021-05-10,2021051005002368,MLBSL,6,38,10,"4,460.00","44,600.00"
2021-05-10,2021051005002367,MLBSL,6,36,10,"4,460.00","44,600.00"
2021-05-10,2021051005002366,MLBSL,50,38,10,"4,455.00","44,550.00"
2021-05-10,2021051005002365,MLBSL,50,45,10,"4,453.00","44,530.00"
2021-05-10,2021051005002351,MLBSL,58,3,10,"4,453.00","44,530.00"
2021-05-10,2021051005002385,MLBSL,10,21,10,"4,456.00","44,560.00"
2021-05-10,2021051005002378,MLBSL,10,41,10,"4,456.00","44,560.00"
2021-05-10,2021051005002377,MLBSL,1,41,10,"4,460.00","44,600.00"
2021-05-10,2021051005002376,MLBSL,1,57,10,"4,460.00","44,600.00"
2021-05-10,2021051005002375,MLBSL,1,34,10,"4,460.00","44,600.00"
2021-05-10,2021051005002374,MLBSL,7,32,10,"4,455.00","44,550.00"
2021-05-10,2021051005002392,MLBSL,46,28,10,"4,460.00","44,600.00"
2021-05-10,2021051005002391,MLBSL,41,41,10,"4,460.00","44,600.00"
2021-05-10,2021051005002390,MLBSL,41,44,10,"4,460.00","44,600.00"
2021-05-10,2021051005002389,MLBSL,41,41,10,"4,460.00","44,600.00"
2021-05-10,2021051005002388,MLBSL,41,38,10,"4,460.00","44,600.00"
2021-05-10,2021051005002387,MLBSL,41,41,10,"4,460.00","44,600.00"
2021-05-10,2021051005002409,MLBSL,46,35,10,"4,475.00","44,750.00"
2021-05-10,2021051005002408,MLBSL,46,58,10,"4,475.00","44,750.00"
2021-05-10,2021051005002407,MLBSL,46,58,10,"4,475.00","44,750.00"
2021-05-10,2021051005002406,MLBSL,1,49,10,"4,477.00","44,770.00"
2021-05-10,2021051005002394,MLBSL,46,42,10,"4,475.00","44,750.00"
2021-05-10,2021051005002393,MLBSL,46,21,10,"4,470.00","44,700.00"
2021-05-10,2021051005002420,MLBSL,29,25,10,"4,466.00","44,660.00"
2021-05-10,2021051005002419,MLBSL,58,48,10,"4,475.00","44,750.00"
2021-05-10,2021051005002415,MLBSL,34,35,10,"4,465.00","44,650.00"
2021-05-10,2021051005002413,MLBSL,46,35,10,"4,461.00","44,610.00"
2021-05-10,2021051005002411,MLBSL,3,45,10,"4,460.00","44,600.00"
2021-05-10,2021051005002410,MLBSL,46,16,40,"4,475.00","179,000.00"
2021-05-10,2021051005002457,MLBSL,34,58,10,"4,470.00","44,700.00"
2021-05-10,2021051005002452,MLBSL,34,8,10,"4,470.00","44,700.00"
2021-05-10,2021051005002450,MLBSL,46,57,10,"4,470.00","44,700.00"
2021-05-10,2021051005002439,MLBSL,22,21,10,"4,470.00","44,700.00"
2021-05-10,2021051005002437,MLBSL,6,10,10,"4,466.00","44,660.00"
2021-05-10,2021051005002423,MLBSL,6,58,10,"4,466.00","44,660.00"
2021-05-10,2021051005002470,MLBSL,34,49,10,"4,470.00","44,700.00"
2021-05-10,2021051005002467,MLBSL,34,10,10,"4,470.00","44,700.00"
2021-05-10,2021051005002464,MLBSL,34,43,10,"4,470.00","44,700.00"
2021-05-10,2021051005002461,MLBSL,47,59,10,"4,475.00","44,750.00"
2021-05-10,2021051005002460,MLBSL,55,43,10,"4,471.00","44,710.00"
2021-05-10,2021051005002458,MLBSL,34,38,10,"4,470.00","44,700.00"
2021-05-10,2021051005002494,MLBSL,34,57,50,"4,477.00","223,850.00"
2021-05-10,2021051005002491,MLBSL,41,39,10,"4,472.00","44,720.00"
2021-05-10,2021051005002490,MLBSL,41,54,10,"4,472.00","44,720.00"
2021-05-10,2021051005002484,MLBSL,19,49,10,"4,471.00","44,710.00"
2021-05-10,2021051005002479,MLBSL,34,58,10,"4,470.00","44,700.00"
2021-05-10,2021051005002477,MLBSL,34,34,10,"4,470.00","44,700.00"
2021-05-10,2021051005002511,MLBSL,42,34,10,"4,478.00","44,780.00"
2021-05-10,2021051005002510,MLBSL,42,58,10,"4,476.00","44,760.00"
2021-05-10,2021051005002509,MLBSL,34,58,10,"4,470.00","44,700.00"
2021-05-10,2021051005002506,MLBSL,58,41,10,"4,477.00","44,770.00"
2021-05-10,2021051005002499,MLBSL,45,17,40,"4,477.00","179,080.00"
2021-05-10,2021051005002495,MLBSL,45,45,10,"4,477.00","44,770.00"
2021-05-10,2021051005002519,MLBSL,32,45,10,"4,485.00","44,850.00"
2021-05-10,2021051005002517,MLBSL,50,57,100,"4,470.00","447,000.00"
2021-05-10,2021051005002516,MLBSL,34,14,10,"4,470.00","44,700.00"
2021-05-10,2021051005002514,MLBSL,42,38,10,"4,480.00","44,800.00"
2021-05-10,2021051005002513,MLBSL,42,57,10,"4,480.00","44,800.00"
2021-05-10,2021051005002512,MLBSL,42,49,10,"4,480.00","44,800.00"
2021-05-10,2021051005002526,MLBSL,32,43,10,"4,490.00","44,900.00"
2021-05-10,2021051005002524,MLBSL,32,38,10,"4,490.00","44,900.00"
2021-05-10,2021051005002523,MLBSL,32,11,10,"4,490.00","44,900.00"
2021-05-10,2021051005002522,MLBSL,32,50,10,"4,490.00","44,900.00"
2021-05-10,2021051005002521,MLBSL,32,58,10,"4,488.00","44,880.00"
2021-05-10,2021051005002520,MLBSL,32,29,10,"4,485.00","44,850.00"
2021-05-10,2021051005002537,MLBSL,10,40,10,"4,492.00","44,920.00"
2021-05-10,2021051005002536,MLBSL,52,58,10,"4,490.00","44,900.00"
2021-05-10,2021051005002534,MLBSL,45,49,10,"4,491.00","44,910.00"
2021-05-10,2021051005002532,MLBSL,32,49,10,"4,490.00","44,900.00"
2021-05-10,2021051005002531,MLBSL,32,58,10,"4,490.00","44,900.00"
2021-05-10,2021051005002530,MLBSL,32,43,10,"4,490.00","44,900.00"
2021-05-10,2021051005002543,MLBSL,10,48,10,"4,500.00","45,000.00"
2021-05-10,2021051005002542,MLBSL,10,14,10,"4,500.00","45,000.00"
2021-05-10,2021051005002541,MLBSL,10,17,10,"4,496.00","44,960.00"
2021-05-10,2021051005002540,MLBSL,10,59,10,"4,496.00","44,960.00"
2021-05-10,2021051005002539,MLBSL,10,58,10,"4,495.00","44,950.00"
2021-05-10,2021051005002538,MLBSL,10,29,10,"4,494.00","44,940.00"
2021-05-10,2021051005002549,MLBSL,10,35,10,"4,500.00","45,000.00"
2021-05-10,2021051005002548,MLBSL,10,57,10,"4,500.00","45,000.00"
2021-05-10,2021051005002547,MLBSL,10,41,10,"4,500.00","45,000.00"
2021-05-10,2021051005002546,MLBSL,10,36,10,"4,500.00","45,000.00"
2021-05-10,2021051005002545,MLBSL,10,45,10,"4,500.00","45,000.00"
2021-05-10,2021051005002544,MLBSL,10,11,10,"4,500.00","45,000.00"
2021-05-10,2021051005002555,MLBSL,10,21,10,"4,500.00","45,000.00"
2021-05-10,2021051005002554,MLBSL,10,5,10,"4,500.00","45,000.00"
2021-05-10,2021051005002553,MLBSL,10,49,10,"4,500.00","45,000.00"
2021-05-10,2021051005002552,MLBSL,10,57,10,"4,500.00","45,000.00"
2021-05-10,2021051005002551,MLBSL,10,6,10,"4,500.00","45,000.00"
2021-05-10,2021051005002550,MLBSL,10,51,10,"4,500.00","45,000.00"
2021-05-10,2021051005002561,MLBSL,10,25,10,"4,500.00","45,000.00"
2021-05-10,2021051005002560,MLBSL,10,47,10,"4,500.00","45,000.00"
2021-05-10,2021051005002559,MLBSL,10,29,10,"4,500.00","45,000.00"
2021-05-10,2021051005002558,MLBSL,10,45,10,"4,500.00","45,000.00"
2021-05-10,2021051005002557,MLBSL,10,40,10,"4,500.00","45,000.00"
2021-05-10,2021051005002556,MLBSL,10,58,10,"4,500.00","45,000.00"
2021-05-10,2021051005002567,MLBSL,10,21,10,"4,500.00","45,000.00"
2021-05-10,2021051005002566,MLBSL,10,21,10,"4,500.00","45,000.00"
2021-05-10,2021051005002565,MLBSL,10,22,10,"4,500.00","45,000.00"
2021-05-10,2021051005002564,MLBSL,10,57,10,"4,500.00","45,000.00"
2021-05-10,2021051005002563,MLBSL,10,29,10,"4,500.00","45,000.00"
2021-05-10,2021051005002562,MLBSL,10,32,10,"4,500.00","45,000.00"
2021-05-10,2021051005002573,MLBSL,10,33,10,"4,500.00","45,000.00"
2021-05-10,2021051005002572,MLBSL,10,48,10,"4,500.00","45,000.00"
2021-05-10,2021051005002571,MLBSL,10,41,10,"4,500.00","45,000.00"
2021-05-10,2021051005002570,MLBSL,10,45,10,"4,500.00","45,000.00"
2021-05-10,2021051005002569,MLBSL,10,28,10,"4,500.00","45,000.00"
2021-05-10,2021051005002568,MLBSL,10,49,10,"4,500.00","45,000.00"
2021-05-10,2021051005002579,MLBSL,10,3,10,"4,512.00","45,120.00"
2021-05-10,2021051005002578,MLBSL,10,41,10,"4,510.00","45,100.00"
2021-05-10,2021051005002577,MLBSL,10,38,10,"4,510.00","45,100.00"
2021-05-10,2021051005002576,MLBSL,10,44,10,"4,505.00","45,050.00"
2021-05-10,2021051005002575,MLBSL,10,16,10,"4,500.00","45,000.00"
2021-05-10,2021051005002574,MLBSL,10,21,10,"4,500.00","45,000.00"
2021-05-10,2021051005002585,MLBSL,10,7,10,"4,518.00","45,180.00"
2021-05-10,2021051005002584,MLBSL,10,47,10,"4,518.00","45,180.00"
2021-05-10,2021051005002583,MLBSL,10,42,10,"4,518.00","45,180.00"
2021-05-10,2021051005002582,MLBSL,10,51,10,"4,518.00","45,180.00"
2021-05-10,2021051005002581,MLBSL,10,22,10,"4,515.00","45,150.00"
2021-05-10,2021051005002580,MLBSL,10,47,10,"4,515.00","45,150.00"
2021-05-10,2021051005002597,MLBSL,14,11,10,"4,519.00","45,190.00"
2021-05-10,2021051005002596,MLBSL,45,44,10,"4,500.00","45,000.00"
2021-05-10,2021051005002594,MLBSL,45,43,10,"4,500.00","45,000.00"
2021-05-10,2021051005002588,MLBSL,45,57,10,"4,500.00","45,000.00"
2021-05-10,2021051005002587,MLBSL,45,58,10,"4,491.00","44,910.00"
2021-05-10,2021051005002586,MLBSL,10,39,10,"4,518.00","45,180.00"
2021-05-10,2021051005002611,MLBSL,58,34,10,"4,525.00","45,250.00"
2021-05-10,2021051005002602,MLBSL,45,44,10,"4,500.00","45,000.00"
2021-05-10,2021051005002601,MLBSL,14,42,10,"4,520.00","45,200.00"
2021-05-10,2021051005002600,MLBSL,14,16,10,"4,520.00","45,200.00"
2021-05-10,2021051005002599,MLBSL,14,7,10,"4,520.00","45,200.00"
2021-05-10,2021051005002598,MLBSL,14,39,10,"4,520.00","45,200.00"
2021-05-10,2021051005002621,MLBSL,45,21,10,"4,505.00","45,050.00"
2021-05-10,2021051005002618,MLBSL,45,44,10,"4,530.00","45,300.00"
2021-05-10,2021051005002617,MLBSL,45,21,10,"4,530.00","45,300.00"
2021-05-10,2021051005002616,MLBSL,45,16,10,"4,530.00","45,300.00"
2021-05-10,2021051005002615,MLBSL,45,42,10,"4,530.00","45,300.00"
2021-05-10,2021051005002614,MLBSL,45,45,10,"4,530.00","45,300.00"
2021-05-10,2021051005002645,MLBSL,58,34,10,"4,510.00","45,100.00"
2021-05-10,2021051005002642,MLBSL,35,35,10,"4,506.00","45,060.00"
2021-05-10,2021051005002639,MLBSL,35,58,10,"4,506.00","45,060.00"
2021-05-10,2021051005002628,MLBSL,28,8,10,"4,505.00","45,050.00"
2021-05-10,2021051005002625,MLBSL,33,7,10,"4,502.00","45,020.00"
2021-05-10,2021051005002622,MLBSL,22,45,10,"4,518.00","45,180.00"
2021-05-10,2021051005002661,NICLBSL,58,34,10,"1,792.00","17,920.00"
2021-05-10,2021051005002660,NICLBSL,3,37,10,"1,790.00","17,900.00"
2021-05-10,2021051005002659,NICLBSL,45,13,10,"1,790.00","17,900.00"
2021-05-10,2021051005002658,NICLBSL,45,58,10,"1,790.00","17,900.00"
2021-05-10,2021051005002654,NICLBSL,19,39,10,"1,791.00","17,910.00"
2021-05-10,2021051005002653,NICLBSL,19,38,10,"1,791.00","17,910.00"
2021-05-10,2021051005002195,NICLBSL,42,49,10,"1,775.00","17,750.00"
2021-05-10,2021051005002192,NICLBSL,58,17,10,"1,775.00","17,750.00"
2021-05-10,2021051005002185,NICLBSL,58,44,10,"1,775.00","17,750.00"
2021-05-10,2021051005002172,NICLBSL,28,40,10,"1,775.00","17,750.00"
2021-05-10,2021051005002168,NICLBSL,5,25,10,"1,773.00","17,730.00"
2021-05-10,2021051005002210,NICLBSL,42,22,10,"1,775.00","17,750.00"
2021-05-10,2021051005002207,NICLBSL,42,19,10,"1,775.00","17,750.00"
2021-05-10,2021051005002203,NICLBSL,42,59,10,"1,775.00","17,750.00"
2021-05-10,2021051005002202,NICLBSL,50,59,10,"1,776.00","17,760.00"
2021-05-10,2021051005002201,NICLBSL,50,22,10,"1,776.00","17,760.00"
2021-05-10,2021051005002197,NICLBSL,42,45,10,"1,775.00","17,750.00"
2021-05-10,2021051005002219,NICLBSL,41,58,10,"1,780.00","17,800.00"
2021-05-10,2021051005002218,NICLBSL,41,45,10,"1,780.00","17,800.00"
2021-05-10,2021051005002217,NICLBSL,41,21,10,"1,777.00","17,770.00"
2021-05-10,2021051005002216,NICLBSL,41,56,10,"1,777.00","17,770.00"
2021-05-10,2021051005002215,NICLBSL,41,13,10,"1,776.00","17,760.00"
2021-05-10,2021051005002213,NICLBSL,42,48,15,"1,775.00","26,625.00"
2021-05-10,2021051005002245,NICLBSL,47,42,10,"1,780.00","17,800.00"
2021-05-10,2021051005002244,NICLBSL,47,22,20,"1,777.00","35,540.00"
2021-05-10,2021051005002223,NICLBSL,42,41,10,"1,775.00","17,750.00"
2021-05-10,2021051005002222,NICLBSL,42,28,10,"1,775.00","17,750.00"
2021-05-10,2021051005002221,NICLBSL,41,46,10,"1,780.00","17,800.00"
2021-05-10,2021051005002220,NICLBSL,41,29,10,"1,780.00","17,800.00"
2021-05-10,2021051005002258,NICLBSL,5,19,20,"1,776.00","35,520.00"
2021-05-10,2021051005002250,NICLBSL,42,38,10,"1,775.00","17,750.00"
2021-05-10,2021051005002249,NICLBSL,47,34,10,"1,780.00","17,800.00"
2021-05-10,2021051005002248,NICLBSL,47,58,20,"1,780.00","35,600.00"
2021-05-10,2021051005002247,NICLBSL,47,46,10,"1,780.00","17,800.00"
2021-05-10,2021051005002246,NICLBSL,47,39,10,"1,780.00","17,800.00"
2021-05-10,2021051005002318,NICLBSL,58,14,10,"1,778.00","17,780.00"
2021-05-10,2021051005002311,NICLBSL,7,22,10,"1,777.00","17,770.00"
2021-05-10,2021051005002309,NICLBSL,16,16,50,"1,778.00","88,900.00"
2021-05-10,2021051005002308,NICLBSL,7,28,10,"1,777.00","17,770.00"
2021-05-10,2021051005002304,NICLBSL,7,38,10,"1,777.00","17,770.00"
2021-05-10,2021051005002300,NICLBSL,7,32,10,"1,777.00","17,770.00"
2021-05-10,2021051005002332,NICLBSL,16,48,10,"1,781.00","17,810.00"
2021-05-10,2021051005002331,NICLBSL,16,54,10,"1,780.00","17,800.00"
2021-05-10,2021051005002330,NICLBSL,16,58,10,"1,780.00","17,800.00"
2021-05-10,2021051005002329,NICLBSL,16,1,10,"1,780.00","17,800.00"
2021-05-10,2021051005002328,NICLBSL,16,46,10,"1,780.00","17,800.00"
2021-05-10,2021051005002327,NICLBSL,16,48,10,"1,780.00","17,800.00"
2021-05-10,2021051005002339,NICLBSL,14,45,10,"1,783.00","17,830.00"
2021-05-10,2021051005002338,NICLBSL,14,6,10,"1,783.00","17,830.00"
2021-05-10,2021051005002337,NICLBSL,14,29,10,"1,783.00","17,830.00"
2021-05-10,2021051005002336,NICLBSL,14,44,70,"1,783.00","124,810.00"
2021-05-10,2021051005002334,NICLBSL,16,44,30,"1,783.00","53,490.00"
2021-05-10,2021051005002333,NICLBSL,16,8,10,"1,782.00","17,820.00"
2021-05-10,2021051005002348,NICLBSL,53,34,10,"1,785.00","17,850.00"
2021-05-10,2021051005002347,NICLBSL,53,5,10,"1,785.00","17,850.00"
2021-05-10,2021051005002345,NICLBSL,53,20,10,"1,784.00","17,840.00"
2021-05-10,2021051005002343,NICLBSL,28,43,10,"1,784.00","17,840.00"
2021-05-10,2021051005002342,NICLBSL,52,43,10,"1,784.00","17,840.00"
2021-05-10,2021051005002341,NICLBSL,52,34,10,"1,784.00","17,840.00"
2021-05-10,2021051005002355,NICLBSL,53,6,10,"1,784.00","17,840.00"
2021-05-10,2021051005002354,NICLBSL,53,43,10,"1,784.00","17,840.00"
2021-05-10,2021051005002353,NICLBSL,53,58,20,"1,784.00","35,680.00"
2021-05-10,2021051005002352,NICLBSL,16,34,10,"1,783.00","17,830.00"
2021-05-10,2021051005002350,NICLBSL,16,19,10,"1,783.00","17,830.00"
2021-05-10,2021051005002349,NICLBSL,53,49,10,"1,785.00","17,850.00"
2021-05-10,2021051005002361,NICLBSL,53,14,10,"1,785.00","17,850.00"
2021-05-10,2021051005002360,NICLBSL,53,32,10,"1,785.00","17,850.00"
2021-05-10,2021051005002359,NICLBSL,53,58,10,"1,785.00","17,850.00"
2021-05-10,2021051005002358,NICLBSL,53,14,10,"1,785.00","17,850.00"
2021-05-10,2021051005002357,NICLBSL,53,1,10,"1,785.00","17,850.00"
2021-05-10,2021051005002356,NICLBSL,53,49,10,"1,785.00","17,850.00"
2021-05-10,2021051005002372,NICLBSL,19,6,10,"1,785.00","17,850.00"
2021-05-10,2021051005002370,NICLBSL,19,34,10,"1,785.00","17,850.00"
2021-05-10,2021051005002369,NICLBSL,19,6,10,"1,784.00","17,840.00"
2021-05-10,2021051005002364,NICLBSL,57,6,10,"1,784.00","17,840.00"
2021-05-10,2021051005002363,NICLBSL,53,34,90,"1,785.00","160,650.00"
2021-05-10,2021051005002362,NICLBSL,53,48,10,"1,785.00","17,850.00"
2021-05-10,2021051005002395,NICLBSL,19,10,51,"1,789.00","91,239.00"
2021-05-10,2021051005002386,NICLBSL,44,6,10,"1,786.00","17,860.00"
2021-05-10,2021051005002384,NICLBSL,44,14,10,"1,786.00","17,860.00"
2021-05-10,2021051005002383,NICLBSL,44,22,10,"1,786.00","17,860.00"
2021-05-10,2021051005002380,NICLBSL,19,6,10,"1,785.00","17,850.00"
2021-05-10,2021051005002373,NICLBSL,19,6,10,"1,785.00","17,850.00"
2021-05-10,2021051005002401,NICLBSL,19,34,35,"1,790.00","62,650.00"
2021-05-10,2021051005002400,NICLBSL,19,34,35,"1,790.00","62,650.00"
2021-05-10,2021051005002399,NICLBSL,19,56,20,"1,790.00","35,800.00"
2021-05-10,2021051005002398,NICLBSL,19,36,10,"1,790.00","17,900.00"
2021-05-10,2021051005002397,NICLBSL,19,34,35,"1,790.00","62,650.00"
2021-05-10,2021051005002396,NICLBSL,19,22,10,"1,790.00","17,900.00"
2021-05-10,2021051005002414,NICLBSL,58,13,10,"1,787.00","17,870.00"
2021-05-10,2021051005002412,NICLBSL,44,26,10,"1,786.00","17,860.00"
2021-05-10,2021051005002405,NICLBSL,19,57,10,"1,790.00","17,900.00"
2021-05-10,2021051005002404,NICLBSL,19,57,169,"1,790.00","302,510.00"
2021-05-10,2021051005002403,NICLBSL,19,49,10,"1,790.00","17,900.00"
2021-05-10,2021051005002402,NICLBSL,19,34,10,"1,790.00","17,900.00"
2021-05-10,2021051005002424,NICLBSL,7,26,10,"1,787.00","17,870.00"
2021-05-10,2021051005002422,NICLBSL,38,38,10,"1,789.00","17,890.00"
2021-05-10,2021051005002421,NICLBSL,58,19,10,"1,787.00","17,870.00"
2021-05-10,2021051005002418,NICLBSL,45,32,32,"1,790.00","57,280.00"
2021-05-10,2021051005002417,NICLBSL,45,59,10,"1,790.00","17,900.00"
2021-05-10,2021051005002416,NICLBSL,45,4,10,"1,789.00","17,890.00"
2021-05-10,2021051005002430,NICLBSL,7,34,10,"1,792.00","17,920.00"
2021-05-10,2021051005002429,NICLBSL,7,45,100,"1,792.00","179,200.00"
2021-05-10,2021051005002428,NICLBSL,7,18,10,"1,792.00","17,920.00"
2021-05-10,2021051005002427,NICLBSL,7,4,10,"1,790.00","17,900.00"
2021-05-10,2021051005002426,NICLBSL,7,11,10,"1,790.00","17,900.00"
2021-05-10,2021051005002425,NICLBSL,7,28,10,"1,787.00","17,870.00"
2021-05-10,2021051005002436,NICLBSL,57,19,10,"1,790.00","17,900.00"
2021-05-10,2021051005002435,NICLBSL,57,35,50,"1,794.00","89,700.00"
2021-05-10,2021051005002434,NICLBSL,25,51,10,"1,790.00","17,900.00"
2021-05-10,2021051005002433,NICLBSL,7,35,170,"1,794.00","304,980.00"
2021-05-10,2021051005002432,NICLBSL,7,39,50,"1,793.00","89,650.00"
2021-05-10,2021051005002431,NICLBSL,7,46,10,"1,793.00","17,930.00"
2021-05-10,2021051005002445,NICLBSL,34,38,10,"1,790.00","17,900.00"
2021-05-10,2021051005002444,NICLBSL,34,38,10,"1,790.00","17,900.00"
2021-05-10,2021051005002442,NICLBSL,7,34,20,"1,787.00","35,740.00"
2021-05-10,2021051005002441,NICLBSL,21,34,30,"1,788.00","53,640.00"
2021-05-10,2021051005002440,NICLBSL,7,10,10,"1,787.00","17,870.00"
2021-05-10,2021051005002438,NICLBSL,57,36,10,"1,790.00","17,900.00"
2021-05-10,2021051005002453,NICLBSL,44,38,20,"1,790.00","35,800.00"
2021-05-10,2021051005002451,NICLBSL,44,10,10,"1,790.00","17,900.00"
2021-05-10,2021051005002449,NICLBSL,50,38,10,"1,789.00","17,890.00"
2021-05-10,2021051005002448,NICLBSL,46,14,20,"1,790.00","35,800.00"
2021-05-10,2021051005002447,NICLBSL,50,55,10,"1,789.00","17,890.00"
2021-05-10,2021051005002446,NICLBSL,50,16,10,"1,789.00","17,890.00"
2021-05-10,2021051005002463,NICLBSL,50,10,10,"1,789.00","17,890.00"
2021-05-10,2021051005002462,NICLBSL,44,57,10,"1,790.00","17,900.00"
2021-05-10,2021051005002459,NICLBSL,44,10,10,"1,790.00","17,900.00"
2021-05-10,2021051005002456,NICLBSL,44,10,10,"1,790.00","17,900.00"
2021-05-10,2021051005002455,NICLBSL,18,47,10,"1,793.00","17,930.00"
2021-05-10,2021051005002454,NICLBSL,18,42,10,"1,793.00","17,930.00"
2021-05-10,2021051005002472,NICLBSL,43,28,10,"1,789.00","17,890.00"
2021-05-10,2021051005002471,NICLBSL,50,34,50,"1,789.00","89,450.00"
2021-05-10,2021051005002469,NICLBSL,57,58,10,"1,793.00","17,930.00"
2021-05-10,2021051005002468,NICLBSL,50,38,10,"1,789.00","17,890.00"
2021-05-10,2021051005002466,NICLBSL,50,29,10,"1,789.00","17,890.00"
2021-05-10,2021051005002465,NICLBSL,50,10,10,"1,789.00","17,890.00"
2021-05-10,2021051005002481,NICLBSL,57,29,10,"1,792.00","17,920.00"
2021-05-10,2021051005002480,NICLBSL,57,29,10,"1,792.00","17,920.00"
2021-05-10,2021051005002478,NICLBSL,43,10,10,"1,789.00","17,890.00"
2021-05-10,2021051005002476,NICLBSL,38,29,10,"1,792.00","17,920.00"
2021-05-10,2021051005002474,NICLBSL,43,34,10,"1,789.00","17,890.00"
2021-05-10,2021051005002473,NICLBSL,43,10,10,"1,789.00","17,890.00"
2021-05-10,2021051005002489,NICLBSL,13,22,10,"1,794.00","17,940.00"
2021-05-10,2021051005002488,NICLBSL,13,35,10,"1,794.00","17,940.00"
2021-05-10,2021051005002487,NICLBSL,13,29,10,"1,792.00","17,920.00"
2021-05-10,2021051005002486,NICLBSL,28,29,20,"1,792.00","35,840.00"
2021-05-10,2021051005002483,NICLBSL,43,28,10,"1,789.00","17,890.00"
2021-05-10,2021051005002482,NICLBSL,57,35,70,"1,794.00","125,580.00"
2021-05-10,2021051005002500,NICLBSL,45,29,10,"1,792.00","17,920.00"
2021-05-10,2021051005002498,NICLBSL,45,10,10,"1,790.00","17,900.00"
2021-05-10,2021051005002497,NICLBSL,43,58,20,"1,789.00","35,780.00"
2021-05-10,2021051005002496,NICLBSL,43,10,20,"1,789.00","35,780.00"
2021-05-10,2021051005002493,NICLBSL,13,29,10,"1,794.00","17,940.00"
2021-05-10,2021051005002492,NICLBSL,13,47,10,"1,794.00","17,940.00"
2021-05-10,2021051005002507,NICLBSL,45,10,10,"1,790.00","17,900.00"
2021-05-10,2021051005002505,NICLBSL,45,46,115,"1,795.00","206,425.00"
2021-05-10,2021051005002504,NICLBSL,45,34,30,"1,795.00","53,850.00"
2021-05-10,2021051005002503,NICLBSL,45,25,10,"1,795.00","17,950.00"
2021-05-10,2021051005002502,NICLBSL,45,36,10,"1,795.00","17,950.00"
2021-05-10,2021051005002501,NICLBSL,45,35,10,"1,794.00","17,940.00"
2021-05-10,2021051005002528,NICLBSL,43,10,10,"1,789.00","17,890.00"
2021-05-10,2021051005002527,NICLBSL,51,38,55,"1,790.00","98,450.00"
2021-05-10,2021051005002525,NICLBSL,47,10,10,"1,790.00","17,900.00"
2021-05-10,2021051005002518,NICLBSL,47,10,20,"1,790.00","35,800.00"
2021-05-10,2021051005002515,NICLBSL,47,49,10,"1,790.00","17,900.00"
2021-05-10,2021051005002508,NICLBSL,47,1,10,"1,790.00","17,900.00"
2021-05-10,2021051005002591,NICLBSL,45,29,10,"1,792.00","17,920.00"
2021-05-10,2021051005002590,NICLBSL,45,29,10,"1,792.00","17,920.00"
2021-05-10,2021051005002589,NICLBSL,45,29,10,"1,792.00","17,920.00"
2021-05-10,2021051005002535,NICLBSL,21,42,10,"1,791.00","17,910.00"
2021-05-10,2021051005002533,NICLBSL,57,29,20,"1,792.00","35,840.00"
2021-05-10,2021051005002529,NICLBSL,51,10,10,"1,789.00","17,890.00"
2021-05-10,2021051005002605,NICLBSL,29,54,10,"1,791.00","17,910.00"
2021-05-10,2021051005002604,NICLBSL,29,35,20,"1,791.00","35,820.00"
2021-05-10,2021051005002603,NICLBSL,29,19,10,"1,791.00","17,910.00"
2021-05-10,2021051005002595,NICLBSL,21,17,10,"1,791.00","17,910.00"
2021-05-10,2021051005002593,NICLBSL,45,29,10,"1,792.00","17,920.00"
2021-05-10,2021051005002592,NICLBSL,45,29,10,"1,792.00","17,920.00"
2021-05-10,2021051005002612,NICLBSL,29,49,10,"1,792.00","17,920.00"
2021-05-10,2021051005002610,NICLBSL,29,38,10,"1,792.00","17,920.00"
2021-05-10,2021051005002609,NICLBSL,29,34,10,"1,792.00","17,920.00"
2021-05-10,2021051005002608,NICLBSL,29,29,10,"1,792.00","17,920.00"
2021-05-10,2021051005002607,NICLBSL,29,42,10,"1,792.00","17,920.00"
2021-05-10,2021051005002606,NICLBSL,29,29,20,"1,792.00","35,840.00"
2021-05-10,2021051005002626,NICLBSL,43,58,10,"1,795.00","17,950.00"
2021-05-10,2021051005002624,NICLBSL,39,1,10,"1,796.00","17,960.00"
2021-05-10,2021051005002623,NICLBSL,39,56,10,"1,796.00","17,960.00"
2021-05-10,2021051005002620,NICLBSL,43,38,20,"1,795.00","35,900.00"
2021-05-10,2021051005002619,NICLBSL,43,49,10,"1,795.00","17,950.00"
2021-05-10,2021051005002613,NICLBSL,5,46,13,"1,795.00","23,335.00"
2021-05-10,2021051005002633,NICLBSL,29,58,10,"1,792.00","17,920.00"
2021-05-10,2021051005002632,NICLBSL,29,47,10,"1,792.00","17,920.00"
2021-05-10,2021051005002631,NICLBSL,43,22,24,"1,795.00","43,080.00"
2021-05-10,2021051005002630,NICLBSL,43,33,26,"1,795.00","46,670.00"
2021-05-10,2021051005002629,NICLBSL,43,47,10,"1,795.00","17,950.00"
2021-05-10,2021051005002627,NICLBSL,58,47,10,"1,796.00","17,960.00"
2021-05-10,2021051005002641,NICLBSL,29,47,10,"1,792.00","17,920.00"
2021-05-10,2021051005002640,NICLBSL,29,47,10,"1,792.00","17,920.00"
2021-05-10,2021051005002638,NICLBSL,41,22,44,"1,795.00","78,980.00"
2021-05-10,2021051005002636,NICLBSL,41,34,10,"1,795.00","17,950.00"
2021-05-10,2021051005002635,NICLBSL,41,47,10,"1,795.00","17,950.00"
2021-05-10,2021051005002634,NICLBSL,41,22,36,"1,795.00","64,620.00"
2021-05-10,2021051005002650,NICLBSL,6,49,10,"1,791.00","17,910.00"
2021-05-10,2021051005002649,NICLBSL,6,41,10,"1,791.00","17,910.00"
2021-05-10,2021051005002647,NICLBSL,29,39,10,"1,792.00","17,920.00"
2021-05-10,2021051005002646,NICLBSL,29,58,10,"1,792.00","17,920.00"
2021-05-10,2021051005002644,NICLBSL,29,47,10,"1,792.00","17,920.00"
2021-05-10,2021051005002643,NICLBSL,38,38,10,"1,793.00","17,930.00"
2021-05-10,2021051005002637,RURU,40,45,10,602.00,"6,020.00"
2021-05-10,2021051005002485,RURU,40,34,10,602.00,"6,020.00"
2021-05-10,2021051005002475,RURU,40,39,10,602.00,"6,020.00"
2021-05-10,2021051005002443,RURU,40,55,10,602.00,"6,020.00"
2021-05-10,2021051005002382,RURU,40,26,10,602.00,"6,020.00"
2021-05-10,2021051005002381,RURU,40,39,10,602.00,"6,020.00"
2021-05-10,2021051005002379,RURU,40,26,10,602.00,"6,020.00"
2021-05-10,2021051005002319,RURU,40,48,10,602.00,"6,020.00"
2021-05-10,2021051005002305,RURU,40,25,10,602.00,"6,020.00"
