Date,Transact. No.,Symbol,Buyer,Seller,Quantity,Rate,Amount
2020-06-29,2020062901004497,ADBL,14,35,50,329.00,"16,450.00"
2020-06-29,2020062901004496,ADBL,14,57,160,329.00,"52,640.00"
2020-06-29,2020062901004495,ADBL,14,56,200,329.00,"65,800.00"
2020-06-29,2020062901004494,ADBL,14,52,90,329.00,"29,610.00"
2020-06-29,2020062901004484,ADBL,51,13,135,328.00,"44,280.00"
2020-06-29,2020062901004404,ADBL,41,57,15,328.00,"4,920.00"
2020-06-29,2020062901004464,AKJCL,11,17,10,51.00,510.00
2020-06-29,2020062901004588,AKPL,41,7,200,112.00,"22,400.00"
2020-06-29,2020062901004448,AKPL,57,52,96,111.00,"10,656.00"
2020-06-29,2020062901004504,ALBSL,42,46,10,546.00,"5,460.00"
2020-06-29,2020062901004578,ALICL,19,49,"1,000",478.00,"478,000.00"
2020-06-29,2020062901004450,ALICL,53,39,20,470.00,"9,400.00"
2020-06-29,2020062901004544,BFC,38,52,77,88.00,"6,776.00"
2020-06-29,2020062901004412,BFC,38,52,"1,800",88.00,"158,400.00"
2020-06-29,2020062901004606,BOKL,53,13,34,194.00,"6,596.00"
2020-06-29,2020062901004605,BOKL,53,34,26,194.00,"5,044.00"
2020-06-29,2020062901004493,BOKL,44,7,10,192.00,"1,920.00"
2020-06-29,2020062901004432,BOKL,14,56,250,191.00,"47,750.00"
2020-06-29,2020062901004542,BPCL,36,40,100,302.00,"30,200.00"
2020-06-29,2020062901004538,BPCL,46,40,150,302.00,"45,300.00"
2020-06-29,2020062901004492,BPCL,13,38,11,300.00,"3,300.00"
2020-06-29,2020062901004480,BPCL,13,17,12,300.00,"3,600.00"
2020-06-29,2020062901004470,BPCL,13,1,36,300.00,"10,800.00"
2020-06-29,2020062901004469,BPCL,20,1,50,300.00,"15,000.00"
2020-06-29,2020062901004468,BPCL,11,1,14,300.00,"4,200.00"
2020-06-29,2020062901004422,BPCL,11,56,36,300.00,"10,800.00"
2020-06-29,2020062901004613,CBBL,58,44,100,910.00,"91,000.00"
2020-06-29,2020062901004612,CBBL,58,44,100,908.00,"90,800.00"
2020-06-29,2020062901004611,CBBL,58,42,30,908.00,"27,240.00"
2020-06-29,2020062901004610,CBBL,58,34,118,906.00,"106,908.00"
2020-06-29,2020062901004609,CBBL,58,26,33,905.00,"29,865.00"
2020-06-29,2020062901004608,CBBL,58,22,100,904.00,"90,400.00"
2020-06-29,2020062901004472,CBL,32,52,50,134.00,"6,700.00"
2020-06-29,2020062901004421,CBL,35,42,"1,491",132.00,"196,812.00"
2020-06-29,2020062901004420,CBL,35,22,200,132.00,"26,400.00"
2020-06-29,2020062901004419,CBL,35,14,100,132.00,"13,200.00"
2020-06-29,2020062901004418,CBL,35,39,50,132.00,"6,600.00"
2020-06-29,2020062901004417,CBL,35,40,159,132.00,"20,988.00"
2020-06-29,2020062901004522,CCBL,32,41,21,148.00,"3,108.00"
2020-06-29,2020062901004521,CCBL,32,19,15,148.00,"2,220.00"
2020-06-29,2020062901004520,CCBL,32,41,14,147.00,"2,058.00"
2020-06-29,2020062901004510,CCBL,49,33,14,146.00,"2,044.00"
2020-06-29,2020062901004558,CHCL,28,19,120,345.00,"41,400.00"
2020-06-29,2020062901004569,CMF1,7,56,300,8.83,"2,649.00"
2020-06-29,2020062901004543,CZBIL,10,17,10,168.00,"1,680.00"
2020-06-29,2020062901004442,CZBIL,10,52,289,168.00,"48,552.00"
2020-06-29,2020062901004425,CZBIL,6,7,10,167.00,"1,670.00"
2020-06-29,2020062901004525,EBL,55,18,20,550.00,"11,000.00"
2020-06-29,2020062901004564,EIC,35,11,40,330.00,"13,200.00"
2020-06-29,2020062901004557,FMDBL,17,57,100,384.00,"38,400.00"
2020-06-29,2020062901004531,FMDBL,33,41,586,385.00,"225,610.00"
2020-06-29,2020062901004465,FMDBL,17,41,300,385.00,"115,500.00"
2020-06-29,2020062901004447,FMDBL,26,41,100,385.00,"38,500.00"
2020-06-29,2020062901004446,FMDBL,17,41,214,385.00,"82,390.00"
2020-06-29,2020062901004379,FMDBL,17,19,286,385.00,"110,110.00"
2020-06-29,2020062901004483,GBIME,50,52,760,226.00,"171,760.00"
2020-06-29,2020062901004383,GBIME,59,52,10,227.00,"2,270.00"
2020-06-29,2020062901004553,GBIMEP,43,40,"16,110",151.00,"2,432,610.00"
2020-06-29,2020062901004512,GBIMEP,43,40,"15,690",151.00,"2,369,190.00"
2020-06-29,2020062901004376,GBLBS,14,43,100,356.00,"35,600.00"
2020-06-29,2020062901004437,HBL,17,17,266,452.00,"120,232.00"
2020-06-29,2020062901004583,HGI,33,32,210,295.00,"61,950.00"
2020-06-29,2020062901004582,HGI,33,54,200,294.00,"58,800.00"
2020-06-29,2020062901004585,ILBS,36,40,11,595.00,"6,545.00"
2020-06-29,2020062901004554,ILBS,36,17,11,595.00,"6,545.00"
2020-06-29,2020062901004509,ILBS,36,38,10,595.00,"5,950.00"
2020-06-29,2020062901004463,ILBS,17,17,30,596.00,"17,880.00"
2020-06-29,2020062901004443,ILBS,36,58,11,595.00,"6,545.00"
2020-06-29,2020062901004373,ILBS,44,10,166,594.00,"98,604.00"
2020-06-29,2020062901004488,JBBL,25,32,16,157.00,"2,512.00"
2020-06-29,2020062901004567,JSLBB,48,32,32,"1,341.00","42,912.00"
2020-06-29,2020062901004498,KBL,54,52,928,164.00,"152,192.00"
2020-06-29,2020062901004369,KBL,50,52,50,164.00,"8,200.00"
2020-06-29,2020062901004566,KRBL,11,5,85,98.00,"8,330.00"
2020-06-29,2020062901004565,KRBL,8,5,100,98.00,"9,800.00"
2020-06-29,2020062901004440,KRBL,11,32,15,98.00,"1,470.00"
2020-06-29,2020062901004459,KSBBL,45,32,88,136.00,"11,968.00"
2020-06-29,2020062901004576,LBBL,6,54,494,172.00,"84,968.00"
2020-06-29,2020062901004575,LBBL,6,32,38,172.00,"6,536.00"
2020-06-29,2020062901004574,LBBL,6,20,199,172.00,"34,228.00"
2020-06-29,2020062901004573,LBBL,6,41,15,172.00,"2,580.00"
2020-06-29,2020062901004572,LBBL,6,58,104,172.00,"17,888.00"
2020-06-29,2020062901004571,LBBL,6,39,20,172.00,"3,440.00"
2020-06-29,2020062901004570,LBBL,6,1,130,172.00,"22,360.00"
2020-06-29,2020062901004455,LBBL,14,1,20,172.00,"3,440.00"
2020-06-29,2020062901004439,LBBL,25,1,50,172.00,"8,600.00"
2020-06-29,2020062901004479,LBL,38,49,573,186.00,"106,578.00"
2020-06-29,2020062901004461,LBL,33,52,100,186.00,"18,600.00"
2020-06-29,2020062901004592,LGIL,36,57,64,334.00,"21,376.00"
2020-06-29,2020062901004491,LGIL,5,57,26,334.00,"8,684.00"
2020-06-29,2020062901004490,LGIL,5,28,109,333.00,"36,297.00"
2020-06-29,2020062901004489,LGIL,5,56,65,332.00,"21,580.00"
2020-06-29,2020062901004519,LICN,42,35,136,"1,100.00","149,600.00"
2020-06-29,2020062901004477,LICN,11,35,23,"1,106.00","25,438.00"
2020-06-29,2020062901004476,LICN,57,35,100,"1,107.00","110,700.00"
2020-06-29,2020062901004475,LICN,5,35,20,"1,108.00","22,160.00"
2020-06-29,2020062901004514,LLBS,45,53,53,892.00,"47,276.00"
2020-06-29,2020062901004513,LLBS,45,32,113,892.00,"100,796.00"
2020-06-29,2020062901004503,LLBS,19,45,130,892.00,"115,960.00"
2020-06-29,2020062901004502,LLBS,19,43,170,892.00,"151,640.00"
2020-06-29,2020062901004474,MEGA,38,32,133,189.00,"25,137.00"
2020-06-29,2020062901004410,MEGA,34,22,500,191.00,"95,500.00"
2020-06-29,2020062901004409,MEGA,34,28,500,191.00,"95,500.00"
2020-06-29,2020062901004408,MEGA,34,41,50,191.00,"9,550.00"
2020-06-29,2020062901004394,MEGA,35,41,62,188.00,"11,656.00"
2020-06-29,2020062901004371,MEGA,10,58,"1,000",189.00,"189,000.00"
2020-06-29,2020062901004407,MFIL,43,38,311,235.00,"73,085.00"
2020-06-29,2020062901004397,MFIL,43,38,10,232.00,"2,320.00"
2020-06-29,2020062901004533,MLBL,32,42,"1,150",182.00,"209,300.00"
2020-06-29,2020062901004568,MNBBL,17,33,204,274.00,"55,896.00"
2020-06-29,2020062901004505,MNBBL,17,32,210,274.00,"57,540.00"
2020-06-29,2020062901004487,NABIL,52,1,50,654.00,"32,700.00"
2020-06-29,2020062901004486,NABIL,52,1,50,655.00,"32,750.00"
2020-06-29,2020062901004485,NABIL,19,13,100,659.00,"65,900.00"
2020-06-29,2020062901004403,NABIL,55,13,20,659.00,"13,180.00"
2020-06-29,2020062901004532,NADEP,26,32,11,485.00,"5,335.00"
2020-06-29,2020062901004508,NADEP,17,17,766,486.00,"372,276.00"
2020-06-29,2020062901004368,NBB,42,56,171,175.00,"29,925.00"
2020-06-29,2020062901004596,NBL,32,16,50,228.00,"11,400.00"
2020-06-29,2020062901004595,NBL,32,45,50,225.00,"11,250.00"
2020-06-29,2020062901004594,NBL,32,25,50,224.00,"11,200.00"
2020-06-29,2020062901004555,NBL,13,25,100,224.00,"22,400.00"
2020-06-29,2020062901004524,NBL,50,33,278,220.00,"61,160.00"
2020-06-29,2020062901004523,NBL,6,33,"1,352",220.00,"297,440.00"
2020-06-29,2020062901004466,NBL,6,52,148,220.00,"32,560.00"
2020-06-29,2020062901004436,NBL,19,52,500,221.00,"110,500.00"
2020-06-29,2020062901004435,NBL,22,52,30,221.00,"6,630.00"
2020-06-29,2020062901004501,NIB,34,53,17,387.00,"6,579.00"
2020-06-29,2020062901004367,NIB,34,7,30,387.00,"11,610.00"
2020-06-29,2020062901004552,NICA,47,49,"1,000",448.00,"448,000.00"
2020-06-29,2020062901004516,NICA,51,25,90,446.00,"40,140.00"
2020-06-29,2020062901004507,NICA,13,25,47,447.00,"21,009.00"
2020-06-29,2020062901004506,NICA,13,25,60,447.00,"26,820.00"
2020-06-29,2020062901004452,NICA,8,45,200,449.00,"89,800.00"
2020-06-29,2020062901004374,NICA,51,7,10,446.00,"4,460.00"
2020-06-29,2020062901004618,NICL,38,43,"1,000",319.00,"319,000.00"
2020-06-29,2020062901004617,NICL,38,52,321,319.00,"102,399.00"
2020-06-29,2020062901004433,NICL,34,34,"1,000",313.00,"313,000.00"
2020-06-29,2020062901004387,NICL,57,57,"1,000",310.00,"310,000.00"
2020-06-29,2020062901004386,NICL,57,43,500,310.00,"155,000.00"
2020-06-29,2020062901004378,NICL,49,43,500,309.00,"154,500.00"
2020-06-29,2020062901004377,NICL,49,55,300,309.00,"92,700.00"
2020-06-29,2020062901004563,NICL,5,52,25,319.00,"7,975.00"
2020-06-29,2020062901004562,NICL,5,19,50,316.00,"15,800.00"
2020-06-29,2020062901004561,NICL,5,39,100,314.00,"31,400.00"
2020-06-29,2020062901004560,NICL,5,19,25,314.00,"7,850.00"
2020-06-29,2020062901004577,NLIC,46,17,22,"1,050.00","23,100.00"
2020-06-29,2020062901004541,NLIC,10,41,50,"1,071.00","53,550.00"
2020-06-29,2020062901004540,NLIC,10,26,35,"1,071.00","37,485.00"
2020-06-29,2020062901004539,NLIC,10,48,50,"1,070.00","53,500.00"
2020-06-29,2020062901004430,NLIC,59,37,22,"1,050.00","23,100.00"
2020-06-29,2020062901004429,NLIC,59,36,500,"1,050.00","525,000.00"
2020-06-29,2020062901004428,NLIC,59,34,105,"1,050.00","110,250.00"
2020-06-29,2020062901004427,NLIC,59,44,40,"1,046.00","41,840.00"
2020-06-29,2020062901004385,NLIC,47,11,22,"1,040.00","22,880.00"
2020-06-29,2020062901004366,NLIC,14,44,260,"1,046.00","271,960.00"
2020-06-29,2020062901004365,NLIC,14,19,40,"1,045.00","41,800.00"
2020-06-29,2020062901004587,NMB,11,34,300,337.00,"101,100.00"
2020-06-29,2020062901004426,NMB,21,8,269,336.00,"90,384.00"
2020-06-29,2020062901004406,NMB,21,7,20,336.00,"6,720.00"
2020-06-29,2020062901004382,NMB,14,19,40,337.00,"13,480.00"
2020-06-29,2020062901004381,NMB,14,43,368,337.00,"124,016.00"
2020-06-29,2020062902000244,NRIC,29,38,10,382.00,"3,820.00"
2020-06-29,2020062902000243,NRIC,29,34,20,382.00,"7,640.00"
2020-06-29,2020062902000242,NRIC,21,34,20,382.00,"7,640.00"
2020-06-29,2020062902000241,NRIC,21,11,40,382.00,"15,280.00"
2020-06-29,2020062902000240,NRIC,50,39,40,382.00,"15,280.00"
2020-06-29,2020062902000239,NRIC,50,29,10,382.00,"3,820.00"
2020-06-29,2020062902000004,NRIC,22,29,40,424.00,"16,960.00"
2020-06-29,2020062902000003,NRIC,22,51,40,423.00,"16,920.00"
2020-06-29,2020062902000002,NRIC,29,43,30,424.00,"12,720.00"
2020-06-29,2020062902000001,NRIC,29,22,10,424.00,"4,240.00"
2020-06-29,2020062902000010,NRIC,5,50,40,416.00,"16,640.00"
2020-06-29,2020062902000009,NRIC,22,50,10,424.00,"4,240.00"
2020-06-29,2020062902000008,NRIC,22,43,50,424.00,"21,200.00"
2020-06-29,2020062902000007,NRIC,22,34,40,424.00,"16,960.00"
2020-06-29,2020062902000006,NRIC,22,4,40,424.00,"16,960.00"
2020-06-29,2020062902000005,NRIC,22,8,40,424.00,"16,960.00"
2020-06-29,2020062902000016,NRIC,34,17,20,416.00,"8,320.00"
2020-06-29,2020062902000015,NRIC,42,56,15,424.00,"6,360.00"
2020-06-29,2020062902000014,NRIC,5,16,40,432.00,"17,280.00"
2020-06-29,2020062902000013,NRIC,5,59,40,432.00,"17,280.00"
2020-06-29,2020062902000012,NRIC,5,59,40,416.00,"16,640.00"
2020-06-29,2020062902000011,NRIC,5,51,40,416.00,"16,640.00"
2020-06-29,2020062902000022,NRIC,45,17,40,385.00,"15,400.00"
2020-06-29,2020062902000021,NRIC,17,8,10,392.00,"3,920.00"
2020-06-29,2020062902000020,NRIC,17,11,20,400.00,"8,000.00"
2020-06-29,2020062902000019,NRIC,17,47,40,400.00,"16,000.00"
2020-06-29,2020062902000018,NRIC,17,17,40,400.00,"16,000.00"
2020-06-29,2020062902000017,NRIC,17,17,40,408.00,"16,320.00"
2020-06-29,2020062902000028,NRIC,45,55,50,385.00,"19,250.00"
2020-06-29,2020062902000027,NRIC,45,39,40,385.00,"15,400.00"
2020-06-29,2020062902000026,NRIC,45,10,40,385.00,"15,400.00"
2020-06-29,2020062902000025,NRIC,45,33,50,385.00,"19,250.00"
2020-06-29,2020062902000024,NRIC,45,16,40,385.00,"15,400.00"
2020-06-29,2020062902000023,NRIC,45,43,20,385.00,"7,700.00"
2020-06-29,2020062902000034,NRIC,13,48,40,382.00,"15,280.00"
2020-06-29,2020062902000033,NRIC,13,43,40,382.00,"15,280.00"
2020-06-29,2020062902000032,NRIC,13,39,40,382.00,"15,280.00"
2020-06-29,2020062902000031,NRIC,13,16,40,382.00,"15,280.00"
2020-06-29,2020062902000030,NRIC,13,59,40,382.00,"15,280.00"
2020-06-29,2020062902000029,NRIC,45,39,20,385.00,"7,700.00"
2020-06-29,2020062902000040,NRIC,13,53,40,382.00,"15,280.00"
2020-06-29,2020062902000039,NRIC,13,14,40,382.00,"15,280.00"
2020-06-29,2020062902000038,NRIC,13,14,40,382.00,"15,280.00"
2020-06-29,2020062902000037,NRIC,13,51,40,382.00,"15,280.00"
2020-06-29,2020062902000036,NRIC,13,38,40,382.00,"15,280.00"
2020-06-29,2020062902000035,NRIC,13,39,40,382.00,"15,280.00"
2020-06-29,2020062902000046,NRIC,13,25,50,382.00,"19,100.00"
2020-06-29,2020062902000045,NRIC,13,1,40,382.00,"15,280.00"
2020-06-29,2020062902000044,NRIC,13,59,40,382.00,"15,280.00"
2020-06-29,2020062902000043,NRIC,13,16,40,382.00,"15,280.00"
2020-06-29,2020062902000042,NRIC,13,19,40,382.00,"15,280.00"
2020-06-29,2020062902000041,NRIC,13,55,40,382.00,"15,280.00"
2020-06-29,2020062902000052,NRIC,13,16,40,382.00,"15,280.00"
2020-06-29,2020062902000051,NRIC,13,43,50,382.00,"19,100.00"
2020-06-29,2020062902000050,NRIC,13,40,40,382.00,"15,280.00"
2020-06-29,2020062902000049,NRIC,13,47,40,382.00,"15,280.00"
2020-06-29,2020062902000048,NRIC,13,50,20,382.00,"7,640.00"
2020-06-29,2020062902000047,NRIC,13,57,40,382.00,"15,280.00"
2020-06-29,2020062902000058,NRIC,13,34,40,382.00,"15,280.00"
2020-06-29,2020062902000057,NRIC,13,50,30,382.00,"11,460.00"
2020-06-29,2020062902000056,NRIC,13,16,40,382.00,"15,280.00"
2020-06-29,2020062902000055,NRIC,13,39,40,382.00,"15,280.00"
2020-06-29,2020062902000054,NRIC,13,53,40,382.00,"15,280.00"
2020-06-29,2020062902000053,NRIC,13,34,30,382.00,"11,460.00"
2020-06-29,2020062902000064,NRIC,13,16,30,382.00,"11,460.00"
2020-06-29,2020062902000063,NRIC,13,16,50,382.00,"19,100.00"
2020-06-29,2020062902000062,NRIC,13,56,40,382.00,"15,280.00"
2020-06-29,2020062902000061,NRIC,13,57,40,382.00,"15,280.00"
2020-06-29,2020062902000060,NRIC,13,39,40,382.00,"15,280.00"
2020-06-29,2020062902000059,NRIC,13,38,40,382.00,"15,280.00"
2020-06-29,2020062902000070,NRIC,13,16,40,382.00,"15,280.00"
2020-06-29,2020062902000069,NRIC,13,59,40,382.00,"15,280.00"
2020-06-29,2020062902000068,NRIC,13,53,40,382.00,"15,280.00"
2020-06-29,2020062902000067,NRIC,13,33,40,382.00,"15,280.00"
2020-06-29,2020062902000066,NRIC,13,43,40,382.00,"15,280.00"
2020-06-29,2020062902000065,NRIC,13,57,40,382.00,"15,280.00"
2020-06-29,2020062902000076,NRIC,13,38,30,382.00,"11,460.00"
2020-06-29,2020062902000075,NRIC,13,16,40,382.00,"15,280.00"
2020-06-29,2020062902000074,NRIC,13,39,40,382.00,"15,280.00"
2020-06-29,2020062902000073,NRIC,13,34,40,382.00,"15,280.00"
2020-06-29,2020062902000072,NRIC,13,56,10,382.00,"3,820.00"
2020-06-29,2020062902000071,NRIC,13,39,20,382.00,"7,640.00"
2020-06-29,2020062902000082,NRIC,58,56,40,382.00,"15,280.00"
2020-06-29,2020062902000081,NRIC,29,50,20,382.00,"7,640.00"
2020-06-29,2020062902000080,NRIC,37,50,20,382.00,"7,640.00"
2020-06-29,2020062902000079,NRIC,37,16,40,382.00,"15,280.00"
2020-06-29,2020062902000078,NRIC,37,19,40,382.00,"15,280.00"
2020-06-29,2020062902000077,NRIC,34,38,10,382.00,"3,820.00"
2020-06-29,2020062902000088,NRIC,36,42,40,382.00,"15,280.00"
2020-06-29,2020062902000087,NRIC,36,39,40,382.00,"15,280.00"
2020-06-29,2020062902000086,NRIC,58,53,40,382.00,"15,280.00"
2020-06-29,2020062902000085,NRIC,58,17,40,382.00,"15,280.00"
2020-06-29,2020062902000084,NRIC,58,58,40,382.00,"15,280.00"
2020-06-29,2020062902000083,NRIC,58,59,40,382.00,"15,280.00"
2020-06-29,2020062902000094,NRIC,11,43,40,382.00,"15,280.00"
2020-06-29,2020062902000093,NRIC,11,16,10,382.00,"3,820.00"
2020-06-29,2020062902000092,NRIC,42,16,10,382.00,"3,820.00"
2020-06-29,2020062902000091,NRIC,36,16,30,382.00,"11,460.00"
2020-06-29,2020062902000090,NRIC,36,1,50,382.00,"19,100.00"
2020-06-29,2020062902000089,NRIC,36,19,40,382.00,"15,280.00"
2020-06-29,2020062902000100,NRIC,42,52,10,382.00,"3,820.00"
2020-06-29,2020062902000099,NRIC,42,58,40,382.00,"15,280.00"
2020-06-29,2020062902000098,NRIC,42,56,10,382.00,"3,820.00"
2020-06-29,2020062902000097,NRIC,11,56,30,382.00,"11,460.00"
2020-06-29,2020062902000096,NRIC,11,59,40,382.00,"15,280.00"
2020-06-29,2020062902000095,NRIC,11,58,40,382.00,"15,280.00"
2020-06-29,2020062902000106,NRIC,42,19,40,382.00,"15,280.00"
2020-06-29,2020062902000105,NRIC,41,58,10,382.00,"3,820.00"
2020-06-29,2020062902000104,NRIC,37,58,30,382.00,"11,460.00"
2020-06-29,2020062902000103,NRIC,37,59,40,382.00,"15,280.00"
2020-06-29,2020062902000102,NRIC,37,58,40,382.00,"15,280.00"
2020-06-29,2020062902000101,NRIC,37,52,40,382.00,"15,280.00"
2020-06-29,2020062902000112,NRIC,42,19,40,382.00,"15,280.00"
2020-06-29,2020062902000111,NRIC,42,35,40,382.00,"15,280.00"
2020-06-29,2020062902000110,NRIC,42,38,40,382.00,"15,280.00"
2020-06-29,2020062902000109,NRIC,42,43,40,382.00,"15,280.00"
2020-06-29,2020062902000108,NRIC,42,54,40,382.00,"15,280.00"
2020-06-29,2020062902000107,NRIC,42,39,40,382.00,"15,280.00"
2020-06-29,2020062902000118,NRIC,42,43,20,382.00,"7,640.00"
2020-06-29,2020062902000117,NRIC,42,43,40,382.00,"15,280.00"
2020-06-29,2020062902000116,NRIC,42,42,40,382.00,"15,280.00"
2020-06-29,2020062902000115,NRIC,42,16,40,382.00,"15,280.00"
2020-06-29,2020062902000114,NRIC,42,57,40,382.00,"15,280.00"
2020-06-29,2020062902000113,NRIC,42,56,40,382.00,"15,280.00"
2020-06-29,2020062902000124,NRIC,7,16,50,382.00,"19,100.00"
2020-06-29,2020062902000123,NRIC,7,56,40,382.00,"15,280.00"
2020-06-29,2020062902000122,NRIC,7,58,10,382.00,"3,820.00"
2020-06-29,2020062902000121,NRIC,41,58,30,382.00,"11,460.00"
2020-06-29,2020062902000120,NRIC,41,43,30,382.00,"11,460.00"
2020-06-29,2020062902000119,NRIC,41,55,40,382.00,"15,280.00"
2020-06-29,2020062902000130,NRIC,7,46,40,382.00,"15,280.00"
2020-06-29,2020062902000129,NRIC,7,19,40,382.00,"15,280.00"
2020-06-29,2020062902000128,NRIC,7,38,40,382.00,"15,280.00"
2020-06-29,2020062902000127,NRIC,7,42,40,382.00,"15,280.00"
2020-06-29,2020062902000126,NRIC,7,57,50,382.00,"19,100.00"
2020-06-29,2020062902000125,NRIC,7,56,35,382.00,"13,370.00"
2020-06-29,2020062902000136,NRIC,22,25,40,382.00,"15,280.00"
2020-06-29,2020062902000135,NRIC,22,52,40,382.00,"15,280.00"
2020-06-29,2020062902000134,NRIC,7,59,35,382.00,"13,370.00"
2020-06-29,2020062902000133,NRIC,7,58,40,382.00,"15,280.00"
2020-06-29,2020062902000132,NRIC,7,44,40,382.00,"15,280.00"
2020-06-29,2020062902000131,NRIC,7,36,40,382.00,"15,280.00"
2020-06-29,2020062902000142,NRIC,29,19,50,382.00,"19,100.00"
2020-06-29,2020062902000141,NRIC,29,43,40,382.00,"15,280.00"
2020-06-29,2020062902000140,NRIC,29,38,40,382.00,"15,280.00"
2020-06-29,2020062902000139,NRIC,56,56,25,382.00,"9,550.00"
2020-06-29,2020062902000138,NRIC,22,56,10,382.00,"3,820.00"
2020-06-29,2020062902000137,NRIC,22,14,10,382.00,"3,820.00"
2020-06-29,2020062902000148,NRIC,47,5,10,382.00,"3,820.00"
2020-06-29,2020062902000147,NRIC,47,49,40,382.00,"15,280.00"
2020-06-29,2020062902000146,NRIC,47,38,10,382.00,"3,820.00"
2020-06-29,2020062902000145,NRIC,35,38,10,382.00,"3,820.00"
2020-06-29,2020062902000144,NRIC,29,38,20,382.00,"7,640.00"
2020-06-29,2020062902000143,NRIC,29,47,50,382.00,"19,100.00"
2020-06-29,2020062902000154,NRIC,42,26,10,382.00,"3,820.00"
2020-06-29,2020062902000153,NRIC,42,19,40,382.00,"15,280.00"
2020-06-29,2020062902000152,NRIC,42,51,40,382.00,"15,280.00"
2020-06-29,2020062902000151,NRIC,42,35,10,382.00,"3,820.00"
2020-06-29,2020062902000150,NRIC,50,35,20,382.00,"7,640.00"
2020-06-29,2020062902000149,NRIC,50,5,30,382.00,"11,460.00"
2020-06-29,2020062902000160,NRIC,33,38,40,382.00,"15,280.00"
2020-06-29,2020062902000159,NRIC,33,56,50,382.00,"19,100.00"
2020-06-29,2020062902000158,NRIC,33,16,40,382.00,"15,280.00"
2020-06-29,2020062902000157,NRIC,33,56,40,382.00,"15,280.00"
2020-06-29,2020062902000156,NRIC,33,26,20,382.00,"7,640.00"
2020-06-29,2020062902000155,NRIC,35,26,10,382.00,"3,820.00"
2020-06-29,2020062902000166,NRIC,33,59,40,382.00,"15,280.00"
2020-06-29,2020062902000165,NRIC,33,6,40,382.00,"15,280.00"
2020-06-29,2020062902000164,NRIC,33,58,40,382.00,"15,280.00"
2020-06-29,2020062902000163,NRIC,33,1,40,382.00,"15,280.00"
2020-06-29,2020062902000162,NRIC,33,46,40,382.00,"15,280.00"
2020-06-29,2020062902000161,NRIC,33,39,50,382.00,"19,100.00"
2020-06-29,2020062902000172,NRIC,33,16,40,382.00,"15,280.00"
2020-06-29,2020062902000171,NRIC,33,46,50,382.00,"19,100.00"
2020-06-29,2020062902000170,NRIC,33,32,40,382.00,"15,280.00"
2020-06-29,2020062902000169,NRIC,33,39,40,382.00,"15,280.00"
2020-06-29,2020062902000168,NRIC,33,41,40,382.00,"15,280.00"
2020-06-29,2020062902000167,NRIC,33,52,50,382.00,"19,100.00"
2020-06-29,2020062902000178,NRIC,33,56,40,382.00,"15,280.00"
2020-06-29,2020062902000177,NRIC,33,59,40,382.00,"15,280.00"
2020-06-29,2020062902000176,NRIC,33,45,40,382.00,"15,280.00"
2020-06-29,2020062902000175,NRIC,33,19,40,382.00,"15,280.00"
2020-06-29,2020062902000174,NRIC,33,16,40,382.00,"15,280.00"
2020-06-29,2020062902000173,NRIC,33,53,40,382.00,"15,280.00"
2020-06-29,2020062902000184,NRIC,33,16,40,382.00,"15,280.00"
2020-06-29,2020062902000183,NRIC,33,39,40,382.00,"15,280.00"
2020-06-29,2020062902000182,NRIC,33,58,40,382.00,"15,280.00"
2020-06-29,2020062902000181,NRIC,33,52,50,382.00,"19,100.00"
2020-06-29,2020062902000180,NRIC,33,19,40,382.00,"15,280.00"
2020-06-29,2020062902000179,NRIC,33,41,40,382.00,"15,280.00"
2020-06-29,2020062902000190,NRIC,33,56,40,382.00,"15,280.00"
2020-06-29,2020062902000189,NRIC,33,56,40,382.00,"15,280.00"
2020-06-29,2020062902000188,NRIC,33,14,50,382.00,"19,100.00"
2020-06-29,2020062902000187,NRIC,33,41,10,382.00,"3,820.00"
2020-06-29,2020062902000186,NRIC,33,38,40,382.00,"15,280.00"
2020-06-29,2020062902000185,NRIC,33,19,40,382.00,"15,280.00"
2020-06-29,2020062902000196,NRIC,33,52,40,382.00,"15,280.00"
2020-06-29,2020062902000195,NRIC,33,42,40,382.00,"15,280.00"
2020-06-29,2020062902000194,NRIC,33,16,40,382.00,"15,280.00"
2020-06-29,2020062902000193,NRIC,33,16,40,382.00,"15,280.00"
2020-06-29,2020062902000192,NRIC,33,16,40,382.00,"15,280.00"
2020-06-29,2020062902000191,NRIC,33,19,40,382.00,"15,280.00"
2020-06-29,2020062902000202,NRIC,33,35,50,382.00,"19,100.00"
2020-06-29,2020062902000201,NRIC,33,19,40,382.00,"15,280.00"
2020-06-29,2020062902000200,NRIC,33,21,39,382.00,"14,898.00"
2020-06-29,2020062902000199,NRIC,33,56,50,382.00,"19,100.00"
2020-06-29,2020062902000198,NRIC,33,1,40,382.00,"15,280.00"
2020-06-29,2020062902000197,NRIC,33,49,40,382.00,"15,280.00"
2020-06-29,2020062902000208,NRIC,45,11,10,382.00,"3,820.00"
2020-06-29,2020062902000207,NRIC,45,56,40,382.00,"15,280.00"
2020-06-29,2020062902000206,NRIC,33,20,10,382.00,"3,820.00"
2020-06-29,2020062902000205,NRIC,6,20,30,382.00,"11,460.00"
2020-06-29,2020062902000204,NRIC,33,52,50,382.00,"19,100.00"
2020-06-29,2020062902000203,NRIC,33,14,40,382.00,"15,280.00"
2020-06-29,2020062902000214,NRIC,56,59,40,382.00,"15,280.00"
2020-06-29,2020062902000213,NRIC,56,21,40,382.00,"15,280.00"
2020-06-29,2020062902000212,NRIC,56,16,10,382.00,"3,820.00"
2020-06-29,2020062902000211,NRIC,56,59,40,382.00,"15,280.00"
2020-06-29,2020062902000210,NRIC,29,16,30,382.00,"11,460.00"
2020-06-29,2020062902000209,NRIC,29,11,30,382.00,"11,460.00"
2020-06-29,2020062902000220,NRIC,47,8,40,382.00,"15,280.00"
2020-06-29,2020062902000219,NRIC,11,58,40,382.00,"15,280.00"
2020-06-29,2020062902000218,NRIC,11,56,50,382.00,"19,100.00"
2020-06-29,2020062902000217,NRIC,11,47,40,382.00,"15,280.00"
2020-06-29,2020062902000216,NRIC,11,19,10,382.00,"3,820.00"
2020-06-29,2020062902000215,NRIC,56,19,30,382.00,"11,460.00"
2020-06-29,2020062902000226,NRIC,22,16,10,382.00,"3,820.00"
2020-06-29,2020062902000225,NRIC,6,16,40,382.00,"15,280.00"
2020-06-29,2020062902000224,NRIC,6,58,40,382.00,"15,280.00"
2020-06-29,2020062902000223,NRIC,6,11,20,382.00,"7,640.00"
2020-06-29,2020062902000222,NRIC,56,11,10,382.00,"3,820.00"
2020-06-29,2020062902000221,NRIC,47,11,10,382.00,"3,820.00"
2020-06-29,2020062902000232,NRIC,22,44,40,382.00,"15,280.00"
2020-06-29,2020062902000231,NRIC,22,58,40,382.00,"15,280.00"
2020-06-29,2020062902000230,NRIC,22,16,40,382.00,"15,280.00"
2020-06-29,2020062902000229,NRIC,22,19,40,382.00,"15,280.00"
2020-06-29,2020062902000228,NRIC,22,52,40,382.00,"15,280.00"
2020-06-29,2020062902000227,NRIC,22,29,40,382.00,"15,280.00"
2020-06-29,2020062902000238,NRIC,22,29,40,382.00,"15,280.00"
2020-06-29,2020062902000237,NRIC,22,19,40,382.00,"15,280.00"
2020-06-29,2020062902000236,NRIC,22,52,40,382.00,"15,280.00"
2020-06-29,2020062902000235,NRIC,22,1,40,382.00,"15,280.00"
2020-06-29,2020062902000234,NRIC,22,40,50,382.00,"19,100.00"
2020-06-29,2020062902000233,NRIC,22,16,40,382.00,"15,280.00"
2020-06-29,2020062901004434,NTC,49,28,10,600.00,"6,000.00"
2020-06-29,2020062901004389,NTC,45,28,20,607.00,"12,140.00"
2020-06-29,2020062901004388,NTC,4,28,40,607.00,"24,280.00"
2020-06-29,2020062901004604,PCBL,17,28,74,233.00,"17,242.00"
2020-06-29,2020062901004603,PCBL,17,51,170,233.00,"39,610.00"
2020-06-29,2020062901004602,PCBL,17,47,206,233.00,"47,998.00"
2020-06-29,2020062901004601,PCBL,17,39,78,233.00,"18,174.00"
2020-06-29,2020062901004600,PCBL,17,53,875,233.00,"203,875.00"
2020-06-29,2020062901004599,PCBL,17,49,231,230.00,"53,130.00"
2020-06-29,2020062901004580,PCBL,14,32,22,229.00,"5,038.00"
2020-06-29,2020062901004460,PCBL,14,7,10,229.00,"2,290.00"
2020-06-29,2020062901004445,PCBL,34,53,"1,800",233.00,"419,400.00"
2020-06-29,2020062901004444,PCBL,34,11,200,233.00,"46,600.00"
2020-06-29,2020062901004424,PCBL,35,38,57,229.00,"13,053.00"
2020-06-29,2020062901004590,PIC,29,32,11,446.00,"4,906.00"
2020-06-29,2020062901004451,PIC,50,29,240,453.00,"108,720.00"
2020-06-29,2020062901004363,PIC,29,38,20,446.00,"8,920.00"
2020-06-29,2020062901004551,PLIC,34,34,184,490.00,"90,160.00"
2020-06-29,2020062901004550,PLIC,34,16,100,490.00,"49,000.00"
2020-06-29,2020062901004549,PLIC,34,26,100,490.00,"49,000.00"
2020-06-29,2020062901004548,PLIC,34,41,16,490.00,"7,840.00"
2020-06-29,2020062901004482,PLIC,34,34,500,489.00,"244,500.00"
2020-06-29,2020062901004393,PLIC,53,45,500,485.00,"242,500.00"
2020-06-29,2020062901004392,PLIC,53,43,13,485.00,"6,305.00"
2020-06-29,2020062901004391,PLIC,53,11,42,481.00,"20,202.00"
2020-06-29,2020062901004390,PLIC,53,10,100,481.00,"48,100.00"
2020-06-29,2020062901004597,PMHPL,47,41,10,72.00,720.00
2020-06-29,2020062901004586,PMHPL,47,17,10,72.00,720.00
2020-06-29,2020062901004384,PMHPL,47,38,10,72.00,720.00
2020-06-29,2020062901004593,PPCL,1,17,10,99.00,990.00
2020-06-29,2020062901004453,PRIN,4,57,30,340.00,"10,200.00"
2020-06-29,2020062901004380,PRIN,4,48,490,342.00,"167,580.00"
2020-06-29,2020062901004546,PRVU,13,43,50,204.00,"10,200.00"
2020-06-29,2020062901004500,PRVU,51,52,574,202.00,"115,948.00"
2020-06-29,2020062901004499,PRVU,33,52,26,202.00,"5,252.00"
2020-06-29,2020062901004607,RADHI,33,17,11,169.00,"1,859.00"
2020-06-29,2020062901004545,RBCLPO,17,17,110,"6,872.00","755,920.00"
2020-06-29,2020062901004616,RHPL,50,17,10,138.00,"1,380.00"
2020-06-29,2020062901004589,RHPL,50,40,30,138.00,"4,140.00"
2020-06-29,2020062901004517,RHPL,34,34,10,139.00,"1,390.00"
2020-06-29,2020062901004481,RHPL,50,58,40,138.00,"5,520.00"
2020-06-29,2020062901004458,RHPL,50,57,40,138.00,"5,520.00"
2020-06-29,2020062901004415,RHPL,50,58,30,138.00,"4,140.00"
2020-06-29,2020062901004414,RHPL,38,58,200,138.00,"27,600.00"
2020-06-29,2020062901004413,RHPL,22,58,30,138.00,"4,140.00"
2020-06-29,2020062901004398,RHPL,22,38,10,138.00,"1,380.00"
2020-06-29,2020062901004559,RLFL,41,47,50,128.00,"6,400.00"
2020-06-29,2020062901004457,RMDC,44,44,"1,000",545.00,"545,000.00"
2020-06-29,2020062901004456,RMDC,44,50,23,544.00,"12,512.00"
2020-06-29,2020062901004473,SABSL,52,42,11,655.00,"7,205.00"
2020-06-29,2020062901004431,SABSL,52,10,33,655.00,"21,615.00"
2020-06-29,2020062901004405,SABSL,17,10,28,660.00,"18,480.00"
2020-06-29,2020062901004527,SANIMA,26,38,150,311.00,"46,650.00"
2020-06-29,2020062901004526,SANIMA,26,43,50,311.00,"15,550.00"
2020-06-29,2020062901004535,SBI,54,57,20,376.00,"7,520.00"
2020-06-29,2020062901004511,SBI,54,57,20,376.00,"7,520.00"
2020-06-29,2020062901004395,SBI,54,25,240,376.00,"90,240.00"
2020-06-29,2020062901004529,SBL,43,52,571,260.00,"148,460.00"
2020-06-29,2020062901004528,SBL,40,52,200,260.00,"52,000.00"
2020-06-29,2020062901004478,SCB,14,41,50,522.00,"26,100.00"
2020-06-29,2020062901004467,SCB,49,17,10,521.00,"5,210.00"
2020-06-29,2020062901004449,SCB,14,41,20,520.00,"10,400.00"
2020-06-29,2020062901004372,SCB,25,17,10,521.00,"5,210.00"
2020-06-29,2020062901004411,SEF,7,38,100,8.50,850.00
2020-06-29,2020062901004614,SHINE,21,22,50,215.00,"10,750.00"
2020-06-29,2020062901004547,SHINE,34,34,"2,000",214.00,"428,000.00"
2020-06-29,2020062901004579,SHIVM,39,16,10,498.00,"4,980.00"
2020-06-29,2020062901004556,SHIVM,41,57,20,490.00,"9,800.00"
2020-06-29,2020062901004534,SHIVM,41,39,20,490.00,"9,800.00"
2020-06-29,2020062901004462,SHIVM,39,35,20,499.00,"9,980.00"
2020-06-29,2020062901004364,SHIVM,38,35,200,499.00,"99,800.00"
2020-06-29,2020062901004598,SHPC,34,22,"1,000",198.00,"198,000.00"
2020-06-29,2020062901004536,SICL,53,56,40,770.00,"30,800.00"
2020-06-29,2020062901004530,SICL,42,56,50,770.00,"38,500.00"
2020-06-29,2020062901004518,SICL,45,56,10,780.00,"7,800.00"
2020-06-29,2020062901004615,SJCL,8,8,10,125.00,"1,250.00"
2020-06-29,2020062901004591,SJCL,8,40,20,125.00,"2,500.00"
2020-06-29,2020062901004581,SJCL,34,34,10,127.00,"1,270.00"
2020-06-29,2020062901004537,SJCL,8,8,10,125.00,"1,250.00"
2020-06-29,2020062901004515,SJCL,8,38,10,127.00,"1,270.00"
2020-06-29,2020062901004402,SLICL,34,55,35,350.00,"12,250.00"
2020-06-29,2020062901004401,SLICL,56,55,200,350.00,"70,000.00"
2020-06-29,2020062901004400,SLICL,41,55,45,350.00,"15,750.00"
2020-06-29,2020062901004399,SLICL,45,55,20,352.00,"7,040.00"
2020-06-29,2020062901004584,SPDL,45,45,13,93.00,"1,209.00"
2020-06-29,2020062901004423,SPDL,45,17,15,92.00,"1,380.00"
2020-06-29,2020062901004416,SPDL,45,45,15,92.00,"1,380.00"
2020-06-29,2020062901004454,TRH,33,34,500,182.00,"91,000.00"
2020-06-29,2020062901004471,UMHL,34,41,14,99.00,"1,386.00"
2020-06-29,2020062901004396,UPCL,49,32,500,68.00,"34,000.00"
2020-06-29,2020062901004370,UPCL,35,32,100,68.00,"6,800.00"
2020-06-29,2020062901004441,UPPER,33,17,50,215.00,"10,750.00"
2020-06-29,2020062901004438,UPPER,33,38,40,215.00,"8,600.00"
2020-06-29,2020062901004375,UPPER,53,7,330,216.00,"71,280.00"
2020-06-29,2020062901004279,ADBL,34,34,500,328.00,"164,000.00"
2020-06-29,2020062901004050,ADBL,57,52,28,326.00,"9,128.00"
2020-06-29,2020062901004049,ADBL,51,52,25,327.00,"8,175.00"
2020-06-29,2020062901004028,ADBL,51,41,25,327.00,"8,175.00"
2020-06-29,2020062901003920,ADBL,14,49,619,327.00,"202,413.00"
2020-06-29,2020062901004341,AHPC,44,26,"1,000",91.00,"91,000.00"
2020-06-29,2020062901004281,AHPC,44,28,100,92.00,"9,200.00"
2020-06-29,2020062901004280,AHPC,44,1,"1,000",92.00,"92,000.00"
2020-06-29,2020062901004221,AHPC,59,26,212,91.00,"19,292.00"
2020-06-29,2020062901004161,AHPC,59,43,788,91.00,"71,708.00"
2020-06-29,2020062901004240,AKPL,41,52,12,111.00,"1,332.00"
2020-06-29,2020062901004074,AKPL,58,45,"2,000",109.00,"218,000.00"
2020-06-29,2020062901004062,AKPL,45,1,47,109.00,"5,123.00"
2020-06-29,2020062901003982,AKPL,45,1,300,109.00,"32,700.00"
2020-06-29,2020062901003966,AKPL,45,1,153,109.00,"16,677.00"
2020-06-29,2020062901003965,AKPL,45,42,347,109.00,"37,823.00"
2020-06-29,2020062901004148,ALBSL,10,6,11,546.00,"6,006.00"
2020-06-29,2020062901004065,ALBSL,10,44,11,550.00,"6,050.00"
2020-06-29,2020062901003949,ALBSL,10,16,11,561.00,"6,171.00"
2020-06-29,2020062901003908,ALBSL,17,58,10,561.00,"5,610.00"
2020-06-29,2020062901004226,ALICL,34,34,"1,997",477.00,"952,569.00"
2020-06-29,2020062901003954,ALICL,36,57,500,469.00,"234,500.00"
2020-06-29,2020062901003894,ALICL,39,50,150,468.00,"70,200.00"
2020-06-29,2020062901004246,API,25,52,30,106.00,"3,180.00"
2020-06-29,2020062901004245,API,25,51,22,105.00,"2,310.00"
2020-06-29,2020062901004360,BOKL,14,56,100,191.00,"19,100.00"
2020-06-29,2020062901004359,BOKL,25,56,50,191.00,"9,550.00"
2020-06-29,2020062901004334,BPCL,34,38,11,300.00,"3,300.00"
2020-06-29,2020062901004271,BPCL,34,17,12,300.00,"3,600.00"
2020-06-29,2020062901004244,BPCL,34,52,12,300.00,"3,600.00"
2020-06-29,2020062901003946,BPCL,34,47,10,297.00,"2,970.00"
2020-06-29,2020062901003939,BPCL,5,1,190,295.00,"56,050.00"
2020-06-29,2020062901004141,CBBL,58,34,46,900.00,"41,400.00"
2020-06-29,2020062901004140,CBBL,26,34,20,900.00,"18,000.00"
2020-06-29,2020062901004025,CBBL,46,34,30,900.00,"27,000.00"
2020-06-29,2020062901004113,CBL,25,45,200,131.00,"26,200.00"
2020-06-29,2020062901003991,CBL,25,16,100,131.00,"13,100.00"
2020-06-29,2020062901004297,CCBL,49,32,76,146.00,"11,096.00"
2020-06-29,2020062901004296,CCBL,49,44,114,146.00,"16,644.00"
2020-06-29,2020062901004295,CCBL,49,58,"1,241",146.00,"181,186.00"
2020-06-29,2020062901004294,CCBL,49,21,100,146.00,"14,600.00"
2020-06-29,2020062901004293,CCBL,49,32,89,146.00,"12,994.00"
2020-06-29,2020062901004292,CCBL,49,49,10,146.00,"1,460.00"
2020-06-29,2020062901004348,CHCL,53,52,200,344.00,"68,800.00"
2020-06-29,2020062901004347,CHCL,53,52,259,344.00,"89,096.00"
2020-06-29,2020062901004346,CHCL,53,36,100,344.00,"34,400.00"
2020-06-29,2020062901004345,CHCL,53,50,60,344.00,"20,640.00"
2020-06-29,2020062901004344,CHCL,53,40,100,344.00,"34,400.00"
2020-06-29,2020062901004343,CHCL,53,13,150,344.00,"51,600.00"
2020-06-29,2020062901003943,CHCL,10,49,205,338.00,"69,290.00"
2020-06-29,2020062901003867,CHCL,42,49,10,338.00,"3,380.00"
2020-06-29,2020062901004270,CZBIL,46,32,10,166.00,"1,660.00"
2020-06-29,2020062901004022,CZBIL,56,21,80,169.00,"13,520.00"
2020-06-29,2020062901004021,CZBIL,56,22,10,167.00,"1,670.00"
2020-06-29,2020062901004020,CZBIL,56,32,10,167.00,"1,670.00"
2020-06-29,2020062901004106,DDBL,25,16,10,723.00,"7,230.00"
2020-06-29,2020062901004192,EBL,49,43,100,540.00,"54,000.00"
2020-06-29,2020062901004191,EBL,49,17,88,540.00,"47,520.00"
2020-06-29,2020062901004190,EBL,49,58,128,539.00,"68,992.00"
2020-06-29,2020062901004156,EBL,35,58,252,539.00,"135,828.00"
2020-06-29,2020062901004149,EBL,14,58,50,539.00,"26,950.00"
2020-06-29,2020062901004134,EBL,26,58,20,539.00,"10,780.00"
2020-06-29,2020062901004112,EBL,42,58,50,539.00,"26,950.00"
2020-06-29,2020062901004202,EIC,41,11,10,330.00,"3,300.00"
2020-06-29,2020062901004086,EIC,49,44,10,333.00,"3,330.00"
2020-06-29,2020062901004331,FMDBL,17,19,314,385.00,"120,890.00"
2020-06-29,2020062901004330,FMDBL,17,16,186,385.00,"71,610.00"
2020-06-29,2020062901004316,FMDBL,17,45,100,384.00,"38,400.00"
2020-06-29,2020062901004238,FMDBL,17,53,50,384.00,"19,200.00"
2020-06-29,2020062901004232,FMDBL,17,46,200,384.00,"76,800.00"
2020-06-29,2020062901004092,FMDBL,17,44,117,382.00,"44,694.00"
2020-06-29,2020062901004051,FOWAD,17,17,100,"1,350.00","135,000.00"
2020-06-29,2020062901004356,GBBL,34,34,38,200.00,"7,600.00"
2020-06-29,2020062901004053,GBBL,39,49,74,204.00,"15,096.00"
2020-06-29,2020062901004052,GBBL,39,57,26,204.00,"5,304.00"
2020-06-29,2020062901004010,GBBL,39,57,10,204.00,"2,040.00"
2020-06-29,2020062901003990,GBBL,39,8,100,202.00,"20,200.00"
2020-06-29,2020062901003978,GBBL,39,47,100,200.00,"20,000.00"
2020-06-29,2020062901003977,GBBL,39,47,80,200.00,"16,000.00"
2020-06-29,2020062901003947,GBBL,39,25,200,198.00,"39,600.00"
2020-06-29,2020062901004358,GBIME,59,42,20,230.00,"4,600.00"
2020-06-29,2020062901004352,GBIME,59,59,10,227.00,"2,270.00"
2020-06-29,2020062901004327,GBIME,25,11,60,223.00,"13,380.00"
2020-06-29,2020062901004311,GBIME,25,32,59,223.00,"13,157.00"
2020-06-29,2020062901004310,GBIME,59,32,10,228.00,"2,280.00"
2020-06-29,2020062901004305,GBIME,59,39,100,227.00,"22,700.00"
2020-06-29,2020062901004008,GBIME,20,40,100,222.00,"22,200.00"
2020-06-29,2020062901003983,GBIME,11,40,200,222.00,"44,400.00"
2020-06-29,2020062901003980,GBIME,26,40,100,222.00,"22,200.00"
2020-06-29,2020062901003975,GBIME,13,57,500,221.00,"110,500.00"
2020-06-29,2020062901003963,GBIME,45,40,406,222.00,"90,132.00"
2020-06-29,2020062901003962,GBIME,45,34,94,222.00,"20,868.00"
2020-06-29,2020062901004135,GBIME,42,45,100,220.00,"22,000.00"
2020-06-29,2020062901004101,GBIME,42,44,25,220.00,"5,500.00"
2020-06-29,2020062901004091,GBIME,14,49,256,223.00,"57,088.00"
2020-06-29,2020062901004090,GBIME,14,41,50,222.00,"11,100.00"
2020-06-29,2020062901004089,GBIME,14,40,194,222.00,"43,068.00"
2020-06-29,2020062901004061,GBIME,8,41,100,221.00,"22,100.00"
2020-06-29,2020062901004304,GBIME,59,35,200,225.00,"45,000.00"
2020-06-29,2020062901004303,GBIME,59,49,100,225.00,"22,500.00"
2020-06-29,2020062901004273,GBIME,25,5,"1,000",224.00,"224,000.00"
2020-06-29,2020062901004219,GBIME,38,41,"1,000",223.00,"223,000.00"
2020-06-29,2020062901004218,GBIME,38,49,244,223.00,"54,412.00"
2020-06-29,2020062901004213,GBIME,59,59,10,222.00,"2,220.00"
2020-06-29,2020062901004147,GBLBS,36,32,10,355.00,"3,550.00"
2020-06-29,2020062901004104,GBLBS,36,44,15,355.00,"5,325.00"
2020-06-29,2020062901004277,GFCL,34,56,"1,500",141.00,"211,500.00"
2020-06-29,2020062901004264,GFCL,34,47,50,140.00,"7,000.00"
2020-06-29,2020062901004263,GFCL,34,20,200,140.00,"28,000.00"
2020-06-29,2020062901004262,GFCL,34,40,300,140.00,"42,000.00"
2020-06-29,2020062901004127,GFCL,34,40,400,140.00,"56,000.00"
2020-06-29,2020062901004205,GILB,25,52,357,"1,050.00","374,850.00"
2020-06-29,2020062901004204,GILB,25,55,20,"1,050.00","21,000.00"
2020-06-29,2020062901004203,GILB,25,47,17,"1,050.00","17,850.00"
2020-06-29,2020062901004254,GLICL,45,39,13,361.00,"4,693.00"
2020-06-29,2020062901004189,GLICL,1,39,13,355.00,"4,615.00"
2020-06-29,2020062901004185,GLICL,34,26,220,362.00,"79,640.00"
2020-06-29,2020062901004184,GLICL,34,59,30,361.00,"10,830.00"
2020-06-29,2020062901004157,GLICL,59,59,140,361.00,"50,540.00"
2020-06-29,2020062901004103,GLICL,59,59,10,355.00,"3,550.00"
2020-06-29,2020062901003912,GLICL,10,41,75,350.00,"26,250.00"
2020-06-29,2020062901003907,GLICL,33,52,15,353.00,"5,295.00"
2020-06-29,2020062901004155,HBL,44,21,100,453.00,"45,300.00"
2020-06-29,2020062901004215,HDHPC,6,44,50,86.00,"4,300.00"
2020-06-29,2020062901004214,HDHPC,6,26,50,86.00,"4,300.00"
2020-06-29,2020062901004338,HDL,28,58,85,"1,325.00","112,625.00"
2020-06-29,2020062901004337,HDL,33,58,15,"1,325.00","19,875.00"
2020-06-29,2020062901004198,HDL,33,4,35,"1,325.00","46,375.00"
2020-06-29,2020062901004197,HDL,42,4,300,"1,325.00","397,500.00"
2020-06-29,2020062901004196,HDL,25,4,50,"1,325.00","66,250.00"
2020-06-29,2020062901004195,HDL,39,4,115,"1,325.00","152,375.00"
2020-06-29,2020062901004182,HDL,39,4,385,"1,325.00","510,125.00"
2020-06-29,2020062901004181,HDL,28,4,15,"1,325.00","19,875.00"
2020-06-29,2020062901004180,HDL,14,4,100,"1,325.00","132,500.00"
2020-06-29,2020062901003879,HDL,34,22,10,"1,325.00","13,250.00"
2020-06-29,2020062901003878,HDL,57,22,50,"1,325.00","66,250.00"
2020-06-29,2020062901003863,HDL,39,22,31,"1,325.00","41,075.00"
2020-06-29,2020062901004164,HGI,45,45,80,292.00,"23,360.00"
2020-06-29,2020062901004023,HGI,45,54,100,294.00,"29,400.00"
2020-06-29,2020062901004275,HIDCL,41,25,50,118.00,"5,900.00"
2020-06-29,2020062901004235,HIDCL,53,25,50,118.00,"5,900.00"
2020-06-29,2020062901004125,HIDCL,14,32,31,116.00,"3,596.00"
2020-06-29,2020062901004075,HPPL,45,45,26,131.00,"3,406.00"
2020-06-29,2020062901004073,HPPL,5,26,10,127.00,"1,270.00"
2020-06-29,2020062901004072,HPPL,5,26,10,127.00,"1,270.00"
2020-06-29,2020062901004119,ICFC,56,6,31,163.00,"5,053.00"
2020-06-29,2020062901003877,ICFC,56,20,50,163.00,"8,150.00"
2020-06-29,2020062901004342,ILBS,44,38,10,594.00,"5,940.00"
2020-06-29,2020062901004312,ILBS,44,17,11,594.00,"6,534.00"
2020-06-29,2020062901003868,ILBS,44,16,41,594.00,"24,354.00"
2020-06-29,2020062901004332,KBL,49,52,22,167.00,"3,674.00"
2020-06-29,2020062901004261,KBL,49,44,"1,645",167.00,"274,715.00"
2020-06-29,2020062901004260,KBL,49,43,300,167.00,"50,100.00"
2020-06-29,2020062901004259,KBL,49,57,22,167.00,"3,674.00"
2020-06-29,2020062901004258,KBL,49,29,101,167.00,"16,867.00"
2020-06-29,2020062901004257,KBL,49,52,10,164.00,"1,640.00"
2020-06-29,2020062901004234,KBL,39,52,990,164.00,"162,360.00"
2020-06-29,2020062901004233,KBL,39,7,10,164.00,"1,640.00"
2020-06-29,2020062901004078,KBL,25,8,109,164.00,"17,876.00"
2020-06-29,2020062901004034,KBL,18,45,66,164.00,"10,824.00"
2020-06-29,2020062901004353,KSBBL,33,22,290,138.00,"40,020.00"
2020-06-29,2020062901004132,KSBBL,34,22,200,138.00,"27,600.00"
2020-06-29,2020062901003989,KSBBL,33,5,100,140.00,"14,000.00"
2020-06-29,2020062901003988,KSBBL,11,5,40,140.00,"5,600.00"
2020-06-29,2020062901004225,LBL,5,45,500,185.00,"92,500.00"
2020-06-29,2020062901004224,LBL,38,45,18,185.00,"3,330.00"
2020-06-29,2020062901003926,LBL,38,45,26,185.00,"4,810.00"
2020-06-29,2020062901003925,LBL,49,45,18,185.00,"3,330.00"
2020-06-29,2020062901004231,LGIL,36,14,126,330.00,"41,580.00"
2020-06-29,2020062901004230,LGIL,36,45,10,328.00,"3,280.00"
2020-06-29,2020062901004228,LGIL,14,11,50,325.00,"16,250.00"
2020-06-29,2020062901004133,LICN,57,26,70,"1,122.00","78,540.00"
2020-06-29,2020062901004200,LLBS,39,43,10,892.00,"8,920.00"
2020-06-29,2020062901004188,LLBS,39,43,10,892.00,"8,920.00"
2020-06-29,2020062901003890,LLBS,45,43,10,892.00,"8,920.00"
2020-06-29,2020062901004239,MBL,50,7,10,203.00,"2,030.00"
2020-06-29,2020062901004137,MBL,50,41,200,203.00,"40,600.00"
2020-06-29,2020062901004026,MBL,35,50,884,200.00,"176,800.00"
2020-06-29,2020062901003955,MBL,17,38,200,201.00,"40,200.00"
2020-06-29,2020062901003880,MBL,17,32,137,201.00,"27,537.00"
2020-06-29,2020062901004042,MEGA,38,47,100,191.00,"19,100.00"
2020-06-29,2020062901004041,MEGA,38,19,"1,000",191.00,"191,000.00"
2020-06-29,2020062901004032,MEGA,35,58,783,188.00,"147,204.00"
2020-06-29,2020062901004031,MEGA,32,58,100,189.00,"18,900.00"
2020-06-29,2020062901004030,MEGA,58,58,117,189.00,"22,113.00"
2020-06-29,2020062901003941,MEGA,58,47,100,189.00,"18,900.00"
2020-06-29,2020062901003915,MEGA,38,28,500,190.00,"95,000.00"
2020-06-29,2020062901003914,MEGA,38,52,113,190.00,"21,470.00"
2020-06-29,2020062901003904,MEGA,58,45,83,189.00,"15,687.00"
2020-06-29,2020062901004130,MFIL,16,52,730,228.00,"166,440.00"
2020-06-29,2020062901004129,MFIL,16,38,50,227.00,"11,350.00"
2020-06-29,2020062901004357,MLBL,53,42,50,182.00,"9,100.00"
2020-06-29,2020062901004220,MNBBL,54,32,"1,542",273.00,"420,966.00"
2020-06-29,2020062901004208,MNBBL,35,25,103,272.00,"28,016.00"
2020-06-29,2020062901003924,MNBBL,59,57,35,270.00,"9,450.00"
2020-06-29,2020062901003897,MNBBL,17,29,700,269.00,"188,300.00"
2020-06-29,2020062901003896,MNBBL,58,29,100,268.00,"26,800.00"
2020-06-29,2020062901004290,NABIL,52,13,250,654.00,"163,500.00"
2020-06-29,2020062901004276,NABIL,39,43,100,653.00,"65,300.00"
2020-06-29,2020062901004229,NABIL,13,13,200,654.00,"130,800.00"
2020-06-29,2020062901004183,NABIL,56,13,50,654.00,"32,700.00"
2020-06-29,2020062901004043,NABIL,52,43,500,655.00,"327,500.00"
2020-06-29,2020062901003923,NABIL,52,42,27,648.00,"17,496.00"
2020-06-29,2020062901003917,NABIL,58,1,128,640.00,"81,920.00"
2020-06-29,2020062901004268,NADEP,44,13,56,480.00,"26,880.00"
2020-06-29,2020062901003940,NADEP,44,32,23,480.00,"11,040.00"
2020-06-29,2020062901003903,NADEP,43,17,10,480.00,"4,800.00"
2020-06-29,2020062901003902,NADEP,49,17,10,485.00,"4,850.00"
2020-06-29,2020062901003901,NADEP,44,17,279,489.00,"136,431.00"
2020-06-29,2020062901004324,NBB,42,7,10,175.00,"1,750.00"
2020-06-29,2020062901004217,NBB,42,58,500,175.00,"87,500.00"
2020-06-29,2020062901004216,NBB,42,25,50,175.00,"8,750.00"
2020-06-29,2020062901004212,NBB,7,56,498,172.00,"85,656.00"
2020-06-29,2020062901004211,NBB,39,56,200,173.00,"34,600.00"
2020-06-29,2020062901004210,NBB,6,56,62,173.00,"10,726.00"
2020-06-29,2020062901003930,NBB,37,17,500,171.00,"85,500.00"
2020-06-29,2020062901003929,NBB,56,17,50,171.00,"8,550.00"
2020-06-29,2020062901003928,NBB,59,17,100,172.00,"17,200.00"
2020-06-29,2020062901003927,NBB,56,17,20,172.00,"3,440.00"
2020-06-29,2020062901003942,NBB,29,17,47,170.00,"7,990.00"
2020-06-29,2020062901003932,NBB,29,17,227,170.00,"38,590.00"
2020-06-29,2020062901003931,NBB,34,17,103,170.00,"17,510.00"
2020-06-29,2020062901004209,NBB,51,56,240,174.00,"41,760.00"
2020-06-29,2020062901004187,NBB,51,56,164,174.00,"28,536.00"
2020-06-29,2020062901004186,NBB,19,56,240,174.00,"41,760.00"
2020-06-29,2020062901004178,NBB,19,25,10,174.00,"1,740.00"
2020-06-29,2020062901004171,NBB,6,45,338,173.00,"58,474.00"
2020-06-29,2020062901004170,NBB,10,45,100,173.00,"17,300.00"
2020-06-29,2020062901004351,NBL,22,7,20,221.00,"4,420.00"
2020-06-29,2020062901004199,NBL,32,45,50,225.00,"11,250.00"
2020-06-29,2020062901004067,NBL,6,48,"1,150",221.00,"254,150.00"
2020-06-29,2020062901004066,NBL,6,40,360,221.00,"79,560.00"
2020-06-29,2020062901003967,NBL,49,5,230,219.00,"50,370.00"
2020-06-29,2020062901003935,NBL,49,5,22,219.00,"4,818.00"
2020-06-29,2020062901003934,NBL,14,5,323,219.00,"70,737.00"
2020-06-29,2020062901004077,NCCB,48,52,"1,000",175.00,"175,000.00"
2020-06-29,2020062901003956,NGPL,35,17,11,102.00,"1,122.00"
2020-06-29,2020062901004286,NHDL,42,28,40,113.00,"4,520.00"
2020-06-29,2020062901004285,NHDL,42,48,10,113.00,"1,130.00"
2020-06-29,2020062901004124,NIB,34,41,500,387.00,"193,500.00"
2020-06-29,2020062901004070,NIB,34,40,200,387.00,"77,400.00"
2020-06-29,2020062901003972,NIB,34,17,18,387.00,"6,966.00"
2020-06-29,2020062901003916,NIB,34,1,110,387.00,"42,570.00"
2020-06-29,2020062901003891,NIB,34,52,100,387.00,"38,700.00"
2020-06-29,2020062901003899,NIBPO,50,39,60,336.00,"20,160.00"
2020-06-29,2020062901004308,NICA,51,11,100,446.00,"44,600.00"
2020-06-29,2020062901004126,NICA,39,14,50,450.00,"22,500.00"
2020-06-29,2020062901004117,NICA,39,5,30,445.00,"13,350.00"
2020-06-29,2020062901004116,NICA,39,41,50,444.00,"22,200.00"
2020-06-29,2020062901004033,NICA,25,5,70,445.00,"31,150.00"
2020-06-29,2020062901004000,NICA,17,48,"2,000",438.00,"876,000.00"
2020-06-29,2020062901003999,NICA,17,45,500,438.00,"219,000.00"
2020-06-29,2020062901003998,NICA,17,4,200,437.00,"87,400.00"
2020-06-29,2020062901003997,NICA,17,52,200,436.00,"87,200.00"
2020-06-29,2020062901004227,NICL,13,55,200,309.00,"61,800.00"
2020-06-29,2020062901004146,NICL,34,5,500,309.00,"154,500.00"
2020-06-29,2020062901004319,NIL,36,57,30,436.00,"13,080.00"
2020-06-29,2020062901004272,NIL,50,56,50,435.00,"21,750.00"
2020-06-29,2020062901004252,NIL,36,56,200,436.00,"87,200.00"
2020-06-29,2020062901004251,NIL,5,34,200,443.00,"88,600.00"
2020-06-29,2020062901004250,NIL,5,14,200,443.00,"88,600.00"
2020-06-29,2020062901004241,NIL,36,11,251,436.00,"109,436.00"
2020-06-29,2020062901003994,NIL,46,45,500,440.00,"220,000.00"
2020-06-29,2020062901003993,NIL,46,8,50,440.00,"22,000.00"
2020-06-29,2020062901003992,NIL,46,32,100,440.00,"44,000.00"
2020-06-29,2020062901004150,NIL,59,14,150,443.00,"66,450.00"
2020-06-29,2020062901004136,NIL,14,14,50,443.00,"22,150.00"
2020-06-29,2020062901004093,NIL,53,44,300,441.00,"132,300.00"
2020-06-29,2020062901004088,NIL,53,44,500,441.00,"220,500.00"
2020-06-29,2020062901004071,NIL,5,44,200,441.00,"88,200.00"
2020-06-29,2020062901004040,NIL,56,44,"1,000",441.00,"441,000.00"
2020-06-29,2020062901004291,NLG,11,32,101,515.00,"52,015.00"
2020-06-29,2020062901004350,NLIC,52,44,20,"1,046.00","20,920.00"
2020-06-29,2020062901004349,NLIC,13,44,50,"1,046.00","52,300.00"
2020-06-29,2020062901004326,NLIC,45,44,80,"1,046.00","83,680.00"
2020-06-29,2020062901004307,NLIC,25,52,50,"1,045.00","52,250.00"
2020-06-29,2020062901004255,NLIC,14,25,100,"1,045.00","104,500.00"
2020-06-29,2020062901004253,NLIC,14,4,100,"1,044.00","104,400.00"
2020-06-29,2020062901003909,NLIC,34,58,100,"1,028.00","102,800.00"
2020-06-29,2020062901003872,NLIC,39,50,50,"1,029.00","51,450.00"
2020-06-29,2020062901003866,NLIC,40,50,169,"1,029.00","173,901.00"
2020-06-29,2020062901003865,NLIC,40,38,189,"1,025.00","193,725.00"
2020-06-29,2020062901003864,NLIC,40,17,42,"1,020.00","42,840.00"
2020-06-29,2020062901004069,NLIC,54,36,400,"1,030.00","412,000.00"
2020-06-29,2020062901004068,NLIC,16,36,100,"1,030.00","103,000.00"
2020-06-29,2020062901004009,NLIC,14,21,30,"1,036.00","31,080.00"
2020-06-29,2020062901003985,NLIC,7,46,200,"1,030.00","206,000.00"
2020-06-29,2020062901003933,NLIC,34,4,80,"1,029.00","82,320.00"
2020-06-29,2020062901003910,NLIC,34,50,196,"1,029.00","201,684.00"
2020-06-29,2020062901004194,NLIC,6,44,50,"1,046.00","52,300.00"
2020-06-29,2020062901004179,NLIC,41,11,87,"1,037.00","90,219.00"
2020-06-29,2020062901004139,NLIC,25,45,200,"1,036.00","207,200.00"
2020-06-29,2020062901004131,NLIC,1,44,417,"1,035.00","431,595.00"
2020-06-29,2020062901004118,NLIC,33,44,83,"1,035.00","85,905.00"
2020-06-29,2020062901004107,NLIC,33,34,17,"1,035.00","17,595.00"
2020-06-29,2020062901004096,NLICL,51,44,80,496.00,"39,680.00"
2020-06-29,2020062901004095,NLICL,46,44,20,505.00,"10,100.00"
2020-06-29,2020062901003938,NLICL,51,44,100,496.00,"49,600.00"
2020-06-29,2020062901004333,NMB,41,43,367,337.00,"123,679.00"
2020-06-29,2020062901004309,NMB,42,50,20,339.00,"6,780.00"
2020-06-29,2020062901004223,NMB,20,50,34,339.00,"11,526.00"
2020-06-29,2020062901004222,NMB,20,1,66,338.00,"22,308.00"
2020-06-29,2020062901004207,NMB,6,50,100,339.00,"33,900.00"
2020-06-29,2020062901004206,NMB,41,45,12,337.00,"4,044.00"
2020-06-29,2020062901003873,NMB,1,38,200,338.00,"67,600.00"
2020-06-29,2020062901003906,NMB,39,34,265,340.00,"90,100.00"
2020-06-29,2020062901003905,NMB,39,49,35,340.00,"11,900.00"
2020-06-29,2020062901003900,NMB,25,38,30,338.00,"10,140.00"
2020-06-29,2020062901003893,NMB,51,38,100,338.00,"33,800.00"
2020-06-29,2020062901003876,NMB,41,38,20,338.00,"6,760.00"
2020-06-29,2020062901003875,NMB,51,38,100,338.00,"33,800.00"
2020-06-29,2020062901004014,NMB,25,33,145,336.00,"48,720.00"
2020-06-29,2020062901003996,NMB,25,33,55,338.00,"18,590.00"
2020-06-29,2020062901003984,NMB,25,17,15,338.00,"5,070.00"
2020-06-29,2020062901003961,NMB,13,43,265,340.00,"90,100.00"
2020-06-29,2020062901003960,NMB,13,34,235,340.00,"79,900.00"
2020-06-29,2020062901003944,NMB,25,34,500,340.00,"170,000.00"
2020-06-29,2020062901004193,NMB,50,50,50,339.00,"16,950.00"
2020-06-29,2020062901004145,NMB,41,44,121,337.00,"40,777.00"
2020-06-29,2020062901004128,NMB,26,50,20,339.00,"6,780.00"
2020-06-29,2020062901004100,NMB,21,42,76,336.00,"25,536.00"
2020-06-29,2020062901004047,NMB,21,32,40,336.00,"13,440.00"
2020-06-29,2020062901004015,NMB,21,33,500,336.00,"168,000.00"
2020-06-29,2020062901004120,NTC,19,55,100,610.00,"61,000.00"
2020-06-29,2020062901003976,NTC,59,22,20,615.00,"12,300.00"
2020-06-29,2020062901003958,NTC,49,7,10,610.00,"6,100.00"
2020-06-29,2020062901004249,PCBL,13,38,100,229.00,"22,900.00"
2020-06-29,2020062901004169,PCBL,50,38,10,229.00,"2,290.00"
2020-06-29,2020062901004115,PCBL,35,26,125,228.00,"28,500.00"
2020-06-29,2020062901004108,PCBL,54,26,275,228.00,"62,700.00"
2020-06-29,2020062901004064,PCBL,20,26,100,228.00,"22,800.00"
2020-06-29,2020062901003986,PCBL,28,57,32,226.00,"7,232.00"
2020-06-29,2020062901003870,PCBL,41,38,81,229.00,"18,549.00"
2020-06-29,2020062901003869,PCBL,41,49,19,227.00,"4,313.00"
2020-06-29,2020062901004154,PFL,35,33,12,145.00,"1,740.00"
2020-06-29,2020062901004153,PFL,35,32,27,145.00,"3,915.00"
2020-06-29,2020062901004329,PIC,52,29,200,453.00,"90,600.00"
2020-06-29,2020062901004151,PIC,41,44,34,455.00,"15,470.00"
2020-06-29,2020062901003995,PIC,41,32,11,455.00,"5,005.00"
2020-06-29,2020062901004256,PLIC,59,11,50,481.00,"24,050.00"
2020-06-29,2020062901004063,PLIC,59,52,50,478.00,"23,900.00"
2020-06-29,2020062901004045,PLIC,36,40,247,472.00,"116,584.00"
2020-06-29,2020062901004044,PLIC,36,25,190,471.00,"89,490.00"
2020-06-29,2020062901003974,PLIC,36,45,500,470.00,"235,000.00"
2020-06-29,2020062901004046,PMHPL,35,17,10,73.00,730.00
2020-06-29,2020062901004289,PPCL,1,17,20,101.00,"2,020.00"
2020-06-29,2020062901003892,PPCL,14,34,80,101.00,"8,080.00"
2020-06-29,2020062901004339,PRIN,44,48,10,342.00,"3,420.00"
2020-06-29,2020062901004362,PRVU,58,43,783,204.00,"159,732.00"
2020-06-29,2020062901004361,PRVU,58,34,217,204.00,"44,268.00"
2020-06-29,2020062901004299,PRVU,53,34,233,205.00,"47,765.00"
2020-06-29,2020062901004237,PRVU,53,45,17,205.00,"3,485.00"
2020-06-29,2020062901004236,PRVU,57,45,20,205.00,"4,100.00"
2020-06-29,2020062901004004,PRVU,57,17,32,205.00,"6,560.00"
2020-06-29,2020062901004003,PRVU,57,34,48,205.00,"9,840.00"
2020-06-29,2020062901003957,PRVU,28,34,10,205.00,"2,050.00"
2020-06-29,2020062901004039,RADHI,33,35,10,172.00,"1,720.00"
2020-06-29,2020062901004201,RBCL,39,7,10,"8,550.00","85,500.00"
2020-06-29,2020062901004048,RBCLPO,1,6,15,"6,872.00","103,080.00"
2020-06-29,2020062901003913,RBCLPO,58,6,15,"6,871.00","103,065.00"
2020-06-29,2020062901004248,RHPC,36,45,53,76.00,"4,028.00"
2020-06-29,2020062901004018,RHPC,36,32,96,76.00,"7,296.00"
2020-06-29,2020062901004017,RHPC,6,32,109,77.00,"8,393.00"
2020-06-29,2020062901004016,RHPC,13,32,500,77.00,"38,500.00"
2020-06-29,2020062901004355,RHPL,22,17,10,138.00,"1,380.00"
2020-06-29,2020062901004087,RHPL,22,17,10,138.00,"1,380.00"
2020-06-29,2020062901003945,RHPL,46,34,18,140.00,"2,520.00"
2020-06-29,2020062901004102,RMDC,26,32,545,535.00,"291,575.00"
2020-06-29,2020062901004002,RMDC,34,26,12,545.00,"6,540.00"
2020-06-29,2020062901004001,RMDC,34,44,"1,000",545.00,"545,000.00"
2020-06-29,2020062901003981,RMDC,34,36,75,537.00,"40,275.00"
2020-06-29,2020062901003881,RMDC,25,21,61,531.00,"32,391.00"
2020-06-29,2020062901004274,SABSL,17,45,11,660.00,"7,260.00"
2020-06-29,2020062901004159,SABSL,17,44,11,660.00,"7,260.00"
2020-06-29,2020062901004152,SABSL,36,29,200,670.00,"134,000.00"
2020-06-29,2020062901004301,SANIMA,54,34,500,305.00,"152,500.00"
2020-06-29,2020062901004300,SANIMA,54,45,355,305.00,"108,275.00"
2020-06-29,2020062901004267,SANIMA,13,45,100,305.00,"30,500.00"
2020-06-29,2020062901004168,SANIMA,10,45,245,305.00,"74,725.00"
2020-06-29,2020062901004085,SANIMA,45,42,370,300.00,"111,000.00"
2020-06-29,2020062901004084,SANIMA,45,46,50,300.00,"15,000.00"
2020-06-29,2020062901004083,SANIMA,45,40,450,300.00,"135,000.00"
2020-06-29,2020062901003971,SANIMA,10,21,55,298.00,"16,390.00"
2020-06-29,2020062901003970,SANIMA,49,38,500,299.00,"149,500.00"
2020-06-29,2020062901003969,SANIMA,49,13,"1,243",299.00,"371,657.00"
2020-06-29,2020062901003968,SANIMA,49,45,"1,000",298.00,"298,000.00"
2020-06-29,2020062901003874,SANIMA,53,13,20,299.00,"5,980.00"
2020-06-29,2020062901004029,SBI,17,17,392,377.00,"147,784.00"
2020-06-29,2020062901004024,SBI,57,42,125,378.00,"47,250.00"
2020-06-29,2020062901004019,SBI,58,42,10,378.00,"3,780.00"
2020-06-29,2020062901004266,SBL,14,59,124,262.00,"32,488.00"
2020-06-29,2020062901004265,SBL,14,21,74,261.00,"19,314.00"
2020-06-29,2020062901004167,SBL,54,21,119,261.00,"31,059.00"
2020-06-29,2020062901004166,SBL,54,42,381,261.00,"99,441.00"
2020-06-29,2020062901003979,SBL,45,42,500,261.00,"130,500.00"
2020-06-29,2020062901003953,SBL,25,41,"1,000",260.00,"260,000.00"
2020-06-29,2020062901003911,SBL,57,16,882,261.00,"230,202.00"
2020-06-29,2020062901003871,SBL,14,19,500,259.00,"129,500.00"
2020-06-29,2020062901004336,SCB,25,56,800,521.00,"416,800.00"
2020-06-29,2020062901004335,SCB,25,52,85,520.00,"44,200.00"
2020-06-29,2020062901004123,SCB,11,17,44,512.00,"22,528.00"
2020-06-29,2020062901004122,SCB,11,17,100,512.00,"51,200.00"
2020-06-29,2020062901004121,SCB,11,17,76,513.00,"38,988.00"
2020-06-29,2020062901004035,SCB,41,32,20,515.00,"10,300.00"
2020-06-29,2020062901004060,SCB,11,49,24,513.00,"12,312.00"
2020-06-29,2020062901004059,SCB,58,49,20,513.00,"10,260.00"
2020-06-29,2020062901004058,SCB,13,49,56,513.00,"28,728.00"
2020-06-29,2020062901004038,SCB,13,32,244,513.00,"125,172.00"
2020-06-29,2020062901004037,SCB,10,32,50,513.00,"25,650.00"
2020-06-29,2020062901004036,SCB,28,32,50,515.00,"25,750.00"
2020-06-29,2020062901004315,SHINE,21,22,50,215.00,"10,750.00"
2020-06-29,2020062901004138,SHINE,45,22,250,215.00,"53,750.00"
2020-06-29,2020062901004114,SHINE,57,22,20,215.00,"4,300.00"
2020-06-29,2020062901004340,SHIVM,39,35,10,499.00,"4,990.00"
2020-06-29,2020062901004328,SHIVM,39,35,10,499.00,"4,990.00"
2020-06-29,2020062901004306,SHIVM,39,35,10,490.00,"4,900.00"
2020-06-29,2020062901004288,SHIVM,28,11,90,481.00,"43,290.00"
2020-06-29,2020062901004287,SHIVM,14,11,60,482.00,"28,920.00"
2020-06-29,2020062901004283,SHIVM,14,25,41,482.00,"19,762.00"
2020-06-29,2020062901004027,SHIVM,53,43,160,473.00,"75,680.00"
2020-06-29,2020062901004282,SHIVM,39,25,60,482.00,"28,920.00"
2020-06-29,2020062901004177,SHIVM,28,35,400,481.00,"192,400.00"
2020-06-29,2020062901004175,SHIVM,34,52,100,480.00,"48,000.00"
2020-06-29,2020062901004174,SHIVM,34,34,30,480.00,"14,400.00"
2020-06-29,2020062901004163,SHIVM,34,10,50,475.00,"23,750.00"
2020-06-29,2020062901004162,SHIVM,34,46,50,475.00,"23,750.00"
2020-06-29,2020062901004323,SHPC,53,21,250,195.00,"48,750.00"
2020-06-29,2020062901004322,SHPC,53,59,42,195.00,"8,190.00"
2020-06-29,2020062901004321,SHPC,53,47,"1,000",195.00,"195,000.00"
2020-06-29,2020062901004320,SHPC,53,16,210,195.00,"40,950.00"
2020-06-29,2020062901004298,SHPC,38,45,33,192.00,"6,336.00"
2020-06-29,2020062901004165,SHPC,53,44,30,193.00,"5,790.00"
2020-06-29,2020062901004110,SIC,42,52,80,576.00,"46,080.00"
2020-06-29,2020062901004109,SIC,42,37,50,576.00,"28,800.00"
2020-06-29,2020062901003919,SICL,7,14,50,795.00,"39,750.00"
2020-06-29,2020062901003918,SICL,7,42,65,790.00,"51,350.00"
2020-06-29,2020062901003887,SICL,29,45,50,781.00,"39,050.00"
2020-06-29,2020062901003886,SICL,29,25,10,781.00,"7,810.00"
2020-06-29,2020062901003885,SICL,29,33,100,781.00,"78,100.00"
2020-06-29,2020062901003884,SICL,29,1,30,781.00,"23,430.00"
2020-06-29,2020062901003883,SICL,29,57,100,781.00,"78,100.00"
2020-06-29,2020062901003882,SICL,29,16,55,781.00,"42,955.00"
2020-06-29,2020062901004354,SIFC,39,59,200,140.00,"28,000.00"
2020-06-29,2020062901004057,SIL,59,1,78,426.00,"33,228.00"
2020-06-29,2020062901004056,SIL,59,7,490,426.00,"208,740.00"
2020-06-29,2020062901004055,SIL,59,6,100,424.00,"42,400.00"
2020-06-29,2020062901004054,SIL,59,58,42,418.00,"17,556.00"
2020-06-29,2020062901004317,SINDU,26,51,15,120.00,"1,800.00"
2020-06-29,2020062901004243,SJCL,22,52,90,129.00,"11,610.00"
2020-06-29,2020062901004242,SJCL,22,51,10,129.00,"1,290.00"
2020-06-29,2020062901003895,SKBBL,14,1,12,960.00,"11,520.00"
2020-06-29,2020062901003888,SKBBL,55,1,29,961.00,"27,869.00"
2020-06-29,2020062901004269,SLBSL,16,44,10,699.00,"6,990.00"
2020-06-29,2020062901004142,SLICL,59,45,150,357.00,"53,550.00"
2020-06-29,2020062901004099,SLICL,46,45,11,357.00,"3,927.00"
2020-06-29,2020062901004098,SLICL,46,19,20,352.00,"7,040.00"
2020-06-29,2020062901004013,SLICL,41,45,365,350.00,"127,750.00"
2020-06-29,2020062901004012,SLICL,41,39,20,350.00,"7,000.00"
2020-06-29,2020062901004011,SLICL,41,35,70,350.00,"24,500.00"
2020-06-29,2020062901003948,SLICL,46,59,"1,000",348.00,"348,000.00"
2020-06-29,2020062901003898,SLICL,46,17,248,345.00,"85,560.00"
2020-06-29,2020062901003889,SLICL,33,16,150,341.00,"51,150.00"
2020-06-29,2020062901004278,SPDL,33,17,15,91.00,"1,365.00"
2020-06-29,2020062901004082,SRBL,14,57,300,210.00,"63,000.00"
2020-06-29,2020062901004081,SRBL,14,14,184,210.00,"38,640.00"
2020-06-29,2020062901004080,SRBL,14,50,400,209.00,"83,600.00"
2020-06-29,2020062901004079,SRBL,14,52,96,209.00,"20,064.00"
2020-06-29,2020062901003952,SRBL,57,56,997,208.00,"207,376.00"
2020-06-29,2020062901003951,SRBL,57,36,25,208.00,"5,200.00"
2020-06-29,2020062901003950,SRBL,57,56,253,207.00,"52,371.00"
2020-06-29,2020062901004325,SWBBL,50,41,668,"1,054.00","704,072.00"
2020-06-29,2020062901004173,SWBBL,55,41,200,"1,054.00","210,800.00"
2020-06-29,2020062901004172,SWBBL,20,41,50,"1,054.00","52,700.00"
2020-06-29,2020062901004105,SWBBL,50,32,76,"1,054.00","80,104.00"
2020-06-29,2020062901004094,SWBBL,44,32,500,"1,054.00","527,000.00"
2020-06-29,2020062901004007,SWBBL,25,41,50,"1,054.00","52,700.00"
2020-06-29,2020062901004006,SWBBL,50,41,100,"1,054.00","105,400.00"
2020-06-29,2020062901004005,SWBBL,14,41,50,"1,055.00","52,750.00"
2020-06-29,2020062901003973,SWBBL,17,17,"1,276","1,064.00","1,357,664.00"
2020-06-29,2020062901003959,SWBBL,46,56,21,"1,064.00","22,344.00"
2020-06-29,2020062901004314,UIC,33,22,30,283.00,"8,490.00"
2020-06-29,2020062901004313,UIC,33,35,190,283.00,"53,770.00"
2020-06-29,2020062901004302,UIC,33,17,150,280.00,"42,000.00"
2020-06-29,2020062901004284,UIC,5,43,100,279.00,"27,900.00"
2020-06-29,2020062901004160,UIC,38,17,340,274.00,"93,160.00"
2020-06-29,2020062901003922,UIC,5,52,60,273.00,"16,380.00"
2020-06-29,2020062901003921,UIC,48,52,40,273.00,"10,920.00"
2020-06-29,2020062901004318,UPCL,57,32,300,68.00,"20,400.00"
2020-06-29,2020062901004144,UPCL,56,32,100,68.00,"6,800.00"
2020-06-29,2020062901004111,UPCL,17,17,"2,438",69.00,"168,222.00"
2020-06-29,2020062901004247,UPPER,53,52,170,216.00,"36,720.00"
2020-06-29,2020062901004176,UPPER,33,17,40,215.00,"8,600.00"
2020-06-29,2020062901004158,UPPER,43,52,30,216.00,"6,480.00"
2020-06-29,2020062901004143,UPPER,13,19,300,215.00,"64,500.00"
2020-06-29,2020062901004097,UPPER,28,43,60,214.00,"12,840.00"
2020-06-29,2020062901004076,UPPER,28,32,40,214.00,"8,560.00"
2020-06-29,2020062901003987,UPPER,10,58,800,214.00,"171,200.00"
2020-06-29,2020062901003964,UPPER,10,1,50,213.00,"10,650.00"
2020-06-29,2020062901003937,UPPER,17,1,450,213.00,"95,850.00"
2020-06-29,2020062901003936,UPPER,17,21,50,213.00,"10,650.00"
2020-06-29,2020062901003750,ADBL,57,26,398,326.00,"129,748.00"
2020-06-29,2020062901003726,ADBL,57,34,273,326.00,"88,998.00"
2020-06-29,2020062901003687,ADBL,57,4,100,326.00,"32,600.00"
2020-06-29,2020062901003648,ADBL,58,49,30,327.00,"9,810.00"
2020-06-29,2020062901003550,ADBL,57,46,"1,000",326.00,"326,000.00"
2020-06-29,2020062901003367,ADBL,57,57,40,323.00,"12,920.00"
2020-06-29,2020062901003768,AKJCL,11,26,20,51.00,"1,020.00"
2020-06-29,2020062901003494,AKJCL,11,22,10,51.00,510.00
2020-06-29,2020062901003761,AKPL,34,42,653,109.00,"71,177.00"
2020-06-29,2020062901003760,AKPL,34,1,990,109.00,"107,910.00"
2020-06-29,2020062901003744,AKPL,41,52,108,108.00,"11,664.00"
2020-06-29,2020062901003743,AKPL,57,32,13,107.00,"1,391.00"
2020-06-29,2020062901003719,AKPL,57,26,95,107.00,"10,165.00"
2020-06-29,2020062901003422,ALBSL,10,34,10,572.00,"5,720.00"
2020-06-29,2020062901003749,ALICL,57,52,400,462.00,"184,800.00"
2020-06-29,2020062901003476,ALICL,18,38,100,453.00,"45,300.00"
2020-06-29,2020062901003810,API,59,51,300,105.00,"31,500.00"
2020-06-29,2020062901003438,API,4,51,50,105.00,"5,250.00"
2020-06-29,2020062901003848,BOKL,59,21,100,189.00,"18,900.00"
2020-06-29,2020062901003511,BOKL,59,44,10,189.00,"1,890.00"
2020-06-29,2020062901003510,BOKL,38,44,100,189.00,"18,900.00"
2020-06-29,2020062901003509,BOKL,11,44,80,190.00,"15,200.00"
2020-06-29,2020062901003506,BOKL,11,45,20,190.00,"3,800.00"
2020-06-29,2020062901003505,BOKL,45,45,230,190.00,"43,700.00"
2020-06-29,2020062901003420,BOKL,45,57,20,190.00,"3,800.00"
2020-06-29,2020062901003535,BPCL,29,34,74,292.00,"21,608.00"
2020-06-29,2020062901003534,BPCL,53,34,20,293.00,"5,860.00"
2020-06-29,2020062901003850,CBBL,16,58,200,897.00,"179,400.00"
2020-06-29,2020062901003365,CBBL,52,34,50,900.00,"45,000.00"
2020-06-29,2020062901003832,CBL,25,22,40,131.00,"5,240.00"
2020-06-29,2020062901003759,CBL,42,32,332,130.00,"43,160.00"
2020-06-29,2020062901003665,CCBL,10,19,20,148.00,"2,960.00"
2020-06-29,2020062901003643,CCBL,10,19,100,147.00,"14,700.00"
2020-06-29,2020062901003533,CCBL,10,10,100,146.00,"14,600.00"
2020-06-29,2020062901003532,CCBL,10,16,280,146.00,"40,880.00"
2020-06-29,2020062901003508,CCBL,18,19,100,145.00,"14,500.00"
2020-06-29,2020062901003507,CCBL,18,14,100,145.00,"14,500.00"
2020-06-29,2020062901003385,CCBL,34,21,100,144.00,"14,400.00"
2020-06-29,2020062901003842,CHCL,20,49,50,338.00,"16,900.00"
2020-06-29,2020062901003713,CZBIL,38,26,41,170.00,"6,970.00"
2020-06-29,2020062901003611,CZBIL,38,7,47,172.00,"8,084.00"
2020-06-29,2020062901003610,CZBIL,38,41,94,172.00,"16,168.00"
2020-06-29,2020062901003609,CZBIL,38,41,50,172.00,"8,600.00"
2020-06-29,2020062901003608,CZBIL,38,28,100,171.00,"17,100.00"
2020-06-29,2020062901003607,CZBIL,38,47,50,171.00,"8,550.00"
2020-06-29,2020062901003606,CZBIL,38,35,100,170.00,"17,000.00"
2020-06-29,2020062901003605,CZBIL,38,26,275,170.00,"46,750.00"
2020-06-29,2020062901003604,CZBIL,38,49,44,170.00,"7,480.00"
2020-06-29,2020062901003598,CZBIL,1,49,500,170.00,"85,000.00"
2020-06-29,2020062901003585,EBL,52,17,90,530.00,"47,700.00"
2020-06-29,2020062901003573,EBL,6,25,100,531.00,"53,100.00"
2020-06-29,2020062901003443,EBL,58,32,207,534.00,"110,538.00"
2020-06-29,2020062901003430,EBL,58,32,20,535.00,"10,700.00"
2020-06-29,2020062901003429,EBL,56,32,500,535.00,"267,500.00"
2020-06-29,2020062901003428,EBL,41,32,20,535.00,"10,700.00"
2020-06-29,2020062901003427,EBL,45,32,50,535.00,"26,750.00"
2020-06-29,2020062901003426,EBL,6,32,32,544.00,"17,408.00"
2020-06-29,2020062901003462,EIC,42,49,10,338.00,"3,380.00"
2020-06-29,2020062901003444,EIC,42,49,10,338.00,"3,380.00"
2020-06-29,2020062901003837,FMDBL,41,16,14,385.00,"5,390.00"
2020-06-29,2020062901003755,FMDBL,6,26,140,381.00,"53,340.00"
2020-06-29,2020062901003724,FMDBL,7,26,50,381.00,"19,050.00"
2020-06-29,2020062901003723,FMDBL,7,26,200,383.00,"76,600.00"
2020-06-29,2020062901003722,FMDBL,17,26,500,384.00,"192,000.00"
2020-06-29,2020062901003721,FMDBL,17,26,310,384.00,"119,040.00"
2020-06-29,2020062901003473,FMDBL,17,44,190,384.00,"72,960.00"
2020-06-29,2020062901003847,FOWAD,58,47,10,"1,353.00","13,530.00"
2020-06-29,2020062901003633,GBBL,45,33,"1,281",195.00,"249,795.00"
2020-06-29,2020062901003780,GBIME,13,45,36,221.00,"7,956.00"
2020-06-29,2020062901003779,GBIME,38,45,100,221.00,"22,100.00"
2020-06-29,2020062901003765,GBIME,53,34,23,222.00,"5,106.00"
2020-06-29,2020062901003748,GBIME,56,34,100,222.00,"22,200.00"
2020-06-29,2020062901003582,GBIME,57,29,400,221.00,"88,400.00"
2020-06-29,2020062901003581,GBIME,57,39,662,221.00,"146,302.00"
2020-06-29,2020062901003530,GBIME,42,16,161,220.00,"35,420.00"
2020-06-29,2020062901003437,GBIME,25,39,100,221.00,"22,100.00"
2020-06-29,2020062901003421,GBIME,42,39,"1,000",221.00,"221,000.00"
2020-06-29,2020062901003370,GBIME,54,39,216,221.00,"47,736.00"
2020-06-29,2020062901003527,GBLBS,29,28,15,355.00,"5,325.00"
2020-06-29,2020062901003526,GBLBS,29,37,65,355.00,"23,075.00"
2020-06-29,2020062901003702,GFCL,34,40,300,140.00,"42,000.00"
2020-06-29,2020062901003701,GFCL,34,20,200,139.00,"27,800.00"
2020-06-29,2020062901003752,GGBSL,17,28,10,678.00,"6,780.00"
2020-06-29,2020062901003710,GILB,38,6,10,"1,030.00","10,300.00"
2020-06-29,2020062901003445,GILB,38,6,12,"1,030.00","12,360.00"
2020-06-29,2020062901003379,GILB,1,6,38,"1,030.00","39,140.00"
2020-06-29,2020062901003378,GILB,1,57,22,"1,030.00","22,660.00"
2020-06-29,2020062901003375,GILB,6,57,100,"1,030.00","103,000.00"
2020-06-29,2020062901003364,GILB,38,54,50,"1,029.00","51,450.00"
2020-06-29,2020062901003363,GILB,38,33,200,"1,029.00","205,800.00"
2020-06-29,2020062901003681,GLICL,39,53,100,348.00,"34,800.00"
2020-06-29,2020062901003664,GLICL,34,16,100,350.00,"35,000.00"
2020-06-29,2020062901003543,GLICL,39,6,110,348.00,"38,280.00"
2020-06-29,2020062901003709,HDHPC,6,34,100,87.00,"8,700.00"
2020-06-29,2020062901003708,HDHPC,6,48,50,87.00,"4,350.00"
2020-06-29,2020062901003700,HDHPC,6,53,10,86.00,860.00
2020-06-29,2020062901003699,HDHPC,6,39,10,86.00,860.00
2020-06-29,2020062901003698,HDHPC,6,50,50,86.00,"4,300.00"
2020-06-29,2020062901003697,HDHPC,6,46,10,86.00,860.00
2020-06-29,2020062901003653,HDHPC,39,29,140,85.00,"11,900.00"
2020-06-29,2020062901003652,HDHPC,39,55,50,85.00,"4,250.00"
2020-06-29,2020062901003651,HDHPC,39,51,20,85.00,"1,700.00"
2020-06-29,2020062901003690,HDHPC,6,35,10,85.00,850.00
2020-06-29,2020062901003689,HDHPC,6,50,50,85.00,"4,250.00"
2020-06-29,2020062901003688,HDHPC,6,34,140,85.00,"11,900.00"
2020-06-29,2020062901003656,HDHPC,39,34,760,85.00,"64,600.00"
2020-06-29,2020062901003655,HDHPC,39,56,20,85.00,"1,700.00"
2020-06-29,2020062901003654,HDHPC,39,51,10,85.00,850.00
2020-06-29,2020062901003696,HDHPC,6,58,100,86.00,"8,600.00"
2020-06-29,2020062901003695,HDHPC,6,49,10,85.00,850.00
2020-06-29,2020062901003694,HDHPC,6,36,100,85.00,"8,500.00"
2020-06-29,2020062901003693,HDHPC,6,56,290,85.00,"24,650.00"
2020-06-29,2020062901003692,HDHPC,6,35,10,85.00,850.00
2020-06-29,2020062901003691,HDHPC,6,1,50,85.00,"4,250.00"
2020-06-29,2020062901003862,HDL,39,43,19,"1,325.00","25,175.00"
2020-06-29,2020062901003858,HDL,54,43,25,"1,325.00","33,125.00"
2020-06-29,2020062901003791,HDL,19,43,56,"1,325.00","74,200.00"
2020-06-29,2020062901003746,HDL,19,58,44,"1,325.00","58,300.00"
2020-06-29,2020062901003745,HDL,39,58,256,"1,325.00","339,200.00"
2020-06-29,2020062901003732,HDL,39,1,100,"1,325.00","132,500.00"
2020-06-29,2020062901003388,HDL,7,13,10,"1,320.00","13,200.00"
2020-06-29,2020062901003387,HDL,7,14,20,"1,320.00","26,400.00"
2020-06-29,2020062901003386,HDL,7,49,34,"1,319.00","44,846.00"
2020-06-29,2020062901003374,HDL,45,49,10,"1,319.00","13,190.00"
2020-06-29,2020062901003394,HDL,6,25,50,"1,324.00","66,200.00"
2020-06-29,2020062901003393,HDL,6,58,200,"1,324.00","264,800.00"
2020-06-29,2020062901003392,HDL,6,50,60,"1,322.00","79,320.00"
2020-06-29,2020062901003391,HDL,6,58,74,"1,320.00","97,680.00"
2020-06-29,2020062901003390,HDL,7,58,26,"1,320.00","34,320.00"
2020-06-29,2020062901003389,HDL,7,33,10,"1,320.00","13,200.00"
2020-06-29,2020062901003400,HDL,6,45,20,"1,325.00","26,500.00"
2020-06-29,2020062901003399,HDL,6,40,100,"1,325.00","132,500.00"
2020-06-29,2020062901003398,HDL,6,5,100,"1,325.00","132,500.00"
2020-06-29,2020062901003397,HDL,6,26,10,"1,325.00","13,250.00"
2020-06-29,2020062901003396,HDL,6,57,50,"1,325.00","66,250.00"
2020-06-29,2020062901003395,HDL,6,45,50,"1,325.00","66,250.00"
2020-06-29,2020062901003549,HDL,17,57,100,"1,324.00","132,400.00"
2020-06-29,2020062901003523,HDL,52,48,38,"1,323.00","50,274.00"
2020-06-29,2020062901003442,HDL,45,58,36,"1,325.00","47,700.00"
2020-06-29,2020062901003441,HDL,45,49,164,"1,325.00","217,300.00"
2020-06-29,2020062901003436,HDL,41,49,50,"1,325.00","66,250.00"
2020-06-29,2020062901003401,HDL,6,49,286,"1,325.00","378,950.00"
2020-06-29,2020062901003731,HDL,39,14,50,"1,325.00","66,250.00"
2020-06-29,2020062901003730,HDL,39,58,94,"1,325.00","124,550.00"
2020-06-29,2020062901003677,HDL,28,58,20,"1,325.00","26,500.00"
2020-06-29,2020062901003676,HDL,28,45,100,"1,324.00","132,400.00"
2020-06-29,2020062901003674,HDL,19,45,100,"1,324.00","132,400.00"
2020-06-29,2020062901003594,HDL,5,58,50,"1,325.00","66,250.00"
2020-06-29,2020062901003751,HGI,53,32,100,295.00,"29,500.00"
2020-06-29,2020062901003738,HGI,38,32,"1,000",295.00,"295,000.00"
2020-06-29,2020062901003650,HGI,10,45,10,290.00,"2,900.00"
2020-06-29,2020062901003568,HGI,45,32,10,295.00,"2,950.00"
2020-06-29,2020062901003424,HGI,10,45,10,301.00,"3,010.00"
2020-06-29,2020062901003635,HIDCL,14,17,242,116.00,"28,072.00"
2020-06-29,2020062901003634,HIDCL,19,17,115,117.00,"13,455.00"
2020-06-29,2020062901003496,HIDCL,19,42,885,117.00,"103,545.00"
2020-06-29,2020062901003495,HIDCL,35,42,100,118.00,"11,800.00"
2020-06-29,2020062901003366,HIDCL,22,6,51,118.00,"6,018.00"
2020-06-29,2020062901003838,ICFC,56,49,83,163.00,"13,529.00"
2020-06-29,2020062901003770,ICFC,38,49,90,163.00,"14,670.00"
2020-06-29,2020062901003784,ILBS,44,17,11,594.00,"6,534.00"
2020-06-29,2020062901003767,ILBS,44,22,27,594.00,"16,038.00"
2020-06-29,2020062901003686,ILBS,44,14,60,594.00,"35,640.00"
2020-06-29,2020062901003685,ILBS,35,14,10,595.00,"5,950.00"
2020-06-29,2020062901003816,KBL,42,21,50,163.00,"8,150.00"
2020-06-29,2020062901003673,KBL,49,45,"1,000",164.00,"164,000.00"
2020-06-29,2020062901003672,KBL,49,14,105,164.00,"17,220.00"
2020-06-29,2020062901003671,KBL,49,50,131,164.00,"21,484.00"
2020-06-29,2020062901003647,KBL,22,50,69,164.00,"11,316.00"
2020-06-29,2020062901003373,KBL,57,44,25,162.00,"4,050.00"
2020-06-29,2020062901003537,KBL,34,16,700,164.00,"114,800.00"
2020-06-29,2020062901003536,KBL,34,57,77,164.00,"12,628.00"
2020-06-29,2020062901003502,KBL,42,16,927,163.00,"151,101.00"
2020-06-29,2020062901003501,KBL,42,45,"1,000",163.00,"163,000.00"
2020-06-29,2020062901003500,KBL,42,52,100,163.00,"16,300.00"
2020-06-29,2020062901003454,KBL,11,57,40,162.00,"6,480.00"
2020-06-29,2020062901003614,KBL,11,43,24,164.00,"3,936.00"
2020-06-29,2020062901003613,KBL,11,16,277,164.00,"45,428.00"
2020-06-29,2020062901003567,KBL,52,16,500,164.00,"82,000.00"
2020-06-29,2020062901003540,KBL,34,16,223,164.00,"36,572.00"
2020-06-29,2020062901003539,KBL,34,16,"1,000",164.00,"164,000.00"
2020-06-29,2020062901003538,KBL,34,50,"1,000",164.00,"164,000.00"
2020-06-29,2020062901003646,KBL,22,39,20,164.00,"3,280.00"
2020-06-29,2020062901003645,KBL,22,38,111,164.00,"18,204.00"
2020-06-29,2020062901003620,KBL,14,38,139,164.00,"22,796.00"
2020-06-29,2020062901003619,KBL,14,47,61,164.00,"10,004.00"
2020-06-29,2020062901003616,KBL,11,47,339,164.00,"55,596.00"
2020-06-29,2020062901003615,KBL,11,40,320,164.00,"52,480.00"
2020-06-29,2020062901003481,KSBBL,33,5,100,142.00,"14,200.00"
2020-06-29,2020062901003480,KSBBL,29,5,200,142.00,"28,400.00"
2020-06-29,2020062901003786,LBL,19,45,70,185.00,"12,950.00"
2020-06-29,2020062901003772,LBL,19,38,100,186.00,"18,600.00"
2020-06-29,2020062901003771,LBL,19,59,139,186.00,"25,854.00"
2020-06-29,2020062901003769,LBL,19,51,18,185.00,"3,330.00"
2020-06-29,2020062901003739,LBL,34,41,10,184.00,"1,840.00"
2020-06-29,2020062901003584,LBL,34,52,135,184.00,"24,840.00"
2020-06-29,2020062901003583,LBL,34,41,100,184.00,"18,400.00"
2020-06-29,2020062901003788,LGIL,14,53,318,325.00,"103,350.00"
2020-06-29,2020062901003787,LGIL,55,53,100,326.00,"32,600.00"
2020-06-29,2020062901003603,LGIL,14,42,36,324.00,"11,664.00"
2020-06-29,2020062901003575,LGIL,42,42,10,324.00,"3,240.00"
2020-06-29,2020062901003440,LGIL,38,37,100,330.00,"33,000.00"
2020-06-29,2020062901003435,LGIL,38,37,100,330.00,"33,000.00"
2020-06-29,2020062901003434,LGIL,38,22,20,329.00,"6,580.00"
2020-06-29,2020062901003433,LGIL,38,41,59,329.00,"19,411.00"
2020-06-29,2020062901003432,LGIL,38,45,100,329.00,"32,900.00"
2020-06-29,2020062901003403,LICN,25,19,50,"1,100.00","55,000.00"
2020-06-29,2020062901003707,MBL,17,34,150,201.00,"30,150.00"
2020-06-29,2020062901003706,MBL,35,34,100,203.00,"20,300.00"
2020-06-29,2020062901003546,MBL,35,21,200,203.00,"40,600.00"
2020-06-29,2020062901003545,MBL,35,38,200,203.00,"40,600.00"
2020-06-29,2020062901003531,MBL,38,13,100,202.00,"20,200.00"
2020-06-29,2020062901003504,MBL,17,32,500,201.00,"100,500.00"
2020-06-29,2020062901003503,MBL,17,57,11,200.00,"2,200.00"
2020-06-29,2020062901003497,MBL,13,54,500,200.00,"100,000.00"
2020-06-29,2020062901003782,MEGA,22,40,200,188.00,"37,600.00"
2020-06-29,2020062901003542,MEGA,38,45,17,189.00,"3,213.00"
2020-06-29,2020062901003541,MEGA,38,42,33,187.00,"6,171.00"
2020-06-29,2020062901003418,MEGA,11,21,100,188.00,"18,800.00"
2020-06-29,2020062901003417,MEGA,11,20,500,188.00,"94,000.00"
2020-06-29,2020062901003416,MEGA,11,47,139,187.00,"25,993.00"
2020-06-29,2020062901003415,MEGA,11,34,49,187.00,"9,163.00"
2020-06-29,2020062901003601,MFIL,49,49,"4,150",224.00,"929,600.00"
2020-06-29,2020062901003600,MFIL,49,38,10,224.00,"2,240.00"
2020-06-29,2020062901003824,MLBL,38,38,28,185.00,"5,180.00"
2020-06-29,2020062901003781,MNBBL,53,34,34,269.00,"9,146.00"
2020-06-29,2020062901003637,MNBBL,42,57,10,270.00,"2,700.00"
2020-06-29,2020062901003377,MNBBL,35,32,10,273.00,"2,730.00"
2020-06-29,2020062901003846,NABIL,13,48,164,648.00,"106,272.00"
2020-06-29,2020062901003840,NABIL,49,48,150,648.00,"97,200.00"
2020-06-29,2020062901003839,NABIL,49,22,50,648.00,"32,400.00"
2020-06-29,2020062901003829,NABIL,58,55,400,640.00,"256,000.00"
2020-06-29,2020062901003828,NABIL,58,41,24,640.00,"15,360.00"
2020-06-29,2020062901003827,NABIL,58,41,58,639.00,"37,062.00"
2020-06-29,2020062901003680,NABIL,58,57,34,632.00,"21,488.00"
2020-06-29,2020062901003669,NABIL,11,57,10,632.00,"6,320.00"
2020-06-29,2020062901003525,NABIL,52,52,44,638.00,"28,072.00"
2020-06-29,2020062901003512,NABIL,17,52,10,638.00,"6,380.00"
2020-06-29,2020062901003826,NABIL,58,43,286,638.00,"182,468.00"
2020-06-29,2020062901003823,NABIL,4,43,214,638.00,"136,532.00"
2020-06-29,2020062901003822,NABIL,4,52,86,638.00,"54,868.00"
2020-06-29,2020062901003800,NABIL,35,52,50,638.00,"31,900.00"
2020-06-29,2020062901003717,NABIL,58,28,34,632.00,"21,488.00"
2020-06-29,2020062901003703,NABIL,52,52,10,638.00,"6,380.00"
2020-06-29,2020062901003735,NADEP,44,28,23,489.00,"11,247.00"
2020-06-29,2020062901003727,NADEP,44,18,48,489.00,"23,472.00"
2020-06-29,2020062901003714,NADEP,44,58,150,489.00,"73,350.00"
2020-06-29,2020062901003414,NADEP,43,18,17,498.00,"8,466.00"
2020-06-29,2020062901003372,NADEP,43,41,10,508.00,"5,080.00"
2020-06-29,2020062901003844,NBB,56,5,30,173.00,"5,190.00"
2020-06-29,2020062901003632,NBB,34,57,397,170.00,"67,490.00"
2020-06-29,2020062901003631,NBB,58,57,200,170.00,"34,000.00"
2020-06-29,2020062901003630,NBB,34,57,300,170.00,"51,000.00"
2020-06-29,2020062901003629,NBB,58,57,116,170.00,"19,720.00"
2020-06-29,2020062901003628,NBB,19,57,50,171.00,"8,550.00"
2020-06-29,2020062901003627,NBB,29,57,"1,000",171.00,"171,000.00"
2020-06-29,2020062901003830,NBL,50,13,722,220.00,"158,840.00"
2020-06-29,2020062901003774,NBL,14,21,177,219.00,"38,763.00"
2020-06-29,2020062901003773,NBL,10,21,88,219.00,"19,272.00"
2020-06-29,2020062901003753,NBL,10,14,12,219.00,"2,628.00"
2020-06-29,2020062901003679,NBL,57,26,330,218.00,"71,940.00"
2020-06-29,2020062901003678,NBL,10,26,670,219.00,"146,730.00"
2020-06-29,2020062901003466,NBL,33,49,10,218.00,"2,180.00"
2020-06-29,2020062901003465,NBL,56,49,50,218.00,"10,900.00"
2020-06-29,2020062901003419,NBL,51,37,15,218.00,"3,270.00"
2020-06-29,2020062901003369,NBL,10,13,469,220.00,"103,180.00"
2020-06-29,2020062901003368,NBL,10,49,31,220.00,"6,820.00"
2020-06-29,2020062901003552,NBL,57,49,20,218.00,"4,360.00"
2020-06-29,2020062901003529,NBL,10,42,30,217.00,"6,510.00"
2020-06-29,2020062901003528,NBL,29,42,200,217.00,"43,400.00"
2020-06-29,2020062901003469,NBL,59,49,100,218.00,"21,800.00"
2020-06-29,2020062901003468,NBL,21,49,200,218.00,"43,600.00"
2020-06-29,2020062901003467,NBL,21,49,50,218.00,"10,900.00"
2020-06-29,2020062901003376,NHPC,57,14,10,50.00,500.00
2020-06-29,2020062901003818,NIB,34,17,91,387.00,"35,217.00"
2020-06-29,2020062901003795,NIB,34,22,130,387.00,"50,310.00"
2020-06-29,2020062901003569,NIB,34,10,130,387.00,"50,310.00"
2020-06-29,2020062901003485,NIB,34,54,50,387.00,"19,350.00"
2020-06-29,2020062901003406,NIB,34,32,271,387.00,"104,877.00"
2020-06-29,2020062901003405,NIB,17,32,29,387.00,"11,223.00"
2020-06-29,2020062901003843,NIBPO,8,17,53,335.00,"17,755.00"
2020-06-29,2020062901003725,NIBPO,8,28,12,335.00,"4,020.00"
2020-06-29,2020062901003472,NIBPO,21,13,500,336.00,"168,000.00"
2020-06-29,2020062901003856,NICA,45,38,40,432.00,"17,280.00"
2020-06-29,2020062901003855,NICA,10,38,100,432.00,"43,200.00"
2020-06-29,2020062901003852,NICA,50,16,334,436.00,"145,624.00"
2020-06-29,2020062901003851,NICA,50,49,76,436.00,"33,136.00"
2020-06-29,2020062901003799,NICA,36,16,15,436.00,"6,540.00"
2020-06-29,2020062901003711,NICA,57,1,50,436.00,"21,800.00"
2020-06-29,2020062901003446,NICA,41,56,"2,000",432.00,"864,000.00"
2020-06-29,2020062901003452,NICA,34,56,30,430.00,"12,900.00"
2020-06-29,2020062901003451,NICA,17,56,201,430.00,"86,430.00"
2020-06-29,2020062901003450,NICA,34,56,100,431.00,"43,100.00"
2020-06-29,2020062901003449,NICA,58,56,"3,000",431.00,"1,293,000.00"
2020-06-29,2020062901003448,NICA,16,56,500,431.00,"215,500.00"
2020-06-29,2020062901003447,NICA,26,56,30,431.00,"12,930.00"
2020-06-29,2020062901003668,NICA,50,49,330,436.00,"143,880.00"
2020-06-29,2020062901003551,NICA,13,41,33,435.00,"14,355.00"
2020-06-29,2020062901003484,NICA,41,10,100,432.00,"43,200.00"
2020-06-29,2020062901003475,NICA,45,56,83,430.00,"35,690.00"
2020-06-29,2020062901003474,NICA,35,56,861,430.00,"370,230.00"
2020-06-29,2020062901003453,NICA,35,56,139,430.00,"59,770.00"
2020-06-29,2020062901003521,NICL,38,55,100,310.00,"31,000.00"
2020-06-29,2020062901003499,NICL,38,43,"1,900",310.00,"589,000.00"
2020-06-29,2020062901003498,NICL,8,43,100,312.00,"31,200.00"
2020-06-29,2020062901003836,NIL,56,8,50,435.00,"21,750.00"
2020-06-29,2020062901003835,NIL,56,45,50,435.00,"21,750.00"
2020-06-29,2020062901003834,NIL,56,49,92,434.00,"39,928.00"
2020-06-29,2020062901003833,NIL,56,34,62,433.00,"26,846.00"
2020-06-29,2020062901003813,NIL,16,34,16,433.00,"6,928.00"
2020-06-29,2020062901003463,NIL,17,45,450,435.00,"195,750.00"
2020-06-29,2020062901003413,NIL,58,44,"2,000",435.00,"870,000.00"
2020-06-29,2020062901003412,NIL,58,8,50,430.00,"21,500.00"
2020-06-29,2020062901003411,NIL,58,38,94,430.00,"40,420.00"
2020-06-29,2020062901003410,NIL,58,49,100,429.00,"42,900.00"
2020-06-29,2020062901003382,NIL,7,45,500,428.00,"214,000.00"
2020-06-29,2020062901003402,NLG,7,38,121,525.00,"63,525.00"
2020-06-29,2020062901003841,NLIC,42,26,120,"1,015.00","121,800.00"
2020-06-29,2020062901003720,NLIC,41,34,30,"1,010.00","30,300.00"
2020-06-29,2020062901003718,NLIC,41,17,100,"1,010.00","101,000.00"
2020-06-29,2020062901003675,NLIC,41,17,24,"1,009.00","24,216.00"
2020-06-29,2020062901003667,NLIC,7,17,53,"1,009.00","53,477.00"
2020-06-29,2020062901003666,NLIC,7,32,447,"1,009.00","451,023.00"
2020-06-29,2020062901003548,NLIC,13,32,336,"1,017.00","341,712.00"
2020-06-29,2020062901003547,NLIC,25,32,28,"1,018.00","28,504.00"
2020-06-29,2020062901003524,NLIC,48,32,200,"1,029.00","205,800.00"
2020-06-29,2020062901003477,NLIC,25,45,22,"1,018.00","22,396.00"
2020-06-29,2020062901003662,NLIC,1,32,100,"1,009.00","100,900.00"
2020-06-29,2020062901003644,NLIC,39,32,50,"1,009.00","50,450.00"
2020-06-29,2020062901003636,NLIC,6,32,200,"1,009.00","201,800.00"
2020-06-29,2020062901003625,NLIC,14,45,100,"1,003.00","100,300.00"
2020-06-29,2020062901003587,NLIC,6,32,50,"1,009.00","50,450.00"
2020-06-29,2020062901003553,NLIC,39,32,100,"1,009.00","100,900.00"
2020-06-29,2020062901003597,NLICL,6,44,190,494.00,"93,860.00"
2020-06-29,2020062901003596,NLICL,58,44,10,500.00,"5,000.00"
2020-06-29,2020062901003595,NLICL,43,44,100,500.00,"50,000.00"
2020-06-29,2020062901003423,NLICL,14,34,100,520.00,"52,000.00"
2020-06-29,2020062901003384,NLICL,14,34,100,520.00,"52,000.00"
2020-06-29,2020062901003383,NLICL,14,26,100,520.00,"52,000.00"
2020-06-29,2020062901003808,NMB,56,49,50,340.00,"17,000.00"
2020-06-29,2020062901003806,NMB,13,49,100,340.00,"34,000.00"
2020-06-29,2020062901003758,NMB,39,49,80,340.00,"27,200.00"
2020-06-29,2020062901003742,NMB,25,41,153,336.00,"51,408.00"
2020-06-29,2020062901003741,NMB,25,49,302,336.00,"101,472.00"
2020-06-29,2020062901003734,NMB,41,49,118,336.00,"39,648.00"
2020-06-29,2020062901003733,NMB,41,34,82,335.00,"27,470.00"
2020-06-29,2020062901003623,NMB,56,57,50,335.00,"16,750.00"
2020-06-29,2020062901003522,NMB,7,34,105,332.00,"34,860.00"
2020-06-29,2020062901003483,NMB,34,41,50,335.00,"16,750.00"
2020-06-29,2020062901003482,NMB,34,13,84,335.00,"28,140.00"
2020-06-29,2020062901003464,NMB,7,41,10,332.00,"3,320.00"
2020-06-29,2020062901003599,NTC,28,28,100,615.00,"61,500.00"
2020-06-29,2020062901003861,PCBL,11,10,200,226.00,"45,200.00"
2020-06-29,2020062901003860,PCBL,11,16,705,226.00,"159,330.00"
2020-06-29,2020062901003859,PCBL,11,49,51,226.00,"11,526.00"
2020-06-29,2020062901003849,PCBL,32,33,100,225.00,"22,500.00"
2020-06-29,2020062901003736,PCBL,11,50,200,224.00,"44,800.00"
2020-06-29,2020062901003716,PCBL,49,49,609,223.00,"135,807.00"
2020-06-29,2020062901003486,PCBL,36,56,100,224.00,"22,400.00"
2020-06-29,2020062901003470,PCBL,36,25,50,226.00,"11,300.00"
2020-06-29,2020062901003642,PCBL,29,49,100,223.00,"22,300.00"
2020-06-29,2020062901003622,PCBL,29,33,300,223.00,"66,900.00"
2020-06-29,2020062901003490,PCBL,11,56,71,222.00,"15,762.00"
2020-06-29,2020062901003489,PCBL,41,56,189,222.00,"41,958.00"
2020-06-29,2020062901003488,PCBL,6,56,10,223.00,"2,230.00"
2020-06-29,2020062901003487,PCBL,22,56,44,223.00,"9,812.00"
2020-06-29,2020062901003715,PCBL,49,59,500,223.00,"111,500.00"
2020-06-29,2020062901003661,PCBL,11,32,40,222.00,"8,880.00"
2020-06-29,2020062901003660,PCBL,56,32,250,223.00,"55,750.00"
2020-06-29,2020062901003659,PCBL,10,32,500,223.00,"111,500.00"
2020-06-29,2020062901003658,PCBL,58,32,10,223.00,"2,230.00"
2020-06-29,2020062901003657,PCBL,29,32,600,223.00,"133,800.00"
2020-06-29,2020062901003740,PFL,42,26,12,145.00,"1,740.00"
2020-06-29,2020062901003776,PIC,41,26,500,459.00,"229,500.00"
2020-06-29,2020062901003612,PIC,41,13,30,455.00,"13,650.00"
2020-06-29,2020062901003520,PIC,41,16,50,455.00,"22,750.00"
2020-06-29,2020062901003519,PIC,41,22,20,455.00,"9,100.00"
2020-06-29,2020062901003518,PIC,41,38,125,455.00,"56,875.00"
2020-06-29,2020062901003762,PLIC,6,25,100,471.00,"47,100.00"
2020-06-29,2020062901003588,PLIC,52,25,10,471.00,"4,710.00"
2020-06-29,2020062901003563,PLIC,52,7,610,462.00,"281,820.00"
2020-06-29,2020062901003514,PLIC,5,7,200,462.00,"92,400.00"
2020-06-29,2020062901003854,PPCL,14,1,500,100.00,"50,000.00"
2020-06-29,2020062901003825,PPCL,1,14,10,99.00,990.00
2020-06-29,2020062901003602,PRIN,41,57,300,336.00,"100,800.00"
2020-06-29,2020062901003626,PROFL,38,35,35,104.00,"3,640.00"
2020-06-29,2020062901003857,PRVU,33,21,87,202.00,"17,574.00"
2020-06-29,2020062901003853,PRVU,33,43,887,202.00,"179,174.00"
2020-06-29,2020062901003815,PRVU,13,43,88,202.00,"17,776.00"
2020-06-29,2020062901003814,PRVU,42,43,25,202.00,"5,050.00"
2020-06-29,2020062901003763,PRVU,13,14,12,202.00,"2,424.00"
2020-06-29,2020062901003586,PRVU,51,48,"3,120",203.00,"633,360.00"
2020-06-29,2020062901003574,PRVU,38,48,50,203.00,"10,150.00"
2020-06-29,2020062901003544,PRVU,58,42,48,201.00,"9,648.00"
2020-06-29,2020062901003460,PRVU,58,48,119,203.00,"24,157.00"
2020-06-29,2020062901003459,PRVU,34,48,711,204.00,"145,044.00"
2020-06-29,2020062901003593,RHPC,4,35,89,77.00,"6,853.00"
2020-06-29,2020062901003562,RMDC,46,45,100,530.00,"53,000.00"
2020-06-29,2020062901003381,RMDC,48,37,68,527.00,"35,836.00"
2020-06-29,2020062901003380,RMDC,44,37,82,535.00,"43,870.00"
2020-06-29,2020062901003431,SABSL,57,26,50,665.00,"33,250.00"
2020-06-29,2020062901003817,SANIMA,53,13,13,299.00,"3,887.00"
2020-06-29,2020062901003517,SANIMA,10,49,193,297.00,"57,321.00"
2020-06-29,2020062901003516,SANIMA,36,49,30,298.00,"8,940.00"
2020-06-29,2020062901003479,SANIMA,10,16,86,297.00,"25,542.00"
2020-06-29,2020062901003478,SANIMA,22,16,114,297.00,"33,858.00"
2020-06-29,2020062901003404,SANIMA,22,28,186,297.00,"55,242.00"
2020-06-29,2020062901003515,SBI,34,41,110,375.00,"41,250.00"
2020-06-29,2020062901003794,SBL,14,40,"1,000",258.00,"258,000.00"
2020-06-29,2020062901003793,SBL,14,42,18,258.00,"4,644.00"
2020-06-29,2020062901003792,SBL,14,34,84,257.00,"21,588.00"
2020-06-29,2020062901003409,SBL,45,1,118,259.00,"30,562.00"
2020-06-29,2020062901003408,SBL,5,1,59,259.00,"15,281.00"
2020-06-29,2020062901003407,SBL,50,1,100,260.00,"26,000.00"
2020-06-29,2020062901003805,SCB,11,26,150,515.00,"77,250.00"
2020-06-29,2020062901003789,SCB,25,26,300,514.00,"154,200.00"
2020-06-29,2020062901003425,SCB,11,6,40,520.00,"20,800.00"
2020-06-29,2020062901003493,SDESI,38,33,10,745.00,"7,450.00"
2020-06-29,2020062901003492,SDESI,38,32,13,745.00,"9,685.00"
2020-06-29,2020062901003491,SDESI,38,19,17,745.00,"12,665.00"
2020-06-29,2020062901003461,SEF,7,22,100,8.65,865.00
2020-06-29,2020062901003621,SHINE,57,22,10,218.00,"2,180.00"
2020-06-29,2020062901003747,SHIVM,38,50,100,464.00,"46,400.00"
2020-06-29,2020062901003683,SHIVM,35,49,"1,000",460.00,"460,000.00"
2020-06-29,2020062901003682,SHIVM,35,39,50,460.00,"23,000.00"
2020-06-29,2020062901003639,SHIVM,41,42,50,459.00,"22,950.00"
2020-06-29,2020062901003638,SHIVM,41,49,10,459.00,"4,590.00"
2020-06-29,2020062901003572,SHIVM,58,16,500,455.00,"227,500.00"
2020-06-29,2020062901003556,SHIVM,6,58,280,452.00,"126,560.00"
2020-06-29,2020062901003555,SHIVM,6,53,10,452.00,"4,520.00"
2020-06-29,2020062901003571,SHIVM,58,14,290,455.00,"131,950.00"
2020-06-29,2020062901003561,SHIVM,6,14,210,455.00,"95,550.00"
2020-06-29,2020062901003560,SHIVM,6,16,400,455.00,"182,000.00"
2020-06-29,2020062901003559,SHIVM,6,58,500,454.00,"227,000.00"
2020-06-29,2020062901003558,SHIVM,6,55,500,453.00,"226,500.00"
2020-06-29,2020062901003557,SHIVM,6,37,100,453.00,"45,300.00"
2020-06-29,2020062901003684,SHL,34,17,100,163.00,"16,300.00"
2020-06-29,2020062901003766,SHPC,38,21,50,192.00,"9,600.00"
2020-06-29,2020062901003764,SHPC,38,21,110,190.00,"20,900.00"
2020-06-29,2020062901003820,SICL,39,16,40,780.00,"31,200.00"
2020-06-29,2020062901003819,SICL,39,34,45,779.00,"35,055.00"
2020-06-29,2020062901003807,SIL,53,58,174,418.00,"72,732.00"
2020-06-29,2020062901003804,SIL,48,58,200,418.00,"83,600.00"
2020-06-29,2020062901003803,SIL,44,58,10,418.00,"4,180.00"
2020-06-29,2020062901003802,SIL,48,58,200,419.00,"83,800.00"
2020-06-29,2020062901003801,SIL,44,58,300,419.00,"125,700.00"
2020-06-29,2020062901003785,SIL,36,50,100,420.00,"42,000.00"
2020-06-29,2020062901003455,SIL,44,7,200,419.00,"83,800.00"
2020-06-29,2020062901003775,SKBBL,21,40,170,980.00,"166,600.00"
2020-06-29,2020062901003670,SKBBL,21,49,80,980.00,"78,400.00"
2020-06-29,2020062901003812,SLICL,50,53,50,335.00,"16,750.00"
2020-06-29,2020062901003811,SLICL,50,21,173,335.00,"57,955.00"
2020-06-29,2020062901003790,SLICL,58,21,200,335.00,"67,000.00"
2020-06-29,2020062901003729,SLICL,38,53,50,335.00,"16,750.00"
2020-06-29,2020062901003577,SLICL,48,56,200,341.00,"68,200.00"
2020-06-29,2020062901003576,SLICL,38,56,100,342.00,"34,200.00"
2020-06-29,2020062901003663,SLICL,48,53,100,335.00,"33,500.00"
2020-06-29,2020062901003592,SLICL,16,56,64,337.00,"21,568.00"
2020-06-29,2020062901003591,SLICL,8,56,36,337.00,"12,132.00"
2020-06-29,2020062901003580,SLICL,8,56,64,337.00,"21,568.00"
2020-06-29,2020062901003579,SLICL,57,56,20,337.00,"6,740.00"
2020-06-29,2020062901003578,SLICL,50,56,142,337.00,"47,854.00"
2020-06-29,2020062901003821,SPDL,47,21,15,90.00,"1,350.00"
2020-06-29,2020062901003649,SRBL,17,36,25,208.00,"5,200.00"
2020-06-29,2020062901003439,SRBL,34,36,100,208.00,"20,800.00"
2020-06-29,2020062901003371,SRBL,50,10,100,207.00,"20,700.00"
2020-06-29,2020062901003778,STC,13,16,20,"2,492.00","49,840.00"
2020-06-29,2020062901003777,STC,13,51,30,"2,492.00","74,760.00"
2020-06-29,2020062901003798,SWBBL,54,59,500,"1,064.00","532,000.00"
2020-06-29,2020062901003797,SWBBL,46,59,200,"1,064.00","212,800.00"
2020-06-29,2020062901003796,SWBBL,44,59,50,"1,065.00","53,250.00"
2020-06-29,2020062901003783,SWBBL,44,16,200,"1,065.00","213,000.00"
2020-06-29,2020062901003754,SWBBL,44,40,250,"1,065.00","266,250.00"
2020-06-29,2020062901003712,SWBBL,46,47,300,"1,064.00","319,200.00"
2020-06-29,2020062901003641,SWBBL,36,36,200,"1,085.00","217,000.00"
2020-06-29,2020062901003590,SWBBL,46,26,100,"1,085.00","108,500.00"
2020-06-29,2020062901003589,SWBBL,46,55,10,"1,084.00","10,840.00"
2020-06-29,2020062901003566,SWBBL,50,26,28,"1,082.00","30,296.00"
2020-06-29,2020062901003565,SWBBL,50,43,10,"1,082.00","10,820.00"
2020-06-29,2020062901003564,SWBBL,50,58,40,"1,082.00","43,280.00"
2020-06-29,2020062901003809,TRH,32,34,200,179.00,"35,800.00"
2020-06-29,2020062901003640,TRH,32,16,40,179.00,"7,160.00"
2020-06-29,2020062901003831,UIC,48,45,10,273.00,"2,730.00"
2020-06-29,2020062901003705,UIC,8,8,50,278.00,"13,900.00"
2020-06-29,2020062901003704,UIC,6,8,20,278.00,"5,560.00"
2020-06-29,2020062901003570,UIC,6,28,20,278.00,"5,560.00"
2020-06-29,2020062901003513,UIC,38,17,50,280.00,"14,000.00"
2020-06-29,2020062901003471,UIC,6,45,10,278.00,"2,780.00"
2020-06-29,2020062901003845,UPCL,49,26,50,69.00,"3,450.00"
2020-06-29,2020062901003618,UPCL,42,39,50,70.00,"3,500.00"
2020-06-29,2020062901003617,UPCL,42,56,150,70.00,"10,500.00"
2020-06-29,2020062901003757,UPPER,1,59,291,214.00,"62,274.00"
2020-06-29,2020062901003756,UPPER,1,52,18,211.00,"3,798.00"
2020-06-29,2020062901003737,UPPER,52,26,40,209.00,"8,360.00"
2020-06-29,2020062901003728,UPPER,28,52,10,211.00,"2,110.00"
2020-06-29,2020062901003624,UPPER,34,52,50,211.00,"10,550.00"
2020-06-29,2020062901003554,UPPER,34,52,300,211.00,"63,300.00"
2020-06-29,2020062901003458,UPPER,6,52,122,211.00,"25,742.00"
2020-06-29,2020062901003457,UPPER,6,40,57,211.00,"12,027.00"
2020-06-29,2020062901003456,UPPER,6,56,21,211.00,"4,431.00"
2020-06-29,2020062901003177,ADBL,57,52,212,323.00,"68,476.00"
2020-06-29,2020062901003167,ADBL,57,7,100,322.00,"32,200.00"
2020-06-29,2020062901003075,AKJCL,11,17,10,51.00,510.00
2020-06-29,2020062901003327,BOKL,44,40,"1,000",193.00,"193,000.00"
2020-06-29,2020062901003326,BOKL,44,49,136,192.00,"26,112.00"
2020-06-29,2020062901003123,BOKL,39,58,200,192.00,"38,400.00"
2020-06-29,2020062901003122,BOKL,39,45,150,191.00,"28,650.00"
2020-06-29,2020062901003085,BOKL,1,45,300,191.00,"57,300.00"
2020-06-29,2020062901002925,BOKL,36,58,100,192.00,"19,200.00"
2020-06-29,2020062901003282,BPCL,39,39,19,295.00,"5,605.00"
2020-06-29,2020062901003231,BPCL,29,29,100,292.00,"29,200.00"
2020-06-29,2020062901003227,BPCL,29,38,111,292.00,"32,412.00"
2020-06-29,2020062901003226,BPCL,41,38,10,294.00,"2,940.00"
2020-06-29,2020062901003105,BPCL,29,35,172,292.00,"50,224.00"
2020-06-29,2020062901003104,BPCL,35,35,100,295.00,"29,500.00"
2020-06-29,2020062901003035,BPCL,21,20,"1,000",293.00,"293,000.00"
2020-06-29,2020062901003034,BPCL,21,20,500,294.00,"147,000.00"
2020-06-29,2020062901003033,BPCL,20,20,35,295.00,"10,325.00"
2020-06-29,2020062901003032,BPCL,42,20,100,295.00,"29,500.00"
2020-06-29,2020062901003031,BPCL,53,20,100,296.00,"29,600.00"
2020-06-29,2020062901003030,BPCL,48,20,300,296.00,"88,800.00"
2020-06-29,2020062901003037,BPCL,29,20,281,292.00,"82,052.00"
2020-06-29,2020062901003036,BPCL,50,20,300,292.00,"87,600.00"
2020-06-29,2020062901003319,CBBL,47,47,14,901.00,"12,614.00"
2020-06-29,2020062901003119,CBBL,39,38,10,910.00,"9,100.00"
2020-06-29,2020062901002938,CBBL,58,44,100,898.00,"89,800.00"
2020-06-29,2020062901002937,CBBL,58,37,500,894.00,"447,000.00"
2020-06-29,2020062901002936,CBBL,58,44,90,893.00,"80,370.00"
2020-06-29,2020062901003045,CBBL,39,42,10,905.00,"9,050.00"
2020-06-29,2020062901002941,CBBL,58,40,200,899.00,"179,800.00"
2020-06-29,2020062901002940,CBBL,58,37,500,899.00,"449,500.00"
2020-06-29,2020062901002939,CBBL,58,52,100,899.00,"89,900.00"
2020-06-29,2020062901003338,CBL,52,22,60,130.00,"7,800.00"
2020-06-29,2020062901003283,CBL,52,10,90,130.00,"11,700.00"
2020-06-29,2020062901003224,CBL,57,10,10,130.00,"1,300.00"
2020-06-29,2020062901003221,CBL,22,45,50,130.00,"6,500.00"
2020-06-29,2020062901003008,CBL,10,56,70,130.00,"9,100.00"
2020-06-29,2020062901002927,CBL,28,53,200,129.00,"25,800.00"
2020-06-29,2020062901002867,CBL,26,53,500,129.00,"64,500.00"
2020-06-29,2020062901003213,CCBL,34,29,"1,882",144.00,"271,008.00"
2020-06-29,2020062901003212,CCBL,25,29,118,144.00,"16,992.00"
2020-06-29,2020062901003115,CCBL,25,35,47,144.00,"6,768.00"
2020-06-29,2020062901003097,CCBL,25,56,125,144.00,"18,000.00"
2020-06-29,2020062901003096,CCBL,25,52,210,144.00,"30,240.00"
2020-06-29,2020062901003094,CCBL,18,14,100,143.00,"14,300.00"
2020-06-29,2020062901003025,CCBL,37,52,290,144.00,"41,760.00"
2020-06-29,2020062901003024,CCBL,37,47,210,144.00,"30,240.00"
2020-06-29,2020062901003323,CHCL,10,52,200,338.00,"67,600.00"
2020-06-29,2020062901003259,CHCL,53,19,300,332.00,"99,600.00"
2020-06-29,2020062901003116,CHCL,34,35,134,331.00,"44,354.00"
2020-06-29,2020062901002907,CHCL,4,13,"1,000",336.00,"336,000.00"
2020-06-29,2020062901003144,CIT,33,6,10,"2,070.00","20,700.00"
2020-06-29,2020062901002974,CZBIL,11,40,500,169.00,"84,500.00"
2020-06-29,2020062901002973,CZBIL,11,56,792,169.00,"133,848.00"
2020-06-29,2020062901002972,CZBIL,11,52,200,169.00,"33,800.00"
2020-06-29,2020062901002971,CZBIL,11,41,150,169.00,"25,350.00"
2020-06-29,2020062901002970,CZBIL,11,52,100,168.00,"16,800.00"
2020-06-29,2020062901002969,CZBIL,11,7,200,168.00,"33,600.00"
2020-06-29,2020062901002968,CZBIL,11,14,89,167.00,"14,863.00"
2020-06-29,2020062901002896,CZBIL,8,38,200,166.00,"33,200.00"
2020-06-29,2020062901002895,CZBIL,8,58,500,166.00,"83,000.00"
2020-06-29,2020062901002894,CZBIL,8,52,10,166.00,"1,660.00"
2020-06-29,2020062901002893,CZBIL,8,11,190,166.00,"31,540.00"
2020-06-29,2020062901003352,EBL,6,21,68,544.00,"36,992.00"
2020-06-29,2020062901003292,EBL,26,21,32,544.00,"17,408.00"
2020-06-29,2020062901003180,EBL,18,18,100,545.00,"54,500.00"
2020-06-29,2020062901003132,EBL,26,35,18,544.00,"9,792.00"
2020-06-29,2020062901003131,EBL,35,35,10,544.00,"5,440.00"
2020-06-29,2020062901003130,EBL,10,35,50,544.00,"27,200.00"
2020-06-29,2020062901003129,EBL,35,35,100,545.00,"54,500.00"
2020-06-29,2020062901003038,EBL,41,25,20,550.00,"11,000.00"
2020-06-29,2020062901002962,EIC,7,59,50,339.00,"16,950.00"
2020-06-29,2020062901003325,FMDBL,46,49,100,388.00,"38,800.00"
2020-06-29,2020062901003320,FMDBL,57,55,192,385.00,"73,920.00"
2020-06-29,2020062901002923,FMDBL,6,38,200,390.00,"78,000.00"
2020-06-29,2020062901002922,FMDBL,6,57,70,388.00,"27,160.00"
2020-06-29,2020062901002906,FMDBL,56,57,30,388.00,"11,640.00"
2020-06-29,2020062901003158,GBBL,39,47,400,192.00,"76,800.00"
2020-06-29,2020062901003157,GBBL,29,35,175,189.00,"33,075.00"
2020-06-29,2020062901003156,GBBL,38,35,42,189.00,"7,938.00"
2020-06-29,2020062901003155,GBBL,4,35,500,190.00,"95,000.00"
2020-06-29,2020062901003154,GBBL,51,35,654,191.00,"124,914.00"
2020-06-29,2020062901003140,GBBL,51,51,146,191.00,"27,886.00"
2020-06-29,2020062901003139,GBBL,51,33,200,191.00,"38,200.00"
2020-06-29,2020062901003014,GBBL,57,45,100,190.00,"19,000.00"
2020-06-29,2020062901002935,GBBL,38,47,58,189.00,"10,962.00"
2020-06-29,2020062901002883,GBBL,50,45,335,189.00,"63,315.00"
2020-06-29,2020062901003361,GBIME,42,55,50,220.00,"11,000.00"
2020-06-29,2020062901003223,GBIME,21,55,100,220.00,"22,000.00"
2020-06-29,2020062901003222,GBIME,38,55,50,220.00,"11,000.00"
2020-06-29,2020062901003204,GBIME,33,35,43,220.00,"9,460.00"
2020-06-29,2020062901003107,GBIME,10,39,522,221.00,"115,362.00"
2020-06-29,2020062901002996,GBIME,42,39,200,221.00,"44,200.00"
2020-06-29,2020062901002958,GBIME,33,5,200,220.00,"44,000.00"
2020-06-29,2020062901002918,GBIME,39,39,300,221.00,"66,300.00"
2020-06-29,2020062901002905,GBIME,33,56,375,220.00,"82,500.00"
2020-06-29,2020062901003317,GBLBS,1,26,200,354.00,"70,800.00"
2020-06-29,2020062901003291,GBLBS,52,26,300,354.00,"106,200.00"
2020-06-29,2020062901003232,GBLBS,52,19,100,352.00,"35,200.00"
2020-06-29,2020062901003215,GBLBS,42,44,15,350.00,"5,250.00"
2020-06-29,2020062901003041,GBLBS,44,35,200,350.00,"70,000.00"
2020-06-29,2020062901003040,GBLBS,44,14,260,350.00,"91,000.00"
2020-06-29,2020062901003026,GBLBS,32,5,300,349.00,"104,700.00"
2020-06-29,2020062901003022,GBLBS,32,43,300,348.00,"104,400.00"
2020-06-29,2020062901003021,GBLBS,28,43,100,348.00,"34,800.00"
2020-06-29,2020062901003308,GGBSL,17,41,10,691.00,"6,910.00"
2020-06-29,2020062901003190,GILB,57,55,70,"1,029.00","72,030.00"
2020-06-29,2020062901003189,GILB,57,19,30,"1,029.00","30,870.00"
2020-06-29,2020062901003198,GLICL,39,6,10,348.00,"3,480.00"
2020-06-29,2020062901002920,GLICL,41,6,50,346.00,"17,300.00"
2020-06-29,2020062901002919,GLICL,45,6,50,346.00,"17,300.00"
2020-06-29,2020062901003165,HBL,44,25,100,453.00,"45,300.00"
2020-06-29,2020062901003047,HBL,45,25,45,462.00,"20,790.00"
2020-06-29,2020062901003343,HDL,6,49,456,"1,319.00","601,464.00"
2020-06-29,2020062901003342,HDL,6,44,200,"1,319.00","263,800.00"
2020-06-29,2020062901003341,HDL,6,58,94,"1,318.00","123,892.00"
2020-06-29,2020062901003340,HDL,6,58,200,"1,317.00","263,400.00"
2020-06-29,2020062901003339,HDL,6,44,50,"1,316.00","65,800.00"
2020-06-29,2020062901003245,HDL,34,44,35,"1,316.00","46,060.00"
2020-06-29,2020062901002865,HDL,14,54,200,"1,315.00","263,000.00"
2020-06-29,2020062901002864,HDL,14,49,15,"1,315.00","19,725.00"
2020-06-29,2020062901002863,HDL,14,54,50,"1,313.00","65,650.00"
