Date,Transact. No.,Symbol,Buyer,Seller,Quantity,Rate,Amount
2020-10-29,2020102904004869,BBC,18,58,20,"1,760.00","35,200.00"
2020-10-29,2020102904004814,BBC,41,14,10,"1,760.00","17,600.00"
2020-10-29,2020102904004813,BBC,41,38,10,"1,750.00","17,500.00"
2020-10-29,2020102904004549,BBC,45,45,120,"1,744.00","209,280.00"
2020-10-29,2020102904004548,BBC,45,37,20,"1,744.00","34,880.00"
2020-10-29,2020102904004547,BBC,45,3,150,"1,744.00","261,600.00"
2020-10-29,2020102904004546,BBC,45,50,20,"1,741.00","34,820.00"
2020-10-29,2020102904004545,BBC,45,51,20,"1,740.00","34,800.00"
2020-10-29,2020102904004544,BBC,45,22,100,"1,740.00","174,000.00"
2020-10-29,2020102904004543,BBC,45,51,10,"1,730.00","17,300.00"
2020-10-29,2020102904004507,BBC,45,11,100,"1,720.00","172,000.00"
2020-10-29,2020102904004716,CMF1,50,38,200,9.70,"1,940.00"
2020-10-29,2020102904004941,GIC,57,49,10,563.00,"5,630.00"
2020-10-29,2020102904004940,GIC,57,17,10,563.00,"5,630.00"
2020-10-29,2020102904004939,GIC,57,42,10,563.00,"5,630.00"
2020-10-29,2020102904004938,GIC,57,17,10,563.00,"5,630.00"
2020-10-29,2020102904004937,GIC,57,17,10,563.00,"5,630.00"
2020-10-29,2020102904004936,GIC,57,17,10,563.00,"5,630.00"
2020-10-29,2020102904004442,GIC,59,45,10,560.00,"5,600.00"
2020-10-29,2020102904004451,GIC,59,56,10,560.00,"5,600.00"
2020-10-29,2020102904004450,GIC,59,21,10,560.00,"5,600.00"
2020-10-29,2020102904004447,GIC,59,59,10,560.00,"5,600.00"
2020-10-29,2020102904004446,GIC,59,21,10,560.00,"5,600.00"
2020-10-29,2020102904004445,GIC,59,51,10,560.00,"5,600.00"
2020-10-29,2020102904004443,GIC,59,56,10,560.00,"5,600.00"
2020-10-29,2020102904004457,GIC,48,28,10,561.00,"5,610.00"
2020-10-29,2020102904004456,GIC,48,40,10,561.00,"5,610.00"
2020-10-29,2020102904004455,GIC,59,21,10,560.00,"5,600.00"
2020-10-29,2020102904004454,GIC,59,21,10,560.00,"5,600.00"
2020-10-29,2020102904004453,GIC,59,17,10,560.00,"5,600.00"
2020-10-29,2020102904004452,GIC,59,34,10,560.00,"5,600.00"
2020-10-29,2020102904004463,GIC,48,22,10,561.00,"5,610.00"
2020-10-29,2020102904004462,GIC,48,6,10,561.00,"5,610.00"
2020-10-29,2020102904004461,GIC,48,51,10,561.00,"5,610.00"
2020-10-29,2020102904004460,GIC,48,17,10,561.00,"5,610.00"
2020-10-29,2020102904004459,GIC,48,40,10,561.00,"5,610.00"
2020-10-29,2020102904004458,GIC,48,58,10,561.00,"5,610.00"
2020-10-29,2020102904004469,GIC,22,21,10,561.00,"5,610.00"
2020-10-29,2020102904004468,GIC,22,47,10,561.00,"5,610.00"
2020-10-29,2020102904004467,GIC,22,17,10,561.00,"5,610.00"
2020-10-29,2020102904004466,GIC,22,40,10,561.00,"5,610.00"
2020-10-29,2020102904004465,GIC,48,42,10,561.00,"5,610.00"
2020-10-29,2020102904004464,GIC,48,21,10,561.00,"5,610.00"
2020-10-29,2020102904004478,GIC,57,55,10,561.00,"5,610.00"
2020-10-29,2020102904004474,GIC,57,29,10,561.00,"5,610.00"
2020-10-29,2020102904004473,GIC,57,21,10,561.00,"5,610.00"
2020-10-29,2020102904004472,GIC,57,41,10,561.00,"5,610.00"
2020-10-29,2020102904004471,GIC,57,49,10,561.00,"5,610.00"
2020-10-29,2020102904004470,GIC,57,29,10,561.00,"5,610.00"
2020-10-29,2020102904004486,GIC,57,29,10,561.00,"5,610.00"
2020-10-29,2020102904004485,GIC,57,16,10,561.00,"5,610.00"
2020-10-29,2020102904004484,GIC,57,51,10,561.00,"5,610.00"
2020-10-29,2020102904004483,GIC,57,17,10,561.00,"5,610.00"
2020-10-29,2020102904004480,GIC,57,14,10,561.00,"5,610.00"
2020-10-29,2020102904004479,GIC,57,40,10,561.00,"5,610.00"
2020-10-29,2020102904004492,GIC,17,40,10,561.00,"5,610.00"
2020-10-29,2020102904004491,GIC,17,29,10,561.00,"5,610.00"
2020-10-29,2020102904004490,GIC,17,36,10,561.00,"5,610.00"
2020-10-29,2020102904004489,GIC,57,28,10,561.00,"5,610.00"
2020-10-29,2020102904004488,GIC,57,58,10,561.00,"5,610.00"
2020-10-29,2020102904004487,GIC,57,40,10,561.00,"5,610.00"
2020-10-29,2020102904004498,GIC,45,40,10,561.00,"5,610.00"
2020-10-29,2020102904004497,GIC,45,40,10,561.00,"5,610.00"
2020-10-29,2020102904004496,GIC,45,29,10,561.00,"5,610.00"
2020-10-29,2020102904004495,GIC,59,42,10,560.00,"5,600.00"
2020-10-29,2020102904004494,GIC,45,57,10,561.00,"5,610.00"
2020-10-29,2020102904004493,GIC,59,51,10,560.00,"5,600.00"
2020-10-29,2020102904004504,GIC,45,28,10,561.00,"5,610.00"
2020-10-29,2020102904004503,GIC,45,54,10,561.00,"5,610.00"
2020-10-29,2020102904004502,GIC,45,17,10,561.00,"5,610.00"
2020-10-29,2020102904004501,GIC,45,40,10,561.00,"5,610.00"
2020-10-29,2020102904004500,GIC,45,28,10,561.00,"5,610.00"
2020-10-29,2020102904004499,GIC,45,17,10,561.00,"5,610.00"
2020-10-29,2020102904004511,GIC,17,42,10,561.00,"5,610.00"
2020-10-29,2020102904004510,GIC,59,35,10,560.00,"5,600.00"
2020-10-29,2020102904004509,GIC,59,17,10,560.00,"5,600.00"
2020-10-29,2020102904004508,GIC,59,17,10,560.00,"5,600.00"
2020-10-29,2020102904004506,GIC,59,17,10,560.00,"5,600.00"
2020-10-29,2020102904004505,GIC,45,40,10,561.00,"5,610.00"
2020-10-29,2020102904004518,GIC,17,56,10,561.00,"5,610.00"
2020-10-29,2020102904004517,GIC,17,17,10,561.00,"5,610.00"
2020-10-29,2020102904004515,GIC,17,49,10,561.00,"5,610.00"
2020-10-29,2020102904004514,GIC,17,17,10,561.00,"5,610.00"
2020-10-29,2020102904004513,GIC,17,58,10,561.00,"5,610.00"
2020-10-29,2020102904004512,GIC,17,40,10,561.00,"5,610.00"
2020-10-29,2020102904004524,GIC,17,35,10,561.00,"5,610.00"
2020-10-29,2020102904004523,GIC,17,42,10,561.00,"5,610.00"
2020-10-29,2020102904004522,GIC,17,4,10,561.00,"5,610.00"
2020-10-29,2020102904004521,GIC,17,41,10,561.00,"5,610.00"
2020-10-29,2020102904004520,GIC,17,42,10,561.00,"5,610.00"
2020-10-29,2020102904004519,GIC,17,58,10,561.00,"5,610.00"
2020-10-29,2020102904004532,GIC,17,58,10,561.00,"5,610.00"
2020-10-29,2020102904004531,GIC,17,43,10,561.00,"5,610.00"
2020-10-29,2020102904004530,GIC,17,55,10,561.00,"5,610.00"
2020-10-29,2020102904004529,GIC,17,32,10,561.00,"5,610.00"
2020-10-29,2020102904004528,GIC,17,34,10,561.00,"5,610.00"
2020-10-29,2020102904004526,GIC,17,43,10,561.00,"5,610.00"
2020-10-29,2020102904004542,GIC,45,42,10,561.00,"5,610.00"
2020-10-29,2020102904004541,GIC,14,4,10,560.00,"5,600.00"
2020-10-29,2020102904004537,GIC,14,26,10,560.00,"5,600.00"
2020-10-29,2020102904004536,GIC,58,42,10,561.00,"5,610.00"
2020-10-29,2020102904004535,GIC,59,47,10,560.00,"5,600.00"
2020-10-29,2020102904004534,GIC,17,48,10,561.00,"5,610.00"
2020-10-29,2020102904004558,GIC,28,29,10,562.00,"5,620.00"
2020-10-29,2020102904004557,GIC,14,58,10,560.00,"5,600.00"
2020-10-29,2020102904004554,GIC,14,40,10,560.00,"5,600.00"
2020-10-29,2020102904004553,GIC,14,46,10,560.00,"5,600.00"
2020-10-29,2020102904004552,GIC,14,47,10,560.00,"5,600.00"
2020-10-29,2020102904004551,GIC,14,38,10,560.00,"5,600.00"
2020-10-29,2020102904004564,GIC,28,22,10,562.00,"5,620.00"
2020-10-29,2020102904004563,GIC,28,41,10,562.00,"5,620.00"
2020-10-29,2020102904004562,GIC,28,11,10,562.00,"5,620.00"
2020-10-29,2020102904004561,GIC,28,57,10,562.00,"5,620.00"
2020-10-29,2020102904004560,GIC,28,46,10,562.00,"5,620.00"
2020-10-29,2020102904004559,GIC,28,21,10,562.00,"5,620.00"
2020-10-29,2020102904004570,GIC,14,16,10,560.00,"5,600.00"
2020-10-29,2020102904004569,GIC,14,40,10,560.00,"5,600.00"
2020-10-29,2020102904004568,GIC,14,46,10,560.00,"5,600.00"
2020-10-29,2020102904004567,GIC,28,41,10,562.00,"5,620.00"
2020-10-29,2020102904004566,GIC,28,59,10,562.00,"5,620.00"
2020-10-29,2020102904004565,GIC,28,58,10,562.00,"5,620.00"
2020-10-29,2020102904004576,GIC,42,46,10,560.00,"5,600.00"
2020-10-29,2020102904004575,GIC,54,49,10,562.00,"5,620.00"
2020-10-29,2020102904004574,GIC,54,28,10,562.00,"5,620.00"
2020-10-29,2020102904004573,GIC,54,21,10,562.00,"5,620.00"
2020-10-29,2020102904004572,GIC,54,48,10,562.00,"5,620.00"
2020-10-29,2020102904004571,GIC,54,29,10,562.00,"5,620.00"
2020-10-29,2020102904004585,GIC,34,45,10,562.00,"5,620.00"
2020-10-29,2020102904004584,GIC,34,11,10,562.00,"5,620.00"
2020-10-29,2020102904004583,GIC,34,58,10,562.00,"5,620.00"
2020-10-29,2020102904004582,GIC,34,11,10,562.00,"5,620.00"
2020-10-29,2020102904004581,GIC,34,17,10,562.00,"5,620.00"
2020-10-29,2020102904004580,GIC,14,59,10,561.00,"5,610.00"
2020-10-29,2020102904004591,GIC,14,19,10,561.00,"5,610.00"
2020-10-29,2020102904004590,GIC,34,58,10,562.00,"5,620.00"
2020-10-29,2020102904004589,GIC,34,37,10,562.00,"5,620.00"
2020-10-29,2020102904004588,GIC,34,42,10,562.00,"5,620.00"
2020-10-29,2020102904004587,GIC,34,45,10,562.00,"5,620.00"
2020-10-29,2020102904004586,GIC,34,52,10,562.00,"5,620.00"
2020-10-29,2020102904004597,GIC,14,46,10,561.00,"5,610.00"
2020-10-29,2020102904004596,GIC,14,45,10,561.00,"5,610.00"
2020-10-29,2020102904004595,GIC,14,32,10,561.00,"5,610.00"
2020-10-29,2020102904004594,GIC,14,42,10,561.00,"5,610.00"
2020-10-29,2020102904004593,GIC,14,59,10,561.00,"5,610.00"
2020-10-29,2020102904004592,GIC,14,46,10,561.00,"5,610.00"
2020-10-29,2020102904004603,GIC,14,50,10,561.00,"5,610.00"
2020-10-29,2020102904004602,GIC,14,46,10,561.00,"5,610.00"
2020-10-29,2020102904004601,GIC,14,34,10,561.00,"5,610.00"
2020-10-29,2020102904004600,GIC,14,58,10,561.00,"5,610.00"
2020-10-29,2020102904004599,GIC,14,13,10,561.00,"5,610.00"
2020-10-29,2020102904004598,GIC,14,34,10,561.00,"5,610.00"
2020-10-29,2020102904004610,GIC,14,16,10,561.00,"5,610.00"
2020-10-29,2020102904004609,GIC,14,52,10,561.00,"5,610.00"
2020-10-29,2020102904004607,GIC,14,58,10,561.00,"5,610.00"
2020-10-29,2020102904004606,GIC,14,16,10,561.00,"5,610.00"
2020-10-29,2020102904004605,GIC,14,38,10,561.00,"5,610.00"
2020-10-29,2020102904004604,GIC,14,46,10,561.00,"5,610.00"
2020-10-29,2020102904004622,GIC,14,29,10,561.00,"5,610.00"
2020-10-29,2020102904004621,GIC,14,48,10,561.00,"5,610.00"
2020-10-29,2020102904004620,GIC,14,32,10,561.00,"5,610.00"
2020-10-29,2020102904004619,GIC,14,6,10,561.00,"5,610.00"
2020-10-29,2020102904004612,GIC,14,10,10,561.00,"5,610.00"
2020-10-29,2020102904004611,GIC,14,28,10,561.00,"5,610.00"
2020-10-29,2020102904004628,GIC,38,17,10,561.00,"5,610.00"
2020-10-29,2020102904004627,GIC,38,28,10,561.00,"5,610.00"
2020-10-29,2020102904004626,GIC,14,6,10,561.00,"5,610.00"
2020-10-29,2020102904004625,GIC,14,41,10,561.00,"5,610.00"
2020-10-29,2020102904004624,GIC,14,19,10,561.00,"5,610.00"
2020-10-29,2020102904004623,GIC,14,6,10,561.00,"5,610.00"
2020-10-29,2020102904004634,GIC,35,14,10,562.00,"5,620.00"
2020-10-29,2020102904004633,GIC,35,57,10,562.00,"5,620.00"
2020-10-29,2020102904004632,GIC,35,32,10,562.00,"5,620.00"
2020-10-29,2020102904004631,GIC,35,42,10,562.00,"5,620.00"
2020-10-29,2020102904004630,GIC,16,52,10,561.00,"5,610.00"
2020-10-29,2020102904004629,GIC,38,40,10,561.00,"5,610.00"
2020-10-29,2020102904004640,GIC,35,4,10,562.00,"5,620.00"
2020-10-29,2020102904004639,GIC,35,56,10,562.00,"5,620.00"
2020-10-29,2020102904004638,GIC,35,19,10,562.00,"5,620.00"
2020-10-29,2020102904004637,GIC,35,20,10,562.00,"5,620.00"
2020-10-29,2020102904004636,GIC,35,42,10,562.00,"5,620.00"
2020-10-29,2020102904004635,GIC,35,55,10,562.00,"5,620.00"
2020-10-29,2020102904004646,GIC,16,40,10,561.00,"5,610.00"
2020-10-29,2020102904004645,GIC,16,35,10,561.00,"5,610.00"
2020-10-29,2020102904004644,GIC,16,58,10,561.00,"5,610.00"
2020-10-29,2020102904004643,GIC,16,14,10,561.00,"5,610.00"
2020-10-29,2020102904004642,GIC,16,34,10,561.00,"5,610.00"
2020-10-29,2020102904004641,GIC,35,45,10,562.00,"5,620.00"
2020-10-29,2020102904004653,GIC,16,10,10,561.00,"5,610.00"
2020-10-29,2020102904004652,GIC,16,48,10,561.00,"5,610.00"
2020-10-29,2020102904004651,GIC,16,14,10,561.00,"5,610.00"
2020-10-29,2020102904004650,GIC,16,40,10,561.00,"5,610.00"
2020-10-29,2020102904004648,GIC,16,42,10,561.00,"5,610.00"
2020-10-29,2020102904004647,GIC,16,14,10,561.00,"5,610.00"
2020-10-29,2020102904004660,GIC,49,45,10,562.00,"5,620.00"
2020-10-29,2020102904004659,GIC,49,57,10,562.00,"5,620.00"
2020-10-29,2020102904004658,GIC,16,49,10,561.00,"5,610.00"
2020-10-29,2020102904004657,GIC,16,21,10,561.00,"5,610.00"
2020-10-29,2020102904004655,GIC,16,40,10,561.00,"5,610.00"
2020-10-29,2020102904004654,GIC,16,56,10,561.00,"5,610.00"
2020-10-29,2020102904004666,GIC,16,29,10,561.00,"5,610.00"
2020-10-29,2020102904004665,GIC,16,58,10,561.00,"5,610.00"
2020-10-29,2020102904004664,GIC,16,50,10,561.00,"5,610.00"
2020-10-29,2020102904004663,GIC,16,21,10,561.00,"5,610.00"
2020-10-29,2020102904004662,GIC,16,5,10,561.00,"5,610.00"
2020-10-29,2020102904004661,GIC,16,21,10,561.00,"5,610.00"
2020-10-29,2020102904004672,GIC,29,52,10,561.00,"5,610.00"
2020-10-29,2020102904004671,GIC,58,58,10,561.00,"5,610.00"
2020-10-29,2020102904004670,GIC,58,49,10,561.00,"5,610.00"
2020-10-29,2020102904004669,GIC,16,44,10,561.00,"5,610.00"
2020-10-29,2020102904004668,GIC,16,21,10,561.00,"5,610.00"
2020-10-29,2020102904004667,GIC,16,44,10,561.00,"5,610.00"
2020-10-29,2020102904004679,GIC,19,42,10,561.00,"5,610.00"
2020-10-29,2020102904004678,GIC,19,6,10,561.00,"5,610.00"
2020-10-29,2020102904004677,GIC,19,47,10,561.00,"5,610.00"
2020-10-29,2020102904004676,GIC,19,58,10,561.00,"5,610.00"
2020-10-29,2020102904004674,GIC,19,21,10,561.00,"5,610.00"
2020-10-29,2020102904004673,GIC,29,21,10,561.00,"5,610.00"
2020-10-29,2020102904004688,GIC,50,58,10,563.00,"5,630.00"
2020-10-29,2020102904004687,GIC,50,51,10,562.00,"5,620.00"
2020-10-29,2020102904004686,GIC,50,19,10,562.00,"5,620.00"
2020-10-29,2020102904004685,GIC,50,57,10,562.00,"5,620.00"
2020-10-29,2020102904004684,GIC,50,42,10,562.00,"5,620.00"
2020-10-29,2020102904004680,GIC,19,35,10,561.00,"5,610.00"
2020-10-29,2020102904004694,GIC,57,51,10,561.00,"5,610.00"
2020-10-29,2020102904004693,GIC,57,42,10,561.00,"5,610.00"
2020-10-29,2020102904004692,GIC,19,58,10,561.00,"5,610.00"
2020-10-29,2020102904004691,GIC,19,51,10,561.00,"5,610.00"
2020-10-29,2020102904004690,GIC,19,51,10,561.00,"5,610.00"
2020-10-29,2020102904004689,GIC,19,47,10,561.00,"5,610.00"
2020-10-29,2020102904004707,GIC,57,22,10,561.00,"5,610.00"
2020-10-29,2020102904004701,GIC,57,41,10,561.00,"5,610.00"
2020-10-29,2020102904004700,GIC,57,47,10,561.00,"5,610.00"
2020-10-29,2020102904004699,GIC,57,51,10,561.00,"5,610.00"
2020-10-29,2020102904004698,GIC,57,32,10,561.00,"5,610.00"
2020-10-29,2020102904004695,GIC,57,5,10,561.00,"5,610.00"
2020-10-29,2020102904004713,GIC,46,36,10,561.00,"5,610.00"
2020-10-29,2020102904004712,GIC,46,40,10,561.00,"5,610.00"
2020-10-29,2020102904004711,GIC,46,36,10,561.00,"5,610.00"
2020-10-29,2020102904004710,GIC,46,58,10,561.00,"5,610.00"
2020-10-29,2020102904004709,GIC,57,51,10,561.00,"5,610.00"
2020-10-29,2020102904004708,GIC,57,51,10,561.00,"5,610.00"
2020-10-29,2020102904004720,GIC,25,51,10,561.00,"5,610.00"
2020-10-29,2020102904004719,GIC,25,36,10,561.00,"5,610.00"
2020-10-29,2020102904004718,GIC,25,22,10,561.00,"5,610.00"
2020-10-29,2020102904004717,GIC,25,41,10,561.00,"5,610.00"
2020-10-29,2020102904004715,GIC,25,17,10,561.00,"5,610.00"
2020-10-29,2020102904004714,GIC,46,45,10,561.00,"5,610.00"
2020-10-29,2020102904004730,GIC,25,43,10,561.00,"5,610.00"
2020-10-29,2020102904004725,GIC,25,41,10,561.00,"5,610.00"
2020-10-29,2020102904004724,GIC,25,36,10,561.00,"5,610.00"
2020-10-29,2020102904004723,GIC,25,34,10,561.00,"5,610.00"
2020-10-29,2020102904004722,GIC,25,49,10,561.00,"5,610.00"
2020-10-29,2020102904004721,GIC,25,45,10,561.00,"5,610.00"
2020-10-29,2020102904004736,GIC,25,51,10,561.00,"5,610.00"
2020-10-29,2020102904004735,GIC,25,51,10,561.00,"5,610.00"
2020-10-29,2020102904004734,GIC,25,6,10,561.00,"5,610.00"
2020-10-29,2020102904004733,GIC,25,58,10,561.00,"5,610.00"
2020-10-29,2020102904004732,GIC,25,34,10,561.00,"5,610.00"
2020-10-29,2020102904004731,GIC,25,43,10,561.00,"5,610.00"
2020-10-29,2020102904004744,GIC,50,45,10,562.00,"5,620.00"
2020-10-29,2020102904004743,GIC,50,13,10,562.00,"5,620.00"
2020-10-29,2020102904004742,GIC,50,52,10,562.00,"5,620.00"
2020-10-29,2020102904004741,GIC,25,45,10,561.00,"5,610.00"
2020-10-29,2020102904004740,GIC,25,36,10,561.00,"5,610.00"
2020-10-29,2020102904004737,GIC,25,34,10,561.00,"5,610.00"
2020-10-29,2020102904004750,GIC,50,58,10,562.00,"5,620.00"
2020-10-29,2020102904004749,GIC,50,51,10,562.00,"5,620.00"
2020-10-29,2020102904004748,GIC,50,42,10,562.00,"5,620.00"
2020-10-29,2020102904004747,GIC,50,51,10,562.00,"5,620.00"
2020-10-29,2020102904004746,GIC,50,18,10,562.00,"5,620.00"
2020-10-29,2020102904004745,GIC,50,8,10,562.00,"5,620.00"
2020-10-29,2020102904004756,GIC,47,51,10,561.00,"5,610.00"
2020-10-29,2020102904004755,GIC,47,34,10,561.00,"5,610.00"
2020-10-29,2020102904004754,GIC,47,41,10,561.00,"5,610.00"
2020-10-29,2020102904004753,GIC,47,51,10,561.00,"5,610.00"
2020-10-29,2020102904004752,GIC,47,45,10,561.00,"5,610.00"
2020-10-29,2020102904004751,GIC,50,34,10,562.00,"5,620.00"
2020-10-29,2020102904004764,GIC,41,58,10,561.00,"5,610.00"
2020-10-29,2020102904004763,GIC,41,6,10,561.00,"5,610.00"
2020-10-29,2020102904004762,GIC,41,29,10,561.00,"5,610.00"
2020-10-29,2020102904004760,GIC,41,58,10,561.00,"5,610.00"
2020-10-29,2020102904004759,GIC,42,29,10,561.00,"5,610.00"
2020-10-29,2020102904004758,GIC,42,51,10,561.00,"5,610.00"
2020-10-29,2020102904004770,GIC,50,29,10,562.00,"5,620.00"
2020-10-29,2020102904004769,GIC,50,26,10,562.00,"5,620.00"
2020-10-29,2020102904004768,GIC,50,37,10,562.00,"5,620.00"
2020-10-29,2020102904004767,GIC,50,6,10,562.00,"5,620.00"
2020-10-29,2020102904004766,GIC,50,51,10,562.00,"5,620.00"
2020-10-29,2020102904004765,GIC,50,6,10,562.00,"5,620.00"
2020-10-29,2020102904004776,GIC,41,40,10,561.00,"5,610.00"
2020-10-29,2020102904004775,GIC,50,26,10,562.00,"5,620.00"
2020-10-29,2020102904004774,GIC,50,41,10,562.00,"5,620.00"
2020-10-29,2020102904004773,GIC,50,51,10,562.00,"5,620.00"
2020-10-29,2020102904004772,GIC,42,20,10,563.00,"5,630.00"
2020-10-29,2020102904004771,GIC,50,38,10,562.00,"5,620.00"
2020-10-29,2020102904004782,GIC,41,34,10,561.00,"5,610.00"
2020-10-29,2020102904004781,GIC,41,39,10,561.00,"5,610.00"
2020-10-29,2020102904004780,GIC,41,57,10,561.00,"5,610.00"
2020-10-29,2020102904004779,GIC,41,51,10,561.00,"5,610.00"
2020-10-29,2020102904004778,GIC,41,45,10,561.00,"5,610.00"
2020-10-29,2020102904004777,GIC,41,35,10,561.00,"5,610.00"
2020-10-29,2020102904004789,GIC,58,42,10,562.00,"5,620.00"
2020-10-29,2020102904004788,GIC,58,21,10,562.00,"5,620.00"
2020-10-29,2020102904004787,GIC,41,49,10,561.00,"5,610.00"
2020-10-29,2020102904004785,GIC,41,51,10,561.00,"5,610.00"
2020-10-29,2020102904004784,GIC,41,16,10,561.00,"5,610.00"
2020-10-29,2020102904004783,GIC,41,29,10,561.00,"5,610.00"
2020-10-29,2020102904004796,GIC,19,39,10,561.00,"5,610.00"
2020-10-29,2020102904004795,GIC,19,51,10,561.00,"5,610.00"
2020-10-29,2020102904004793,GIC,19,39,10,561.00,"5,610.00"
2020-10-29,2020102904004792,GIC,19,51,10,561.00,"5,610.00"
2020-10-29,2020102904004791,GIC,1,16,10,561.00,"5,610.00"
2020-10-29,2020102904004790,GIC,58,10,10,562.00,"5,620.00"
2020-10-29,2020102904004802,GIC,19,17,10,561.00,"5,610.00"
2020-10-29,2020102904004801,GIC,19,41,10,561.00,"5,610.00"
2020-10-29,2020102904004800,GIC,19,39,10,561.00,"5,610.00"
2020-10-29,2020102904004799,GIC,19,51,10,561.00,"5,610.00"
2020-10-29,2020102904004798,GIC,19,29,10,561.00,"5,610.00"
2020-10-29,2020102904004797,GIC,19,51,10,561.00,"5,610.00"
2020-10-29,2020102904004809,GIC,45,58,10,562.00,"5,620.00"
2020-10-29,2020102904004808,GIC,19,34,10,561.00,"5,610.00"
2020-10-29,2020102904004807,GIC,45,52,10,562.00,"5,620.00"
2020-10-29,2020102904004806,GIC,19,39,10,561.00,"5,610.00"
2020-10-29,2020102904004804,GIC,19,51,10,561.00,"5,610.00"
2020-10-29,2020102904004803,GIC,19,43,10,561.00,"5,610.00"
2020-10-29,2020102904004817,GIC,41,47,10,561.00,"5,610.00"
2020-10-29,2020102904004816,GIC,41,34,10,561.00,"5,610.00"
2020-10-29,2020102904004815,GIC,41,52,10,561.00,"5,610.00"
2020-10-29,2020102904004812,GIC,41,57,10,561.00,"5,610.00"
2020-10-29,2020102904004811,GIC,19,37,10,561.00,"5,610.00"
2020-10-29,2020102904004810,GIC,45,51,10,562.00,"5,620.00"
2020-10-29,2020102904004824,GIC,41,34,10,561.00,"5,610.00"
2020-10-29,2020102904004823,GIC,41,52,10,561.00,"5,610.00"
2020-10-29,2020102904004822,GIC,41,5,10,561.00,"5,610.00"
2020-10-29,2020102904004820,GIC,41,38,10,561.00,"5,610.00"
2020-10-29,2020102904004819,GIC,41,40,10,561.00,"5,610.00"
2020-10-29,2020102904004818,GIC,41,4,10,561.00,"5,610.00"
2020-10-29,2020102904004830,GIC,41,29,10,561.00,"5,610.00"
2020-10-29,2020102904004829,GIC,41,37,10,561.00,"5,610.00"
2020-10-29,2020102904004828,GIC,41,57,10,561.00,"5,610.00"
2020-10-29,2020102904004827,GIC,41,34,10,561.00,"5,610.00"
2020-10-29,2020102904004826,GIC,41,29,10,561.00,"5,610.00"
2020-10-29,2020102904004825,GIC,41,34,10,561.00,"5,610.00"
2020-10-29,2020102904004837,GIC,38,21,10,561.00,"5,610.00"
2020-10-29,2020102904004835,GIC,38,41,10,561.00,"5,610.00"
2020-10-29,2020102904004834,GIC,41,37,10,561.00,"5,610.00"
2020-10-29,2020102904004833,GIC,41,37,10,561.00,"5,610.00"
2020-10-29,2020102904004832,GIC,41,46,10,561.00,"5,610.00"
2020-10-29,2020102904004831,GIC,41,34,10,561.00,"5,610.00"
2020-10-29,2020102904004843,GIC,49,57,10,562.00,"5,620.00"
2020-10-29,2020102904004842,GIC,49,45,10,562.00,"5,620.00"
2020-10-29,2020102904004841,GIC,49,41,10,562.00,"5,620.00"
2020-10-29,2020102904004840,GIC,38,37,10,561.00,"5,610.00"
2020-10-29,2020102904004839,GIC,38,37,10,561.00,"5,610.00"
2020-10-29,2020102904004838,GIC,38,45,10,561.00,"5,610.00"
2020-10-29,2020102904004849,GIC,32,21,10,562.00,"5,620.00"
2020-10-29,2020102904004848,GIC,38,37,10,561.00,"5,610.00"
2020-10-29,2020102904004847,GIC,38,21,10,561.00,"5,610.00"
2020-10-29,2020102904004846,GIC,49,21,10,562.00,"5,620.00"
2020-10-29,2020102904004845,GIC,49,52,10,562.00,"5,620.00"
2020-10-29,2020102904004844,GIC,49,13,10,562.00,"5,620.00"
2020-10-29,2020102904004856,GIC,25,45,10,561.00,"5,610.00"
2020-10-29,2020102904004855,GIC,25,17,10,561.00,"5,610.00"
2020-10-29,2020102904004853,GIC,38,45,10,561.00,"5,610.00"
2020-10-29,2020102904004852,GIC,38,37,10,561.00,"5,610.00"
2020-10-29,2020102904004851,GIC,38,45,10,561.00,"5,610.00"
2020-10-29,2020102904004850,GIC,32,45,10,562.00,"5,620.00"
2020-10-29,2020102904004863,GIC,51,42,10,562.00,"5,620.00"
2020-10-29,2020102904004862,GIC,51,5,10,562.00,"5,620.00"
2020-10-29,2020102904004861,GIC,51,32,10,562.00,"5,620.00"
2020-10-29,2020102904004860,GIC,51,54,10,562.00,"5,620.00"
2020-10-29,2020102904004859,GIC,51,58,10,562.00,"5,620.00"
2020-10-29,2020102904004858,GIC,25,32,10,561.00,"5,610.00"
2020-10-29,2020102904004870,GIC,51,14,10,562.00,"5,620.00"
2020-10-29,2020102904004868,GIC,51,14,10,562.00,"5,620.00"
2020-10-29,2020102904004867,GIC,51,45,10,562.00,"5,620.00"
2020-10-29,2020102904004866,GIC,51,6,10,562.00,"5,620.00"
2020-10-29,2020102904004865,GIC,51,32,10,562.00,"5,620.00"
2020-10-29,2020102904004864,GIC,51,58,10,562.00,"5,620.00"
2020-10-29,2020102904004876,GIC,51,36,10,562.00,"5,620.00"
2020-10-29,2020102904004875,GIC,51,14,10,562.00,"5,620.00"
2020-10-29,2020102904004874,GIC,51,6,10,562.00,"5,620.00"
2020-10-29,2020102904004873,GIC,51,45,10,562.00,"5,620.00"
2020-10-29,2020102904004872,GIC,51,51,10,562.00,"5,620.00"
2020-10-29,2020102904004871,GIC,51,14,10,562.00,"5,620.00"
2020-10-29,2020102904004882,GIC,49,40,10,562.00,"5,620.00"
2020-10-29,2020102904004881,GIC,54,19,10,562.00,"5,620.00"
2020-10-29,2020102904004880,GIC,54,45,10,562.00,"5,620.00"
2020-10-29,2020102904004879,GIC,51,57,10,562.00,"5,620.00"
2020-10-29,2020102904004878,GIC,51,40,10,562.00,"5,620.00"
2020-10-29,2020102904004877,GIC,51,51,10,562.00,"5,620.00"
2020-10-29,2020102904004891,GIC,45,34,10,562.00,"5,620.00"
2020-10-29,2020102904004887,GIC,45,58,10,562.00,"5,620.00"
2020-10-29,2020102904004886,GIC,45,45,10,562.00,"5,620.00"
2020-10-29,2020102904004885,GIC,45,51,10,562.00,"5,620.00"
2020-10-29,2020102904004884,GIC,49,58,10,562.00,"5,620.00"
2020-10-29,2020102904004883,GIC,49,58,10,562.00,"5,620.00"
2020-10-29,2020102904004898,GIC,25,14,10,561.00,"5,610.00"
2020-10-29,2020102904004897,GIC,25,1,10,561.00,"5,610.00"
2020-10-29,2020102904004896,GIC,25,29,10,561.00,"5,610.00"
2020-10-29,2020102904004895,GIC,25,45,10,561.00,"5,610.00"
2020-10-29,2020102904004894,GIC,25,14,10,561.00,"5,610.00"
2020-10-29,2020102904004892,GIC,45,38,10,562.00,"5,620.00"
2020-10-29,2020102904004907,GIC,50,47,10,561.00,"5,610.00"
2020-10-29,2020102904004906,GIC,50,1,10,561.00,"5,610.00"
2020-10-29,2020102904004903,GIC,50,51,10,561.00,"5,610.00"
2020-10-29,2020102904004902,GIC,25,42,10,561.00,"5,610.00"
2020-10-29,2020102904004901,GIC,58,45,10,562.00,"5,620.00"
2020-10-29,2020102904004900,GIC,25,13,10,561.00,"5,610.00"
2020-10-29,2020102904004917,GIC,48,45,10,562.00,"5,620.00"
2020-10-29,2020102904004916,GIC,50,42,10,561.00,"5,610.00"
2020-10-29,2020102904004915,GIC,50,38,10,561.00,"5,610.00"
2020-10-29,2020102904004910,GIC,43,28,10,562.00,"5,620.00"
2020-10-29,2020102904004909,GIC,43,13,10,562.00,"5,620.00"
2020-10-29,2020102904004908,GIC,43,49,10,562.00,"5,620.00"
2020-10-29,2020102904004923,GIC,57,32,10,563.00,"5,630.00"
2020-10-29,2020102904004922,GIC,57,45,10,563.00,"5,630.00"
2020-10-29,2020102904004921,GIC,57,44,10,563.00,"5,630.00"
2020-10-29,2020102904004920,GIC,48,42,10,562.00,"5,620.00"
2020-10-29,2020102904004919,GIC,48,58,10,562.00,"5,620.00"
2020-10-29,2020102904004918,GIC,48,4,10,562.00,"5,620.00"
2020-10-29,2020102904004929,GIC,57,37,10,563.00,"5,630.00"
2020-10-29,2020102904004928,GIC,57,37,10,563.00,"5,630.00"
2020-10-29,2020102904004927,GIC,57,36,10,563.00,"5,630.00"
2020-10-29,2020102904004926,GIC,57,58,10,563.00,"5,630.00"
2020-10-29,2020102904004925,GIC,57,21,10,563.00,"5,630.00"
2020-10-29,2020102904004924,GIC,57,17,10,563.00,"5,630.00"
2020-10-29,2020102904004935,GIC,57,34,10,563.00,"5,630.00"
2020-10-29,2020102904004934,GIC,57,17,10,563.00,"5,630.00"
2020-10-29,2020102904004933,GIC,57,58,10,563.00,"5,630.00"
2020-10-29,2020102904004932,GIC,57,42,10,563.00,"5,630.00"
2020-10-29,2020102904004931,GIC,57,38,10,563.00,"5,630.00"
2020-10-29,2020102904004930,GIC,57,32,10,563.00,"5,630.00"
2020-10-29,2020102904004525,KBLD86,21,42,25,"1,035.00","25,875.00"
2020-10-29,2020102904004757,LEMF,8,16,"5,000",9.24,"46,200.00"
2020-10-29,2020102904004516,LEMF,25,29,700,9.17,"6,419.00"
2020-10-29,2020102904004726,LUK,48,38,200,9.00,"1,800.00"
2020-10-29,2020102904004444,LUK,48,32,100,9.00,900.00
2020-10-29,2020102904004889,NBF2,45,49,250,9.34,"2,335.00"
2020-10-29,2020102904004888,NBF2,7,49,250,9.34,"2,335.00"
2020-10-29,2020102904004794,NBF2,7,49,500,9.34,"4,670.00"
2020-10-29,2020102904004540,NBF2,7,28,250,9.34,"2,335.00"
2020-10-29,2020102904004539,NBF2,1,28,"1,400",9.34,"13,076.00"
2020-10-29,2020102904004538,NBF2,34,28,350,9.35,"3,272.50"
2020-10-29,2020102904004893,NEF,11,32,"1,127",9.20,"10,368.40"
2020-10-29,2020102904004729,NIBD2082,19,42,30,"1,060.00","31,800.00"
2020-10-29,2020102904004729,NIBD2082,19,42,30,"1,060.00","31,800.00"
2020-10-29,2020102904004656,NIBLPF,45,38,100,9.31,931.00
2020-10-29,2020102904004608,NIBLPF,35,22,455,9.50,"4,322.50"
2020-10-29,2020102904004533,NIBLPF,35,4,"1,010",9.50,"9,595.00"
2020-10-29,2020102904004728,NIBPO,28,6,990,387.00,"383,130.00"
2020-10-29,2020102904004681,NIBPO,28,7,10,387.00,"3,870.00"
2020-10-29,2020102904004618,NIBPO,50,58,162,386.00,"62,532.00"
2020-10-29,2020102904004617,NIBPO,47,58,33,386.00,"12,738.00"
2020-10-29,2020102904004616,NIBPO,47,58,40,386.00,"15,440.00"
2020-10-29,2020102904004615,NIBPO,47,58,200,386.00,"77,200.00"
2020-10-29,2020102904004614,NIBPO,47,58,30,386.00,"11,580.00"
2020-10-29,2020102904004613,NIBPO,47,58,35,386.00,"13,510.00"
2020-10-29,2020102904004556,NIBPO,47,38,150,386.00,"57,900.00"
2020-10-29,2020102904004555,NIBPO,13,38,350,386.00,"135,100.00"
2020-10-29,2020102904004449,NIBPO,35,32,18,393.00,"7,074.00"
2020-10-29,2020102904004448,NIBPO,35,32,332,393.00,"130,476.00"
2020-10-29,2020102904004550,NIBSF1,50,7,"2,000",9.95,"19,900.00"
2020-10-29,2020102904004904,NICBF,48,49,500,9.25,"4,625.00"
2020-10-29,2020102904004706,NICBF,48,13,"8,100",9.25,"74,925.00"
2020-10-29,2020102904004705,NICBF,48,13,"2,000",9.30,"18,600.00"
2020-10-29,2020102904004704,NICBF,34,13,400,9.30,"3,720.00"
2020-10-29,2020102904004703,NICBF,48,13,500,9.31,"4,655.00"
2020-10-29,2020102904004739,NICGF,22,45,"2,000",9.75,"19,500.00"
2020-10-29,2020102904004738,NICGF,22,50,500,9.74,"4,870.00"
2020-10-29,2020102904004482,NICGF,8,50,"4,500",9.74,"43,830.00"
2020-10-29,2020102904004481,NICGF,8,19,500,9.74,"4,870.00"
2020-10-29,2020102904004697,NMBHF1,33,4,520,9.40,"4,888.00"
2020-10-29,2020102904004696,NMBHF1,33,4,428,9.40,"4,023.20"
2020-10-29,2020102904004913,RBCLPO,35,28,10,"11,000.00","110,000.00"
2020-10-29,2020102904004912,RBCLPO,35,4,40,"10,980.00","439,200.00"
2020-10-29,2020102904004911,RBCLPO,35,4,30,"10,960.00","328,800.00"
2020-10-29,2020102904004905,RBCLPO,57,4,10,"10,960.00","109,600.00"
2020-10-29,2020102904004890,RBCLPO,35,4,10,"10,960.00","109,600.00"
2020-10-29,2020102904004857,RBCLPO,33,59,10,"10,920.00","109,200.00"
2020-10-29,2020102904004475,RBCLPO,35,4,50,"10,940.00","547,000.00"
2020-10-29,2020102904004836,RBCLPO,19,4,10,"10,980.00","109,800.00"
2020-10-29,2020102904004786,RBCLPO,32,4,30,"11,000.00","330,000.00"
2020-10-29,2020102904004649,RBCLPO,49,4,20,"11,000.00","220,000.00"
2020-10-29,2020102904004527,RBCLPO,59,54,100,"11,169.00","1,116,900.00"
2020-10-29,2020102904004477,RBCLPO,35,28,20,"11,099.00","221,980.00"
2020-10-29,2020102904004476,RBCLPO,35,41,10,"10,950.00","109,500.00"
2020-10-29,2020102904004805,SAEF,51,49,"1,000",10.56,"10,560.00"
2020-10-29,2020102904004702,SAEF,51,38,"2,000",10.56,"21,120.00"
2020-10-29,2020102904004675,SAEF,47,42,900,10.58,"9,522.00"
2020-10-29,2020102904004579,SAEF,47,57,"49,100",10.58,"519,478.00"
2020-10-29,2020102904004578,SAEF,6,57,"5,000",10.59,"52,950.00"
2020-10-29,2020102904004577,SAEF,51,57,"1,000",10.61,"10,610.00"
2020-10-29,2020102904004821,SEF,40,49,"1,000",9.42,"9,420.00"
2020-10-29,2020102904004683,SEF,40,6,"1,000",9.41,"9,410.00"
2020-10-29,2020102904004682,SEF,40,6,"1,800",9.41,"16,938.00"
2020-10-29,2020102904004914,STC,34,55,10,"3,620.00","36,200.00"
2020-10-29,2020102904004899,STC,52,26,130,"3,590.00","466,700.00"
2020-10-29,2020102904004854,STC,52,26,50,"3,590.00","179,500.00"
2020-10-29,2020102904004761,STC,26,26,20,"3,590.00","71,800.00"
2020-10-29,2020102904004727,STC,59,21,100,"3,600.00","360,000.00"
2020-10-29,2020102904004210,BBC,50,45,10,"1,720.00","17,200.00"
2020-10-29,2020102904003942,BBC,50,11,90,"1,720.00","154,800.00"
2020-10-29,2020102904004441,GIC,59,21,10,560.00,"5,600.00"
2020-10-29,2020102904004440,GIC,22,40,10,561.00,"5,610.00"
2020-10-29,2020102904004435,GIC,59,44,10,560.00,"5,600.00"
2020-10-29,2020102904004434,GIC,47,34,10,560.00,"5,600.00"
2020-10-29,2020102904004433,GIC,47,17,10,560.00,"5,600.00"
2020-10-29,2020102904004432,GIC,36,21,10,560.00,"5,600.00"
2020-10-29,2020102904003947,GIC,29,38,10,561.00,"5,610.00"
2020-10-29,2020102904003946,GIC,29,47,10,561.00,"5,610.00"
2020-10-29,2020102904003944,GIC,29,40,10,561.00,"5,610.00"
2020-10-29,2020102904003943,GIC,29,52,10,561.00,"5,610.00"
2020-10-29,2020102904003954,GIC,29,58,10,561.00,"5,610.00"
2020-10-29,2020102904003953,GIC,29,17,10,561.00,"5,610.00"
2020-10-29,2020102904003951,GIC,29,28,10,561.00,"5,610.00"
2020-10-29,2020102904003950,GIC,29,8,10,561.00,"5,610.00"
2020-10-29,2020102904003949,GIC,29,38,10,561.00,"5,610.00"
2020-10-29,2020102904003948,GIC,29,26,10,561.00,"5,610.00"
2020-10-29,2020102904003961,GIC,29,57,10,561.00,"5,610.00"
2020-10-29,2020102904003960,GIC,29,17,10,561.00,"5,610.00"
2020-10-29,2020102904003959,GIC,29,58,10,561.00,"5,610.00"
2020-10-29,2020102904003957,GIC,29,17,10,561.00,"5,610.00"
2020-10-29,2020102904003956,GIC,29,48,10,561.00,"5,610.00"
2020-10-29,2020102904003955,GIC,29,50,10,561.00,"5,610.00"
2020-10-29,2020102904003971,GIC,29,7,10,561.00,"5,610.00"
2020-10-29,2020102904003970,GIC,26,58,10,562.00,"5,620.00"
2020-10-29,2020102904003969,GIC,26,57,10,562.00,"5,620.00"
2020-10-29,2020102904003968,GIC,42,42,10,562.00,"5,620.00"
2020-10-29,2020102904003967,GIC,42,42,10,562.00,"5,620.00"
2020-10-29,2020102904003962,GIC,29,1,10,561.00,"5,610.00"
2020-10-29,2020102904003979,GIC,45,6,10,562.00,"5,620.00"
2020-10-29,2020102904003978,GIC,45,52,10,562.00,"5,620.00"
2020-10-29,2020102904003976,GIC,29,1,10,561.00,"5,610.00"
2020-10-29,2020102904003975,GIC,29,21,10,561.00,"5,610.00"
2020-10-29,2020102904003974,GIC,29,45,10,561.00,"5,610.00"
2020-10-29,2020102904003972,GIC,29,50,10,561.00,"5,610.00"
2020-10-29,2020102904003986,GIC,13,17,10,562.00,"5,620.00"
2020-10-29,2020102904003985,GIC,13,53,10,562.00,"5,620.00"
2020-10-29,2020102904003984,GIC,29,47,10,561.00,"5,610.00"
2020-10-29,2020102904003983,GIC,29,7,10,561.00,"5,610.00"
2020-10-29,2020102904003982,GIC,29,47,10,561.00,"5,610.00"
2020-10-29,2020102904003980,GIC,45,58,10,562.00,"5,620.00"
2020-10-29,2020102904003992,GIC,13,4,10,562.00,"5,620.00"
2020-10-29,2020102904003991,GIC,13,34,10,562.00,"5,620.00"
2020-10-29,2020102904003990,GIC,13,13,10,562.00,"5,620.00"
2020-10-29,2020102904003989,GIC,13,53,10,562.00,"5,620.00"
2020-10-29,2020102904003988,GIC,13,4,10,562.00,"5,620.00"
2020-10-29,2020102904003987,GIC,13,53,10,562.00,"5,620.00"
2020-10-29,2020102904003998,GIC,13,42,10,563.00,"5,630.00"
2020-10-29,2020102904003997,GIC,13,46,10,563.00,"5,630.00"
2020-10-29,2020102904003996,GIC,13,49,10,563.00,"5,630.00"
2020-10-29,2020102904003995,GIC,13,54,10,563.00,"5,630.00"
2020-10-29,2020102904003994,GIC,13,34,10,563.00,"5,630.00"
2020-10-29,2020102904003993,GIC,13,34,10,563.00,"5,630.00"
2020-10-29,2020102904004004,GIC,13,58,10,564.00,"5,640.00"
2020-10-29,2020102904004003,GIC,13,36,10,563.00,"5,630.00"
2020-10-29,2020102904004002,GIC,13,54,10,563.00,"5,630.00"
2020-10-29,2020102904004001,GIC,13,34,10,563.00,"5,630.00"
2020-10-29,2020102904004000,GIC,13,17,10,563.00,"5,630.00"
2020-10-29,2020102904003999,GIC,13,3,10,563.00,"5,630.00"
2020-10-29,2020102904004010,GIC,29,29,10,561.00,"5,610.00"
2020-10-29,2020102904004009,GIC,13,34,10,564.00,"5,640.00"
2020-10-29,2020102904004008,GIC,13,42,10,564.00,"5,640.00"
2020-10-29,2020102904004007,GIC,13,55,10,564.00,"5,640.00"
2020-10-29,2020102904004006,GIC,13,42,10,564.00,"5,640.00"
2020-10-29,2020102904004005,GIC,13,21,10,564.00,"5,640.00"
2020-10-29,2020102904004019,GIC,45,46,10,562.00,"5,620.00"
2020-10-29,2020102904004016,GIC,45,14,10,562.00,"5,620.00"
2020-10-29,2020102904004015,GIC,45,58,10,562.00,"5,620.00"
2020-10-29,2020102904004014,GIC,45,34,10,562.00,"5,620.00"
2020-10-29,2020102904004013,GIC,29,22,10,561.00,"5,610.00"
2020-10-29,2020102904004012,GIC,29,55,10,561.00,"5,610.00"
2020-10-29,2020102904004027,GIC,45,57,10,562.00,"5,620.00"
2020-10-29,2020102904004025,GIC,45,3,10,562.00,"5,620.00"
2020-10-29,2020102904004024,GIC,45,45,10,562.00,"5,620.00"
2020-10-29,2020102904004022,GIC,45,34,10,562.00,"5,620.00"
2020-10-29,2020102904004021,GIC,45,7,10,562.00,"5,620.00"
2020-10-29,2020102904004020,GIC,45,57,10,562.00,"5,620.00"
2020-10-29,2020102904004034,GIC,45,44,10,562.00,"5,620.00"
2020-10-29,2020102904004033,GIC,45,14,10,562.00,"5,620.00"
2020-10-29,2020102904004032,GIC,45,22,10,562.00,"5,620.00"
2020-10-29,2020102904004030,GIC,45,22,10,562.00,"5,620.00"
2020-10-29,2020102904004029,GIC,45,7,10,562.00,"5,620.00"
2020-10-29,2020102904004028,GIC,45,45,10,562.00,"5,620.00"
2020-10-29,2020102904004044,GIC,28,57,10,562.00,"5,620.00"
2020-10-29,2020102904004043,GIC,45,44,10,562.00,"5,620.00"
2020-10-29,2020102904004042,GIC,45,22,10,562.00,"5,620.00"
2020-10-29,2020102904004040,GIC,45,34,10,562.00,"5,620.00"
2020-10-29,2020102904004037,GIC,45,3,10,562.00,"5,620.00"
2020-10-29,2020102904004036,GIC,45,11,10,562.00,"5,620.00"
2020-10-29,2020102904004051,GIC,47,17,10,563.00,"5,630.00"
2020-10-29,2020102904004050,GIC,47,47,10,563.00,"5,630.00"
2020-10-29,2020102904004049,GIC,47,6,10,563.00,"5,630.00"
2020-10-29,2020102904004048,GIC,47,34,10,562.00,"5,620.00"
2020-10-29,2020102904004047,GIC,1,28,10,561.00,"5,610.00"
2020-10-29,2020102904004045,GIC,28,47,10,562.00,"5,620.00"
2020-10-29,2020102904004057,GIC,10,20,10,561.00,"5,610.00"
2020-10-29,2020102904004056,GIC,10,56,10,561.00,"5,610.00"
2020-10-29,2020102904004055,GIC,10,20,10,561.00,"5,610.00"
2020-10-29,2020102904004054,GIC,48,38,10,563.00,"5,630.00"
2020-10-29,2020102904004053,GIC,47,33,10,563.00,"5,630.00"
2020-10-29,2020102904004052,GIC,47,57,10,563.00,"5,630.00"
2020-10-29,2020102904004065,GIC,43,38,10,561.00,"5,610.00"
2020-10-29,2020102904004064,GIC,43,45,10,561.00,"5,610.00"
2020-10-29,2020102904004063,GIC,43,6,10,561.00,"5,610.00"
2020-10-29,2020102904004062,GIC,43,21,10,561.00,"5,610.00"
2020-10-29,2020102904004060,GIC,10,56,10,561.00,"5,610.00"
2020-10-29,2020102904004059,GIC,10,57,10,561.00,"5,610.00"
2020-10-29,2020102904004071,GIC,43,40,10,561.00,"5,610.00"
2020-10-29,2020102904004070,GIC,43,21,10,561.00,"5,610.00"
2020-10-29,2020102904004069,GIC,43,28,10,561.00,"5,610.00"
2020-10-29,2020102904004068,GIC,43,57,10,561.00,"5,610.00"
2020-10-29,2020102904004067,GIC,43,39,10,561.00,"5,610.00"
2020-10-29,2020102904004066,GIC,43,21,10,561.00,"5,610.00"
2020-10-29,2020102904004078,GIC,1,39,10,561.00,"5,610.00"
2020-10-29,2020102904004077,GIC,35,40,10,561.00,"5,610.00"
2020-10-29,2020102904004076,GIC,35,58,10,561.00,"5,610.00"
2020-10-29,2020102904004075,GIC,38,57,10,561.00,"5,610.00"
2020-10-29,2020102904004074,GIC,38,40,10,561.00,"5,610.00"
2020-10-29,2020102904004073,GIC,38,14,10,561.00,"5,610.00"
2020-10-29,2020102904004084,GIC,1,40,10,561.00,"5,610.00"
2020-10-29,2020102904004083,GIC,1,21,10,561.00,"5,610.00"
2020-10-29,2020102904004082,GIC,1,39,10,561.00,"5,610.00"
2020-10-29,2020102904004081,GIC,1,14,10,561.00,"5,610.00"
2020-10-29,2020102904004080,GIC,1,58,10,561.00,"5,610.00"
2020-10-29,2020102904004079,GIC,1,40,10,561.00,"5,610.00"
2020-10-29,2020102904004091,GIC,1,22,10,561.00,"5,610.00"
2020-10-29,2020102904004090,GIC,1,40,10,561.00,"5,610.00"
2020-10-29,2020102904004088,GIC,1,22,10,561.00,"5,610.00"
2020-10-29,2020102904004087,GIC,45,3,10,562.00,"5,620.00"
2020-10-29,2020102904004086,GIC,45,39,10,562.00,"5,620.00"
2020-10-29,2020102904004085,GIC,45,3,10,562.00,"5,620.00"
2020-10-29,2020102904004098,GIC,50,21,10,561.00,"5,610.00"
2020-10-29,2020102904004097,GIC,50,45,10,561.00,"5,610.00"
2020-10-29,2020102904004096,GIC,50,40,10,561.00,"5,610.00"
2020-10-29,2020102904004094,GIC,50,57,10,561.00,"5,610.00"
2020-10-29,2020102904004093,GIC,50,40,10,561.00,"5,610.00"
2020-10-29,2020102904004092,GIC,50,39,10,561.00,"5,610.00"
2020-10-29,2020102904004106,GIC,50,44,10,561.00,"5,610.00"
2020-10-29,2020102904004103,GIC,50,28,10,561.00,"5,610.00"
2020-10-29,2020102904004102,GIC,50,41,10,561.00,"5,610.00"
2020-10-29,2020102904004101,GIC,50,29,10,561.00,"5,610.00"
2020-10-29,2020102904004100,GIC,50,40,10,561.00,"5,610.00"
2020-10-29,2020102904004099,GIC,50,35,10,561.00,"5,610.00"
2020-10-29,2020102904004112,GIC,50,39,10,561.00,"5,610.00"
2020-10-29,2020102904004111,GIC,50,38,10,561.00,"5,610.00"
2020-10-29,2020102904004110,GIC,50,4,10,561.00,"5,610.00"
2020-10-29,2020102904004109,GIC,50,21,10,561.00,"5,610.00"
2020-10-29,2020102904004108,GIC,50,40,10,561.00,"5,610.00"
2020-10-29,2020102904004107,GIC,50,28,10,561.00,"5,610.00"
2020-10-29,2020102904004118,GIC,32,28,10,561.00,"5,610.00"
2020-10-29,2020102904004117,GIC,32,39,10,561.00,"5,610.00"
2020-10-29,2020102904004116,GIC,32,14,10,561.00,"5,610.00"
2020-10-29,2020102904004115,GIC,32,40,10,561.00,"5,610.00"
2020-10-29,2020102904004114,GIC,50,17,10,561.00,"5,610.00"
2020-10-29,2020102904004113,GIC,50,40,10,561.00,"5,610.00"
2020-10-29,2020102904004124,GIC,32,45,10,561.00,"5,610.00"
2020-10-29,2020102904004123,GIC,47,13,10,562.00,"5,620.00"
2020-10-29,2020102904004122,GIC,32,14,10,561.00,"5,610.00"
2020-10-29,2020102904004121,GIC,32,39,10,561.00,"5,610.00"
2020-10-29,2020102904004120,GIC,32,58,10,561.00,"5,610.00"
2020-10-29,2020102904004119,GIC,32,39,10,561.00,"5,610.00"
2020-10-29,2020102904004130,GIC,35,22,10,561.00,"5,610.00"
2020-10-29,2020102904004129,GIC,35,25,10,561.00,"5,610.00"
2020-10-29,2020102904004128,GIC,35,58,10,561.00,"5,610.00"
2020-10-29,2020102904004127,GIC,35,58,10,561.00,"5,610.00"
2020-10-29,2020102904004126,GIC,35,22,10,561.00,"5,610.00"
2020-10-29,2020102904004125,GIC,32,18,10,561.00,"5,610.00"
2020-10-29,2020102904004136,GIC,35,25,10,561.00,"5,610.00"
2020-10-29,2020102904004135,GIC,35,4,10,561.00,"5,610.00"
2020-10-29,2020102904004134,GIC,35,28,10,561.00,"5,610.00"
2020-10-29,2020102904004133,GIC,35,25,10,561.00,"5,610.00"
2020-10-29,2020102904004132,GIC,35,14,10,561.00,"5,610.00"
2020-10-29,2020102904004131,GIC,35,48,10,561.00,"5,610.00"
2020-10-29,2020102904004143,GIC,35,54,10,561.00,"5,610.00"
2020-10-29,2020102904004142,GIC,35,4,10,561.00,"5,610.00"
2020-10-29,2020102904004141,GIC,35,28,10,561.00,"5,610.00"
2020-10-29,2020102904004140,GIC,35,3,10,561.00,"5,610.00"
2020-10-29,2020102904004138,GIC,48,8,10,562.00,"5,620.00"
2020-10-29,2020102904004137,GIC,35,28,10,561.00,"5,610.00"
2020-10-29,2020102904004149,GIC,35,14,10,561.00,"5,610.00"
2020-10-29,2020102904004148,GIC,35,4,10,561.00,"5,610.00"
2020-10-29,2020102904004147,GIC,35,39,10,561.00,"5,610.00"
2020-10-29,2020102904004146,GIC,35,22,10,561.00,"5,610.00"
2020-10-29,2020102904004145,GIC,14,58,10,562.00,"5,620.00"
2020-10-29,2020102904004144,GIC,35,14,10,561.00,"5,610.00"
2020-10-29,2020102904004156,GIC,35,45,10,561.00,"5,610.00"
2020-10-29,2020102904004155,GIC,35,18,10,561.00,"5,610.00"
2020-10-29,2020102904004154,GIC,35,14,10,561.00,"5,610.00"
2020-10-29,2020102904004152,GIC,35,18,10,561.00,"5,610.00"
2020-10-29,2020102904004151,GIC,35,14,10,561.00,"5,610.00"
2020-10-29,2020102904004150,GIC,35,21,10,561.00,"5,610.00"
2020-10-29,2020102904004162,GIC,16,17,10,562.00,"5,620.00"
2020-10-29,2020102904004161,GIC,16,11,10,562.00,"5,620.00"
2020-10-29,2020102904004160,GIC,16,8,10,562.00,"5,620.00"
2020-10-29,2020102904004159,GIC,16,17,10,562.00,"5,620.00"
2020-10-29,2020102904004158,GIC,16,47,10,562.00,"5,620.00"
2020-10-29,2020102904004157,GIC,35,4,10,561.00,"5,610.00"
2020-10-29,2020102904004168,GIC,35,1,10,561.00,"5,610.00"
2020-10-29,2020102904004167,GIC,16,44,10,562.00,"5,620.00"
2020-10-29,2020102904004166,GIC,16,42,10,562.00,"5,620.00"
2020-10-29,2020102904004165,GIC,16,41,10,562.00,"5,620.00"
2020-10-29,2020102904004164,GIC,16,53,10,562.00,"5,620.00"
2020-10-29,2020102904004163,GIC,16,14,10,562.00,"5,620.00"
2020-10-29,2020102904004188,GIC,25,18,10,562.00,"5,620.00"
2020-10-29,2020102904004187,GIC,35,41,10,561.00,"5,610.00"
2020-10-29,2020102904004174,GIC,35,44,10,561.00,"5,610.00"
2020-10-29,2020102904004173,GIC,35,44,10,561.00,"5,610.00"
2020-10-29,2020102904004172,GIC,35,49,10,561.00,"5,610.00"
2020-10-29,2020102904004169,GIC,35,25,10,561.00,"5,610.00"
2020-10-29,2020102904004198,GIC,35,4,10,561.00,"5,610.00"
2020-10-29,2020102904004195,GIC,35,4,10,561.00,"5,610.00"
2020-10-29,2020102904004194,GIC,35,34,10,561.00,"5,610.00"
2020-10-29,2020102904004193,GIC,35,1,10,561.00,"5,610.00"
2020-10-29,2020102904004192,GIC,35,4,10,561.00,"5,610.00"
2020-10-29,2020102904004191,GIC,35,38,10,561.00,"5,610.00"
2020-10-29,2020102904004205,GIC,35,3,10,561.00,"5,610.00"
2020-10-29,2020102904004204,GIC,35,22,10,561.00,"5,610.00"
2020-10-29,2020102904004203,GIC,35,14,10,561.00,"5,610.00"
2020-10-29,2020102904004202,GIC,35,49,10,561.00,"5,610.00"
2020-10-29,2020102904004201,GIC,35,1,10,561.00,"5,610.00"
2020-10-29,2020102904004199,GIC,35,46,10,561.00,"5,610.00"
2020-10-29,2020102904004212,GIC,35,32,10,561.00,"5,610.00"
2020-10-29,2020102904004211,GIC,35,50,10,561.00,"5,610.00"
2020-10-29,2020102904004209,GIC,35,40,10,561.00,"5,610.00"
2020-10-29,2020102904004208,GIC,6,18,10,562.00,"5,620.00"
2020-10-29,2020102904004207,GIC,6,18,10,562.00,"5,620.00"
2020-10-29,2020102904004206,GIC,6,53,10,562.00,"5,620.00"
2020-10-29,2020102904004220,GIC,56,22,10,561.00,"5,610.00"
2020-10-29,2020102904004219,GIC,56,5,10,561.00,"5,610.00"
2020-10-29,2020102904004218,GIC,56,56,10,561.00,"5,610.00"
2020-10-29,2020102904004217,GIC,56,39,10,561.00,"5,610.00"
2020-10-29,2020102904004216,GIC,56,50,10,561.00,"5,610.00"
2020-10-29,2020102904004213,GIC,35,34,10,561.00,"5,610.00"
2020-10-29,2020102904004227,GIC,20,40,10,561.00,"5,610.00"
2020-10-29,2020102904004226,GIC,20,37,10,561.00,"5,610.00"
2020-10-29,2020102904004225,GIC,20,6,10,561.00,"5,610.00"
2020-10-29,2020102904004224,GIC,20,56,10,561.00,"5,610.00"
2020-10-29,2020102904004222,GIC,20,40,10,561.00,"5,610.00"
2020-10-29,2020102904004221,GIC,20,38,10,561.00,"5,610.00"
2020-10-29,2020102904004234,GIC,51,22,10,561.00,"5,610.00"
2020-10-29,2020102904004233,GIC,51,37,10,561.00,"5,610.00"
2020-10-29,2020102904004232,GIC,20,40,10,561.00,"5,610.00"
2020-10-29,2020102904004231,GIC,20,37,10,561.00,"5,610.00"
2020-10-29,2020102904004230,GIC,20,56,10,561.00,"5,610.00"
2020-10-29,2020102904004229,GIC,20,59,10,561.00,"5,610.00"
2020-10-29,2020102904004242,GIC,29,40,10,561.00,"5,610.00"
2020-10-29,2020102904004241,GIC,29,37,10,561.00,"5,610.00"
2020-10-29,2020102904004239,GIC,58,49,10,561.00,"5,610.00"
2020-10-29,2020102904004238,GIC,51,37,10,561.00,"5,610.00"
2020-10-29,2020102904004237,GIC,51,57,10,561.00,"5,610.00"
2020-10-29,2020102904004235,GIC,51,40,10,561.00,"5,610.00"
2020-10-29,2020102904004249,GIC,29,37,10,561.00,"5,610.00"
2020-10-29,2020102904004248,GIC,29,40,10,561.00,"5,610.00"
2020-10-29,2020102904004247,GIC,29,10,10,561.00,"5,610.00"
2020-10-29,2020102904004246,GIC,29,37,10,561.00,"5,610.00"
2020-10-29,2020102904004245,GIC,29,40,10,561.00,"5,610.00"
2020-10-29,2020102904004244,GIC,29,40,10,561.00,"5,610.00"
2020-10-29,2020102904004256,GIC,45,37,10,561.00,"5,610.00"
2020-10-29,2020102904004254,GIC,19,40,10,561.00,"5,610.00"
2020-10-29,2020102904004253,GIC,19,37,10,561.00,"5,610.00"
2020-10-29,2020102904004252,GIC,58,7,10,561.00,"5,610.00"
2020-10-29,2020102904004251,GIC,29,21,10,561.00,"5,610.00"
2020-10-29,2020102904004250,GIC,29,48,10,561.00,"5,610.00"
2020-10-29,2020102904004263,GIC,54,10,10,560.00,"5,600.00"
2020-10-29,2020102904004262,GIC,54,58,10,560.00,"5,600.00"
2020-10-29,2020102904004261,GIC,54,59,10,560.00,"5,600.00"
2020-10-29,2020102904004260,GIC,1,37,10,560.00,"5,600.00"
2020-10-29,2020102904004258,GIC,1,37,10,560.00,"5,600.00"
2020-10-29,2020102904004257,GIC,45,40,10,561.00,"5,610.00"
2020-10-29,2020102904004270,GIC,45,22,10,561.00,"5,610.00"
2020-10-29,2020102904004269,GIC,25,37,10,560.00,"5,600.00"
2020-10-29,2020102904004268,GIC,25,58,10,560.00,"5,600.00"
2020-10-29,2020102904004267,GIC,35,26,10,560.00,"5,600.00"
2020-10-29,2020102904004265,GIC,54,10,10,560.00,"5,600.00"
2020-10-29,2020102904004264,GIC,54,37,10,560.00,"5,600.00"
2020-10-29,2020102904004278,GIC,25,26,10,560.00,"5,600.00"
2020-10-29,2020102904004277,GIC,25,37,10,560.00,"5,600.00"
2020-10-29,2020102904004276,GIC,25,33,10,560.00,"5,600.00"
2020-10-29,2020102904004274,GIC,25,37,10,560.00,"5,600.00"
2020-10-29,2020102904004273,GIC,25,26,10,560.00,"5,600.00"
2020-10-29,2020102904004272,GIC,25,37,10,560.00,"5,600.00"
2020-10-29,2020102904004285,GIC,56,33,10,560.00,"5,600.00"
2020-10-29,2020102904004284,GIC,56,40,10,560.00,"5,600.00"
2020-10-29,2020102904004283,GIC,56,56,10,560.00,"5,600.00"
2020-10-29,2020102904004282,GIC,56,58,10,560.00,"5,600.00"
2020-10-29,2020102904004280,GIC,25,33,10,560.00,"5,600.00"
2020-10-29,2020102904004279,GIC,25,37,10,560.00,"5,600.00"
2020-10-29,2020102904004292,GIC,45,4,10,561.00,"5,610.00"
2020-10-29,2020102904004291,GIC,45,6,10,561.00,"5,610.00"
2020-10-29,2020102904004290,GIC,45,33,10,561.00,"5,610.00"
2020-10-29,2020102904004288,GIC,56,57,10,560.00,"5,600.00"
2020-10-29,2020102904004287,GIC,56,56,10,560.00,"5,600.00"
2020-10-29,2020102904004286,GIC,56,41,10,560.00,"5,600.00"
2020-10-29,2020102904004298,GIC,56,40,10,560.00,"5,600.00"
2020-10-29,2020102904004297,GIC,56,25,10,560.00,"5,600.00"
2020-10-29,2020102904004296,GIC,56,13,10,560.00,"5,600.00"
2020-10-29,2020102904004295,GIC,45,6,10,561.00,"5,610.00"
2020-10-29,2020102904004294,GIC,45,7,10,561.00,"5,610.00"
2020-10-29,2020102904004293,GIC,45,58,10,561.00,"5,610.00"
2020-10-29,2020102904004308,GIC,4,57,10,560.00,"5,600.00"
2020-10-29,2020102904004307,GIC,4,37,10,560.00,"5,600.00"
2020-10-29,2020102904004306,GIC,4,35,10,560.00,"5,600.00"
2020-10-29,2020102904004301,GIC,4,37,10,560.00,"5,600.00"
2020-10-29,2020102904004300,GIC,19,57,10,561.00,"5,610.00"
2020-10-29,2020102904004299,GIC,19,6,10,561.00,"5,610.00"
2020-10-29,2020102904004314,GIC,4,37,10,560.00,"5,600.00"
2020-10-29,2020102904004313,GIC,4,40,10,560.00,"5,600.00"
2020-10-29,2020102904004312,GIC,4,40,10,560.00,"5,600.00"
2020-10-29,2020102904004311,GIC,4,54,10,560.00,"5,600.00"
2020-10-29,2020102904004310,GIC,4,37,10,560.00,"5,600.00"
2020-10-29,2020102904004309,GIC,4,40,10,560.00,"5,600.00"
2020-10-29,2020102904004321,GIC,55,14,10,560.00,"5,600.00"
2020-10-29,2020102904004320,GIC,55,37,10,560.00,"5,600.00"
2020-10-29,2020102904004319,GIC,4,40,10,560.00,"5,600.00"
2020-10-29,2020102904004317,GIC,4,49,10,560.00,"5,600.00"
2020-10-29,2020102904004316,GIC,4,44,10,560.00,"5,600.00"
2020-10-29,2020102904004315,GIC,4,57,10,560.00,"5,600.00"
2020-10-29,2020102904004327,GIC,28,37,10,561.00,"5,610.00"
2020-10-29,2020102904004326,GIC,28,51,10,561.00,"5,610.00"
2020-10-29,2020102904004325,GIC,28,40,10,561.00,"5,610.00"
2020-10-29,2020102904004324,GIC,28,37,10,561.00,"5,610.00"
2020-10-29,2020102904004323,GIC,28,54,10,561.00,"5,610.00"
2020-10-29,2020102904004322,GIC,55,37,10,560.00,"5,600.00"
2020-10-29,2020102904004337,GIC,20,37,10,561.00,"5,610.00"
2020-10-29,2020102904004336,GIC,28,1,10,561.00,"5,610.00"
2020-10-29,2020102904004335,GIC,28,37,10,561.00,"5,610.00"
2020-10-29,2020102904004334,GIC,28,17,10,561.00,"5,610.00"
2020-10-29,2020102904004329,GIC,28,40,10,561.00,"5,610.00"
2020-10-29,2020102904004328,GIC,28,52,10,561.00,"5,610.00"
2020-10-29,2020102904004344,GIC,20,58,10,561.00,"5,610.00"
2020-10-29,2020102904004343,GIC,20,43,10,561.00,"5,610.00"
2020-10-29,2020102904004342,GIC,20,37,10,561.00,"5,610.00"
2020-10-29,2020102904004341,GIC,20,52,10,561.00,"5,610.00"
2020-10-29,2020102904004340,GIC,20,21,10,561.00,"5,610.00"
2020-10-29,2020102904004339,GIC,20,40,10,561.00,"5,610.00"
2020-10-29,2020102904004350,GIC,55,37,10,560.00,"5,600.00"
2020-10-29,2020102904004349,GIC,55,57,10,560.00,"5,600.00"
2020-10-29,2020102904004348,GIC,55,56,10,560.00,"5,600.00"
2020-10-29,2020102904004347,GIC,20,37,10,561.00,"5,610.00"
2020-10-29,2020102904004346,GIC,20,5,10,561.00,"5,610.00"
2020-10-29,2020102904004345,GIC,20,21,10,561.00,"5,610.00"
2020-10-29,2020102904004357,GIC,36,41,10,560.00,"5,600.00"
2020-10-29,2020102904004356,GIC,36,36,10,560.00,"5,600.00"
2020-10-29,2020102904004355,GIC,55,45,10,560.00,"5,600.00"
2020-10-29,2020102904004354,GIC,55,37,10,560.00,"5,600.00"
2020-10-29,2020102904004352,GIC,55,46,10,560.00,"5,600.00"
2020-10-29,2020102904004351,GIC,55,52,10,560.00,"5,600.00"
2020-10-29,2020102904004363,GIC,36,6,10,560.00,"5,600.00"
2020-10-29,2020102904004362,GIC,36,46,10,560.00,"5,600.00"
2020-10-29,2020102904004361,GIC,36,43,10,560.00,"5,600.00"
2020-10-29,2020102904004360,GIC,36,4,10,560.00,"5,600.00"
2020-10-29,2020102904004359,GIC,36,46,10,560.00,"5,600.00"
2020-10-29,2020102904004358,GIC,36,40,10,560.00,"5,600.00"
2020-10-29,2020102904004369,GIC,36,46,10,560.00,"5,600.00"
2020-10-29,2020102904004368,GIC,36,4,10,560.00,"5,600.00"
2020-10-29,2020102904004367,GIC,36,29,10,560.00,"5,600.00"
2020-10-29,2020102904004366,GIC,36,45,10,560.00,"5,600.00"
2020-10-29,2020102904004365,GIC,36,46,10,560.00,"5,600.00"
2020-10-29,2020102904004364,GIC,36,46,10,560.00,"5,600.00"
2020-10-29,2020102904004375,GIC,25,58,10,561.00,"5,610.00"
2020-10-29,2020102904004374,GIC,25,38,10,561.00,"5,610.00"
2020-10-29,2020102904004373,GIC,25,35,10,561.00,"5,610.00"
2020-10-29,2020102904004372,GIC,25,40,10,561.00,"5,610.00"
2020-10-29,2020102904004371,GIC,25,46,10,561.00,"5,610.00"
2020-10-29,2020102904004370,GIC,25,48,10,561.00,"5,610.00"
2020-10-29,2020102904004382,GIC,36,45,10,560.00,"5,600.00"
2020-10-29,2020102904004381,GIC,36,58,10,560.00,"5,600.00"
2020-10-29,2020102904004380,GIC,36,22,10,560.00,"5,600.00"
2020-10-29,2020102904004378,GIC,25,6,10,561.00,"5,610.00"
2020-10-29,2020102904004377,GIC,25,20,10,561.00,"5,610.00"
2020-10-29,2020102904004376,GIC,25,49,10,561.00,"5,610.00"
2020-10-29,2020102904004389,GIC,36,48,10,560.00,"5,600.00"
2020-10-29,2020102904004388,GIC,36,46,10,560.00,"5,600.00"
2020-10-29,2020102904004387,GIC,36,17,10,560.00,"5,600.00"
2020-10-29,2020102904004386,GIC,36,49,10,560.00,"5,600.00"
2020-10-29,2020102904004385,GIC,36,29,10,560.00,"5,600.00"
2020-10-29,2020102904004384,GIC,36,46,10,560.00,"5,600.00"
2020-10-29,2020102904004395,GIC,36,52,10,560.00,"5,600.00"
2020-10-29,2020102904004394,GIC,36,49,10,560.00,"5,600.00"
2020-10-29,2020102904004393,GIC,36,48,10,560.00,"5,600.00"
2020-10-29,2020102904004392,GIC,36,51,10,560.00,"5,600.00"
2020-10-29,2020102904004391,GIC,36,29,10,560.00,"5,600.00"
2020-10-29,2020102904004390,GIC,36,45,10,560.00,"5,600.00"
2020-10-29,2020102904004401,GIC,45,56,10,561.00,"5,610.00"
2020-10-29,2020102904004400,GIC,45,58,10,561.00,"5,610.00"
2020-10-29,2020102904004399,GIC,36,48,10,560.00,"5,600.00"
2020-10-29,2020102904004398,GIC,36,54,10,560.00,"5,600.00"
2020-10-29,2020102904004397,GIC,36,49,10,560.00,"5,600.00"
2020-10-29,2020102904004396,GIC,36,48,10,560.00,"5,600.00"
2020-10-29,2020102904004407,GIC,36,56,10,560.00,"5,600.00"
2020-10-29,2020102904004406,GIC,36,48,10,560.00,"5,600.00"
2020-10-29,2020102904004405,GIC,36,39,10,560.00,"5,600.00"
2020-10-29,2020102904004404,GIC,36,49,10,560.00,"5,600.00"
2020-10-29,2020102904004403,GIC,36,58,10,560.00,"5,600.00"
2020-10-29,2020102904004402,GIC,36,29,10,560.00,"5,600.00"
2020-10-29,2020102904004413,GIC,36,22,10,560.00,"5,600.00"
2020-10-29,2020102904004412,GIC,36,56,10,560.00,"5,600.00"
2020-10-29,2020102904004411,GIC,36,49,10,560.00,"5,600.00"
2020-10-29,2020102904004410,GIC,36,26,10,560.00,"5,600.00"
2020-10-29,2020102904004409,GIC,36,37,10,560.00,"5,600.00"
2020-10-29,2020102904004408,GIC,36,45,10,560.00,"5,600.00"
2020-10-29,2020102904004419,GIC,28,5,10,560.00,"5,600.00"
2020-10-29,2020102904004418,GIC,36,56,10,560.00,"5,600.00"
2020-10-29,2020102904004417,GIC,36,49,10,560.00,"5,600.00"
2020-10-29,2020102904004416,GIC,36,56,10,560.00,"5,600.00"
2020-10-29,2020102904004415,GIC,36,46,10,560.00,"5,600.00"
2020-10-29,2020102904004414,GIC,36,51,10,560.00,"5,600.00"
2020-10-29,2020102904004425,GIC,45,47,10,561.00,"5,610.00"
2020-10-29,2020102904004424,GIC,45,58,10,561.00,"5,610.00"
2020-10-29,2020102904004423,GIC,36,21,10,560.00,"5,600.00"
2020-10-29,2020102904004422,GIC,36,51,10,560.00,"5,600.00"
2020-10-29,2020102904004421,GIC,36,56,10,560.00,"5,600.00"
2020-10-29,2020102904004420,GIC,36,21,10,560.00,"5,600.00"
2020-10-29,2020102904004431,GIC,36,56,10,560.00,"5,600.00"
2020-10-29,2020102904004430,GIC,36,57,10,560.00,"5,600.00"
2020-10-29,2020102904004429,GIC,36,56,10,560.00,"5,600.00"
2020-10-29,2020102904004428,GIC,36,46,10,560.00,"5,600.00"
2020-10-29,2020102904004427,GIC,36,17,10,560.00,"5,600.00"
2020-10-29,2020102904004426,GIC,45,34,10,561.00,"5,610.00"
2020-10-29,2020102904004039,GIMES1,45,56,"5,000",9.90,"49,500.00"
2020-10-29,2020102904004038,GIMES1,45,56,"5,000",9.90,"49,500.00"
2020-10-29,2020102904004383,LUK,48,6,100,9.00,900.00
2020-10-29,2020102904004379,LUK,48,6,100,9.00,900.00
2020-10-29,2020102904004305,LUK,38,58,500,9.15,"4,575.00"
2020-10-29,2020102904004304,LUK,38,44,500,9.15,"4,575.00"
2020-10-29,2020102904004303,LUK,38,43,200,9.14,"1,828.00"
2020-10-29,2020102904004302,LUK,38,56,"1,000",9.14,"9,140.00"
2020-10-29,2020102904004236,LUK,48,32,100,9.00,900.00
2020-10-29,2020102904004046,MNBBLP,10,44,"85,962",185.00,"15,902,970.00"
2020-10-29,2020102904004031,MNBBLP,10,44,"55,000",185.00,"10,175,000.00"
2020-10-29,2020102904004018,MNBBLP,10,44,"5,000",185.00,"925,000.00"
2020-10-29,2020102904004255,NBF2,46,45,"1,500",9.44,"14,160.00"
2020-10-29,2020102904004223,NBF2,46,22,"2,000",9.45,"18,900.00"
2020-10-29,2020102904004200,NBF2,46,22,"2,000",9.45,"18,900.00"
2020-10-29,2020102904004041,NBF2,34,34,500,9.35,"4,675.00"
2020-10-29,2020102904004035,NEF,38,34,966,9.25,"8,935.50"
2020-10-29,2020102904003952,NIBLPF,35,7,"1,010",9.50,"9,595.00"
2020-10-29,2020102904004439,NIBPO,35,32,310,392.00,"121,520.00"
2020-10-29,2020102904004438,NIBPO,35,25,635,390.00,"247,650.00"
2020-10-29,2020102904004437,NIBPO,35,58,255,389.00,"99,195.00"
2020-10-29,2020102904004436,NIBPO,35,58,"1,468",388.00,"569,584.00"
2020-10-29,2020102904004318,NIBPO,47,58,20,388.00,"7,760.00"
2020-10-29,2020102904004289,NIBPO,47,58,18,388.00,"6,984.00"
2020-10-29,2020102904003958,NIBPO,47,58,50,388.00,"19,400.00"
2020-10-29,2020102904004023,NIBPO,47,58,20,389.00,"7,780.00"
2020-10-29,2020102904004017,NIBPO,47,58,70,389.00,"27,230.00"
2020-10-29,2020102904004011,NIBPO,47,58,100,389.00,"38,900.00"
2020-10-29,2020102904003977,NIBPO,47,58,48,388.00,"18,624.00"
2020-10-29,2020102904003973,NIBPO,47,58,130,388.00,"50,440.00"
2020-10-29,2020102904003963,NIBPO,47,58,30,388.00,"11,640.00"
2020-10-29,2020102904004104,NIBPO,47,58,40,388.00,"15,520.00"
2020-10-29,2020102904004095,NIBPO,47,58,30,389.00,"11,670.00"
2020-10-29,2020102904004089,NIBPO,47,58,25,389.00,"9,725.00"
2020-10-29,2020102904004072,NIBPO,47,58,20,389.00,"7,780.00"
2020-10-29,2020102904004061,NIBPO,47,58,30,389.00,"11,670.00"
2020-10-29,2020102904004058,NIBPO,47,58,50,389.00,"19,450.00"
2020-10-29,2020102904004178,NIBPO,47,49,90,386.00,"34,740.00"
2020-10-29,2020102904004177,NIBPO,47,49,100,386.00,"38,600.00"
2020-10-29,2020102904004176,NIBPO,47,49,82,386.00,"31,652.00"
2020-10-29,2020102904004175,NIBPO,47,58,40,388.00,"15,520.00"
2020-10-29,2020102904004170,NIBPO,47,58,25,388.00,"9,700.00"
2020-10-29,2020102904004105,NIBPO,47,58,25,388.00,"9,700.00"
2020-10-29,2020102904004184,NIBPO,47,49,50,386.00,"19,300.00"
2020-10-29,2020102904004183,NIBPO,19,49,35,386.00,"13,510.00"
2020-10-29,2020102904004182,NIBPO,47,49,150,386.00,"57,900.00"
2020-10-29,2020102904004181,NIBPO,47,49,50,386.00,"19,300.00"
2020-10-29,2020102904004180,NIBPO,47,49,100,386.00,"38,600.00"
2020-10-29,2020102904004179,NIBPO,47,49,65,386.00,"25,090.00"
2020-10-29,2020102904004228,NIBPO,47,58,16,388.00,"6,208.00"
2020-10-29,2020102904004215,NIBPO,47,58,24,388.00,"9,312.00"
2020-10-29,2020102904004197,NIBPO,47,58,55,388.00,"21,340.00"
2020-10-29,2020102904004190,NIBPO,47,58,31,388.00,"12,028.00"
2020-10-29,2020102904004186,NIBPO,47,58,26,388.00,"10,088.00"
2020-10-29,2020102904004185,NIBPO,13,49,350,386.00,"135,100.00"
2020-10-29,2020102904004281,NIBPO,47,58,25,388.00,"9,700.00"
2020-10-29,2020102904004275,NIBPO,47,58,50,388.00,"19,400.00"
2020-10-29,2020102904004266,NIBPO,47,58,50,388.00,"19,400.00"
2020-10-29,2020102904004259,NIBPO,47,58,37,388.00,"14,356.00"
2020-10-29,2020102904004243,NIBPO,47,58,50,388.00,"19,400.00"
2020-10-29,2020102904004240,NIBPO,13,56,100,386.00,"38,600.00"
2020-10-29,2020102904004271,NICBF,48,45,500,9.31,"4,655.00"
2020-10-29,2020102904004026,NICGF,17,34,"1,000",9.70,"9,700.00"
2020-10-29,2020102904004171,NMB50,32,34,100,9.05,905.00
2020-10-29,2020102904004153,RBCLPO,38,59,50,"10,950.00","547,500.00"
2020-10-29,2020102904004139,RBCLPO,38,4,50,"10,950.00","547,500.00"
2020-10-29,2020102904003981,RBCLPO,6,4,10,"10,900.00","109,000.00"
2020-10-29,2020102904003966,RBCLPO,38,4,50,"10,907.00","545,350.00"
2020-10-29,2020102904003965,RBCLPO,6,4,30,"10,911.00","327,330.00"
2020-10-29,2020102904003964,RBCLPO,3,4,50,"10,917.00","545,850.00"
2020-10-29,2020102904004353,SEF,51,25,"6,200",9.45,"58,590.00"
2020-10-29,2020102904004338,SEF,51,6,"2,000",9.45,"18,900.00"
2020-10-29,2020102904004333,SEF,51,6,"1,800",9.45,"17,010.00"
2020-10-29,2020102904004332,SEF,28,6,"1,000",9.50,"9,500.00"
2020-10-29,2020102904004331,SEF,28,6,"1,000",9.50,"9,500.00"
2020-10-29,2020102904004330,SEF,14,6,200,9.55,"1,910.00"
2020-10-29,2020102904004214,SEF,22,52,"10,000",9.56,"95,600.00"
2020-10-29,2020102904004196,SEF,19,52,"10,000",9.57,"95,700.00"
2020-10-29,2020102904004189,SEF,58,52,"3,000",9.58,"28,740.00"
2020-10-29,2020102904003945,STC,59,34,100,"3,640.00","364,000.00"
2020-10-29,2020102904003941,BBC,33,11,10,"1,720.00","17,200.00"
2020-10-29,2020102904003747,BBC,45,38,10,"1,710.00","17,100.00"
2020-10-29,2020102904003746,BBC,45,46,20,"1,709.00","34,180.00"
2020-10-29,2020102904003773,CMF1,50,42,"1,200",9.70,"11,640.00"
2020-10-29,2020102904003761,CMF1,50,42,"1,300",9.70,"12,610.00"
2020-10-29,2020102904003760,CMF1,50,1,100,9.70,970.00
2020-10-29,2020102904003759,CMF1,50,1,100,9.70,970.00
2020-10-29,2020102904003523,CMF1,43,50,200,9.89,"1,978.00"
2020-10-29,2020102904003940,GIC,29,16,10,561.00,"5,610.00"
2020-10-29,2020102904003939,GIC,29,36,10,561.00,"5,610.00"
2020-10-29,2020102904003938,GIC,29,28,10,561.00,"5,610.00"
2020-10-29,2020102904003936,GIC,29,43,10,561.00,"5,610.00"
2020-10-29,2020102904003935,GIC,29,28,10,561.00,"5,610.00"
2020-10-29,2020102904003934,GIC,29,6,10,561.00,"5,610.00"
2020-10-29,2020102904003444,GIC,34,47,10,562.00,"5,620.00"
2020-10-29,2020102904003443,GIC,34,29,10,562.00,"5,620.00"
2020-10-29,2020102904003442,GIC,34,6,10,562.00,"5,620.00"
2020-10-29,2020102904003450,GIC,34,46,10,562.00,"5,620.00"
2020-10-29,2020102904003449,GIC,34,47,10,562.00,"5,620.00"
2020-10-29,2020102904003448,GIC,34,18,10,562.00,"5,620.00"
2020-10-29,2020102904003447,GIC,34,29,10,562.00,"5,620.00"
2020-10-29,2020102904003446,GIC,34,8,10,562.00,"5,620.00"
2020-10-29,2020102904003445,GIC,34,8,10,562.00,"5,620.00"
2020-10-29,2020102904003457,GIC,6,17,10,562.00,"5,620.00"
2020-10-29,2020102904003456,GIC,6,48,10,562.00,"5,620.00"
2020-10-29,2020102904003454,GIC,6,46,10,562.00,"5,620.00"
2020-10-29,2020102904003453,GIC,6,48,10,562.00,"5,620.00"
2020-10-29,2020102904003452,GIC,6,54,10,562.00,"5,620.00"
2020-10-29,2020102904003451,GIC,34,42,10,562.00,"5,620.00"
2020-10-29,2020102904003463,GIC,6,42,10,562.00,"5,620.00"
2020-10-29,2020102904003462,GIC,6,3,10,562.00,"5,620.00"
2020-10-29,2020102904003461,GIC,6,19,10,562.00,"5,620.00"
2020-10-29,2020102904003460,GIC,6,42,10,562.00,"5,620.00"
2020-10-29,2020102904003459,GIC,6,3,10,562.00,"5,620.00"
2020-10-29,2020102904003458,GIC,6,36,10,562.00,"5,620.00"
2020-10-29,2020102904003478,GIC,42,42,10,562.00,"5,620.00"
2020-10-29,2020102904003476,GIC,42,4,10,562.00,"5,620.00"
2020-10-29,2020102904003475,GIC,6,38,10,562.00,"5,620.00"
2020-10-29,2020102904003474,GIC,6,41,10,562.00,"5,620.00"
2020-10-29,2020102904003467,GIC,6,19,10,562.00,"5,620.00"
2020-10-29,2020102904003464,GIC,6,52,10,562.00,"5,620.00"
2020-10-29,2020102904003485,GIC,56,22,10,563.00,"5,630.00"
2020-10-29,2020102904003483,GIC,42,35,10,562.00,"5,620.00"
2020-10-29,2020102904003482,GIC,42,49,10,562.00,"5,620.00"
2020-10-29,2020102904003481,GIC,38,46,10,563.00,"5,630.00"
2020-10-29,2020102904003480,GIC,38,32,10,563.00,"5,630.00"
2020-10-29,2020102904003479,GIC,38,16,10,563.00,"5,630.00"
2020-10-29,2020102904003491,GIC,56,46,10,564.00,"5,640.00"
2020-10-29,2020102904003490,GIC,56,55,10,564.00,"5,640.00"
2020-10-29,2020102904003489,GIC,56,55,10,564.00,"5,640.00"
2020-10-29,2020102904003488,GIC,56,56,10,564.00,"5,640.00"
2020-10-29,2020102904003487,GIC,56,39,10,564.00,"5,640.00"
2020-10-29,2020102904003486,GIC,56,32,10,564.00,"5,640.00"
2020-10-29,2020102904003497,GIC,1,16,10,563.00,"5,630.00"
2020-10-29,2020102904003496,GIC,42,14,10,562.00,"5,620.00"
2020-10-29,2020102904003495,GIC,42,45,10,562.00,"5,620.00"
2020-10-29,2020102904003494,GIC,56,42,10,564.00,"5,640.00"
2020-10-29,2020102904003493,GIC,56,40,10,564.00,"5,640.00"
2020-10-29,2020102904003492,GIC,56,22,10,564.00,"5,640.00"
2020-10-29,2020102904003512,GIC,1,59,10,562.00,"5,620.00"
2020-10-29,2020102904003511,GIC,42,49,10,562.00,"5,620.00"
2020-10-29,2020102904003502,GIC,42,49,10,562.00,"5,620.00"
2020-10-29,2020102904003501,GIC,42,46,10,562.00,"5,620.00"
2020-10-29,2020102904003499,GIC,42,25,10,562.00,"5,620.00"
2020-10-29,2020102904003498,GIC,1,55,10,563.00,"5,630.00"
2020-10-29,2020102904003518,GIC,1,49,10,562.00,"5,620.00"
2020-10-29,2020102904003517,GIC,1,21,10,562.00,"5,620.00"
2020-10-29,2020102904003516,GIC,1,35,10,562.00,"5,620.00"
2020-10-29,2020102904003515,GIC,1,34,10,562.00,"5,620.00"
2020-10-29,2020102904003514,GIC,1,49,10,562.00,"5,620.00"
2020-10-29,2020102904003513,GIC,1,10,10,562.00,"5,620.00"
2020-10-29,2020102904003526,GIC,1,20,10,562.00,"5,620.00"
2020-10-29,2020102904003525,GIC,1,49,10,562.00,"5,620.00"
2020-10-29,2020102904003522,GIC,1,42,10,562.00,"5,620.00"
2020-10-29,2020102904003521,GIC,1,59,10,562.00,"5,620.00"
2020-10-29,2020102904003520,GIC,1,44,10,562.00,"5,620.00"
2020-10-29,2020102904003519,GIC,1,49,10,562.00,"5,620.00"
2020-10-29,2020102904003532,GIC,1,1,10,562.00,"5,620.00"
2020-10-29,2020102904003531,GIC,35,40,10,564.00,"5,640.00"
2020-10-29,2020102904003530,GIC,38,19,10,563.00,"5,630.00"
2020-10-29,2020102904003529,GIC,38,8,10,563.00,"5,630.00"
2020-10-29,2020102904003528,GIC,38,42,10,563.00,"5,630.00"
2020-10-29,2020102904003527,GIC,38,16,10,563.00,"5,630.00"
2020-10-29,2020102904003538,GIC,1,34,10,562.00,"5,620.00"
2020-10-29,2020102904003537,GIC,1,47,10,562.00,"5,620.00"
2020-10-29,2020102904003536,GIC,1,3,10,562.00,"5,620.00"
2020-10-29,2020102904003535,GIC,1,49,10,562.00,"5,620.00"
2020-10-29,2020102904003534,GIC,1,42,10,562.00,"5,620.00"
2020-10-29,2020102904003533,GIC,1,6,10,562.00,"5,620.00"
2020-10-29,2020102904003546,GIC,1,42,10,562.00,"5,620.00"
2020-10-29,2020102904003545,GIC,1,42,10,562.00,"5,620.00"
2020-10-29,2020102904003543,GIC,1,42,10,562.00,"5,620.00"
2020-10-29,2020102904003541,GIC,1,42,10,562.00,"5,620.00"
2020-10-29,2020102904003540,GIC,1,49,10,562.00,"5,620.00"
2020-10-29,2020102904003539,GIC,1,42,10,562.00,"5,620.00"
2020-10-29,2020102904003552,GIC,46,48,10,564.00,"5,640.00"
2020-10-29,2020102904003551,GIC,46,21,10,564.00,"5,640.00"
2020-10-29,2020102904003550,GIC,44,58,10,562.00,"5,620.00"
2020-10-29,2020102904003549,GIC,44,38,10,562.00,"5,620.00"
2020-10-29,2020102904003548,GIC,44,1,10,562.00,"5,620.00"
2020-10-29,2020102904003547,GIC,44,16,10,562.00,"5,620.00"
2020-10-29,2020102904003558,GIC,44,58,10,562.00,"5,620.00"
2020-10-29,2020102904003557,GIC,44,42,10,562.00,"5,620.00"
2020-10-29,2020102904003556,GIC,44,16,10,562.00,"5,620.00"
2020-10-29,2020102904003555,GIC,44,42,10,562.00,"5,620.00"
2020-10-29,2020102904003554,GIC,44,47,10,562.00,"5,620.00"
2020-10-29,2020102904003553,GIC,44,16,10,562.00,"5,620.00"
2020-10-29,2020102904003565,GIC,44,29,10,562.00,"5,620.00"
2020-10-29,2020102904003564,GIC,44,16,10,562.00,"5,620.00"
2020-10-29,2020102904003563,GIC,44,58,10,562.00,"5,620.00"
2020-10-29,2020102904003562,GIC,44,16,10,562.00,"5,620.00"
2020-10-29,2020102904003561,GIC,44,49,10,562.00,"5,620.00"
2020-10-29,2020102904003559,GIC,44,16,10,562.00,"5,620.00"
2020-10-29,2020102904003571,GIC,44,17,10,562.00,"5,620.00"
2020-10-29,2020102904003570,GIC,44,21,10,562.00,"5,620.00"
2020-10-29,2020102904003569,GIC,44,58,10,562.00,"5,620.00"
2020-10-29,2020102904003568,GIC,44,49,10,562.00,"5,620.00"
2020-10-29,2020102904003567,GIC,44,51,10,562.00,"5,620.00"
2020-10-29,2020102904003566,GIC,44,51,10,562.00,"5,620.00"
2020-10-29,2020102904003577,GIC,44,17,10,562.00,"5,620.00"
2020-10-29,2020102904003576,GIC,44,29,10,562.00,"5,620.00"
2020-10-29,2020102904003575,GIC,44,38,10,562.00,"5,620.00"
2020-10-29,2020102904003574,GIC,44,52,10,562.00,"5,620.00"
2020-10-29,2020102904003573,GIC,44,50,10,562.00,"5,620.00"
2020-10-29,2020102904003572,GIC,44,10,10,562.00,"5,620.00"
2020-10-29,2020102904003583,GIC,44,51,10,562.00,"5,620.00"
2020-10-29,2020102904003582,GIC,44,49,10,562.00,"5,620.00"
2020-10-29,2020102904003581,GIC,44,11,10,562.00,"5,620.00"
2020-10-29,2020102904003580,GIC,44,17,10,562.00,"5,620.00"
2020-10-29,2020102904003579,GIC,44,32,10,562.00,"5,620.00"
2020-10-29,2020102904003578,GIC,44,58,10,562.00,"5,620.00"
2020-10-29,2020102904003589,GIC,44,29,10,562.00,"5,620.00"
2020-10-29,2020102904003588,GIC,44,43,10,562.00,"5,620.00"
2020-10-29,2020102904003587,GIC,44,49,10,562.00,"5,620.00"
2020-10-29,2020102904003586,GIC,44,51,10,562.00,"5,620.00"
2020-10-29,2020102904003585,GIC,44,50,10,562.00,"5,620.00"
2020-10-29,2020102904003584,GIC,44,58,10,562.00,"5,620.00"
2020-10-29,2020102904003596,GIC,44,11,10,562.00,"5,620.00"
2020-10-29,2020102904003595,GIC,44,3,10,562.00,"5,620.00"
2020-10-29,2020102904003594,GIC,44,3,10,562.00,"5,620.00"
2020-10-29,2020102904003593,GIC,44,43,10,562.00,"5,620.00"
2020-10-29,2020102904003591,GIC,44,43,10,562.00,"5,620.00"
2020-10-29,2020102904003590,GIC,42,38,10,563.00,"5,630.00"
2020-10-29,2020102904003602,GIC,54,42,10,563.00,"5,630.00"
2020-10-29,2020102904003601,GIC,54,43,10,563.00,"5,630.00"
2020-10-29,2020102904003600,GIC,54,29,10,563.00,"5,630.00"
2020-10-29,2020102904003599,GIC,54,3,10,563.00,"5,630.00"
2020-10-29,2020102904003598,GIC,54,49,10,563.00,"5,630.00"
2020-10-29,2020102904003597,GIC,44,5,10,562.00,"5,620.00"
2020-10-29,2020102904003608,GIC,59,14,10,562.00,"5,620.00"
2020-10-29,2020102904003607,GIC,59,44,10,562.00,"5,620.00"
2020-10-29,2020102904003606,GIC,45,35,10,564.00,"5,640.00"
2020-10-29,2020102904003605,GIC,59,43,10,562.00,"5,620.00"
2020-10-29,2020102904003604,GIC,44,49,10,562.00,"5,620.00"
2020-10-29,2020102904003603,GIC,45,41,10,564.00,"5,640.00"
2020-10-29,2020102904003614,GIC,59,58,10,562.00,"5,620.00"
2020-10-29,2020102904003613,GIC,59,43,10,562.00,"5,620.00"
2020-10-29,2020102904003612,GIC,59,51,10,562.00,"5,620.00"
2020-10-29,2020102904003611,GIC,59,49,10,562.00,"5,620.00"
2020-10-29,2020102904003610,GIC,59,34,10,562.00,"5,620.00"
2020-10-29,2020102904003609,GIC,59,43,10,562.00,"5,620.00"
2020-10-29,2020102904003622,GIC,45,34,10,563.00,"5,630.00"
2020-10-29,2020102904003621,GIC,59,21,10,562.00,"5,620.00"
2020-10-29,2020102904003620,GIC,59,54,10,562.00,"5,620.00"
2020-10-29,2020102904003619,GIC,59,41,10,562.00,"5,620.00"
2020-10-29,2020102904003616,GIC,59,29,10,562.00,"5,620.00"
2020-10-29,2020102904003615,GIC,59,49,10,562.00,"5,620.00"
2020-10-29,2020102904003628,GIC,52,32,10,562.00,"5,620.00"
2020-10-29,2020102904003627,GIC,59,44,10,562.00,"5,620.00"
2020-10-29,2020102904003626,GIC,59,5,10,562.00,"5,620.00"
2020-10-29,2020102904003625,GIC,59,3,10,562.00,"5,620.00"
2020-10-29,2020102904003624,GIC,59,29,10,562.00,"5,620.00"
2020-10-29,2020102904003623,GIC,59,49,10,562.00,"5,620.00"
2020-10-29,2020102904003635,GIC,52,29,10,562.00,"5,620.00"
2020-10-29,2020102904003634,GIC,52,42,10,562.00,"5,620.00"
2020-10-29,2020102904003632,GIC,52,3,10,562.00,"5,620.00"
2020-10-29,2020102904003631,GIC,52,58,10,562.00,"5,620.00"
2020-10-29,2020102904003630,GIC,52,49,10,562.00,"5,620.00"
2020-10-29,2020102904003629,GIC,52,50,10,562.00,"5,620.00"
2020-10-29,2020102904003641,GIC,25,58,10,562.00,"5,620.00"
2020-10-29,2020102904003640,GIC,25,43,10,562.00,"5,620.00"
2020-10-29,2020102904003639,GIC,25,4,10,562.00,"5,620.00"
2020-10-29,2020102904003638,GIC,52,43,10,562.00,"5,620.00"
2020-10-29,2020102904003637,GIC,52,49,10,562.00,"5,620.00"
2020-10-29,2020102904003636,GIC,52,58,10,562.00,"5,620.00"
2020-10-29,2020102904003647,GIC,41,45,10,562.00,"5,620.00"
2020-10-29,2020102904003646,GIC,41,56,10,562.00,"5,620.00"
2020-10-29,2020102904003645,GIC,41,58,10,562.00,"5,620.00"
2020-10-29,2020102904003644,GIC,57,43,10,562.00,"5,620.00"
2020-10-29,2020102904003643,GIC,25,57,10,562.00,"5,620.00"
2020-10-29,2020102904003642,GIC,25,5,10,562.00,"5,620.00"
2020-10-29,2020102904003658,GIC,41,59,10,562.00,"5,620.00"
2020-10-29,2020102904003654,GIC,41,29,10,562.00,"5,620.00"
2020-10-29,2020102904003652,GIC,41,53,10,562.00,"5,620.00"
2020-10-29,2020102904003651,GIC,41,45,10,562.00,"5,620.00"
2020-10-29,2020102904003650,GIC,41,43,10,562.00,"5,620.00"
2020-10-29,2020102904003649,GIC,41,3,10,562.00,"5,620.00"
2020-10-29,2020102904003664,GIC,54,52,10,563.00,"5,630.00"
2020-10-29,2020102904003663,GIC,58,14,10,563.00,"5,630.00"
2020-10-29,2020102904003662,GIC,58,34,10,563.00,"5,630.00"
2020-10-29,2020102904003661,GIC,58,53,10,563.00,"5,630.00"
2020-10-29,2020102904003660,GIC,58,45,10,562.00,"5,620.00"
2020-10-29,2020102904003659,GIC,41,21,10,562.00,"5,620.00"
2020-10-29,2020102904003671,GIC,39,52,10,562.00,"5,620.00"
2020-10-29,2020102904003669,GIC,39,57,10,562.00,"5,620.00"
2020-10-29,2020102904003668,GIC,58,6,10,562.00,"5,620.00"
2020-10-29,2020102904003667,GIC,54,5,10,563.00,"5,630.00"
2020-10-29,2020102904003666,GIC,54,11,10,563.00,"5,630.00"
2020-10-29,2020102904003665,GIC,54,52,10,563.00,"5,630.00"
2020-10-29,2020102904003680,GIC,56,52,10,562.00,"5,620.00"
2020-10-29,2020102904003679,GIC,56,22,10,562.00,"5,620.00"
2020-10-29,2020102904003676,GIC,56,47,10,562.00,"5,620.00"
2020-10-29,2020102904003675,GIC,56,40,10,562.00,"5,620.00"
2020-10-29,2020102904003673,GIC,56,45,10,562.00,"5,620.00"
2020-10-29,2020102904003672,GIC,56,4,10,562.00,"5,620.00"
2020-10-29,2020102904003687,GIC,45,58,10,561.00,"5,610.00"
2020-10-29,2020102904003686,GIC,45,26,10,561.00,"5,610.00"
2020-10-29,2020102904003684,GIC,56,26,10,562.00,"5,620.00"
2020-10-29,2020102904003683,GIC,56,26,10,562.00,"5,620.00"
2020-10-29,2020102904003682,GIC,56,47,10,562.00,"5,620.00"
2020-10-29,2020102904003681,GIC,56,5,10,562.00,"5,620.00"
2020-10-29,2020102904003694,GIC,45,6,10,561.00,"5,610.00"
2020-10-29,2020102904003693,GIC,45,26,10,561.00,"5,610.00"
2020-10-29,2020102904003692,GIC,45,41,10,561.00,"5,610.00"
2020-10-29,2020102904003691,GIC,45,26,10,561.00,"5,610.00"
2020-10-29,2020102904003690,GIC,45,58,10,561.00,"5,610.00"
2020-10-29,2020102904003688,GIC,45,10,10,561.00,"5,610.00"
2020-10-29,2020102904003700,GIC,21,51,10,561.00,"5,610.00"
2020-10-29,2020102904003699,GIC,21,26,10,561.00,"5,610.00"
2020-10-29,2020102904003698,GIC,21,11,10,561.00,"5,610.00"
2020-10-29,2020102904003697,GIC,45,26,10,561.00,"5,610.00"
2020-10-29,2020102904003696,GIC,45,53,10,561.00,"5,610.00"
2020-10-29,2020102904003695,GIC,45,26,10,561.00,"5,610.00"
2020-10-29,2020102904003706,GIC,43,47,10,562.00,"5,620.00"
2020-10-29,2020102904003705,GIC,43,47,10,562.00,"5,620.00"
2020-10-29,2020102904003704,GIC,43,47,10,562.00,"5,620.00"
2020-10-29,2020102904003703,GIC,21,59,10,561.00,"5,610.00"
2020-10-29,2020102904003702,GIC,39,6,10,562.00,"5,620.00"
2020-10-29,2020102904003701,GIC,21,59,10,561.00,"5,610.00"
2020-10-29,2020102904003713,GIC,8,29,10,561.00,"5,610.00"
2020-10-29,2020102904003712,GIC,8,59,10,561.00,"5,610.00"
2020-10-29,2020102904003710,GIC,8,59,10,561.00,"5,610.00"
2020-10-29,2020102904003709,GIC,43,38,10,562.00,"5,620.00"
2020-10-29,2020102904003708,GIC,43,47,10,562.00,"5,620.00"
2020-10-29,2020102904003707,GIC,43,47,10,562.00,"5,620.00"
2020-10-29,2020102904003721,GIC,16,16,10,562.00,"5,620.00"
2020-10-29,2020102904003720,GIC,16,13,10,562.00,"5,620.00"
2020-10-29,2020102904003718,GIC,8,17,10,561.00,"5,610.00"
2020-10-29,2020102904003717,GIC,8,44,10,561.00,"5,610.00"
2020-10-29,2020102904003715,GIC,8,59,10,561.00,"5,610.00"
2020-10-29,2020102904003714,GIC,8,41,10,561.00,"5,610.00"
2020-10-29,2020102904003727,GIC,16,32,10,562.00,"5,620.00"
2020-10-29,2020102904003726,GIC,16,29,10,562.00,"5,620.00"
2020-10-29,2020102904003725,GIC,16,11,10,562.00,"5,620.00"
2020-10-29,2020102904003724,GIC,16,59,10,562.00,"5,620.00"
2020-10-29,2020102904003723,GIC,16,49,10,562.00,"5,620.00"
2020-10-29,2020102904003722,GIC,16,41,10,562.00,"5,620.00"
2020-10-29,2020102904003736,GIC,25,59,10,562.00,"5,620.00"
2020-10-29,2020102904003735,GIC,25,49,10,562.00,"5,620.00"
2020-10-29,2020102904003733,GIC,43,11,10,562.00,"5,620.00"
2020-10-29,2020102904003732,GIC,39,41,10,562.00,"5,620.00"
2020-10-29,2020102904003730,GIC,16,41,10,562.00,"5,620.00"
2020-10-29,2020102904003728,GIC,16,11,10,562.00,"5,620.00"
2020-10-29,2020102904003744,GIC,46,59,10,562.00,"5,620.00"
2020-10-29,2020102904003743,GIC,46,59,10,562.00,"5,620.00"
2020-10-29,2020102904003742,GIC,46,4,10,562.00,"5,620.00"
2020-10-29,2020102904003741,GIC,46,34,10,562.00,"5,620.00"
2020-10-29,2020102904003739,GIC,42,41,10,562.00,"5,620.00"
2020-10-29,2020102904003737,GIC,25,43,10,562.00,"5,620.00"
2020-10-29,2020102904003753,GIC,8,59,10,561.00,"5,610.00"
2020-10-29,2020102904003752,GIC,25,42,10,562.00,"5,620.00"
2020-10-29,2020102904003751,GIC,25,32,10,562.00,"5,620.00"
2020-10-29,2020102904003750,GIC,25,34,10,562.00,"5,620.00"
2020-10-29,2020102904003749,GIC,25,57,10,562.00,"5,620.00"
2020-10-29,2020102904003745,GIC,46,5,10,562.00,"5,620.00"
2020-10-29,2020102904003765,GIC,8,39,10,561.00,"5,610.00"
2020-10-29,2020102904003763,GIC,8,16,10,561.00,"5,610.00"
2020-10-29,2020102904003762,GIC,8,58,10,562.00,"5,620.00"
2020-10-29,2020102904003758,GIC,8,39,10,562.00,"5,620.00"
2020-10-29,2020102904003756,GIC,8,42,10,562.00,"5,620.00"
2020-10-29,2020102904003755,GIC,8,36,10,562.00,"5,620.00"
2020-10-29,2020102904003771,GIC,38,34,10,563.00,"5,630.00"
2020-10-29,2020102904003770,GIC,38,52,10,563.00,"5,630.00"
2020-10-29,2020102904003769,GIC,38,46,10,563.00,"5,630.00"
2020-10-29,2020102904003768,GIC,38,34,10,563.00,"5,630.00"
2020-10-29,2020102904003767,GIC,38,45,10,563.00,"5,630.00"
2020-10-29,2020102904003766,GIC,38,58,10,562.00,"5,620.00"
2020-10-29,2020102904003779,GIC,8,44,10,561.00,"5,610.00"
2020-10-29,2020102904003778,GIC,8,39,10,561.00,"5,610.00"
2020-10-29,2020102904003776,GIC,39,41,10,562.00,"5,620.00"
2020-10-29,2020102904003775,GIC,8,39,10,561.00,"5,610.00"
2020-10-29,2020102904003774,GIC,8,45,10,561.00,"5,610.00"
2020-10-29,2020102904003772,GIC,38,21,10,563.00,"5,630.00"
2020-10-29,2020102904003786,GIC,8,36,10,561.00,"5,610.00"
2020-10-29,2020102904003785,GIC,8,42,10,561.00,"5,610.00"
2020-10-29,2020102904003783,GIC,8,39,10,561.00,"5,610.00"
2020-10-29,2020102904003782,GIC,8,50,10,561.00,"5,610.00"
2020-10-29,2020102904003781,GIC,38,58,10,562.00,"5,620.00"
2020-10-29,2020102904003780,GIC,8,22,10,561.00,"5,610.00"
2020-10-29,2020102904003792,GIC,56,29,10,561.00,"5,610.00"
2020-10-29,2020102904003791,GIC,56,58,10,561.00,"5,610.00"
2020-10-29,2020102904003790,GIC,56,58,10,561.00,"5,610.00"
2020-10-29,2020102904003789,GIC,56,21,10,561.00,"5,610.00"
2020-10-29,2020102904003788,GIC,56,42,10,561.00,"5,610.00"
2020-10-29,2020102904003787,GIC,8,39,10,561.00,"5,610.00"
2020-10-29,2020102904003823,GIC,42,58,10,562.00,"5,620.00"
2020-10-29,2020102904003819,GIC,39,34,10,562.00,"5,620.00"
2020-10-29,2020102904003811,GIC,38,13,10,562.00,"5,620.00"
2020-10-29,2020102904003810,GIC,38,52,10,562.00,"5,620.00"
2020-10-29,2020102904003804,GIC,35,36,10,561.00,"5,610.00"
2020-10-29,2020102904003802,GIC,32,45,10,561.00,"5,610.00"
2020-10-29,2020102904003832,GIC,58,17,10,563.00,"5,630.00"
2020-10-29,2020102904003831,GIC,35,36,10,561.00,"5,610.00"
2020-10-29,2020102904003830,GIC,35,26,10,561.00,"5,610.00"
2020-10-29,2020102904003828,GIC,35,1,10,561.00,"5,610.00"
2020-10-29,2020102904003827,GIC,35,39,10,561.00,"5,610.00"
2020-10-29,2020102904003824,GIC,42,32,10,562.00,"5,620.00"
2020-10-29,2020102904003841,GIC,58,47,10,562.00,"5,620.00"
2020-10-29,2020102904003840,GIC,58,34,10,562.00,"5,620.00"
2020-10-29,2020102904003837,GIC,58,58,10,562.00,"5,620.00"
2020-10-29,2020102904003836,GIC,58,34,10,562.00,"5,620.00"
2020-10-29,2020102904003834,GIC,58,34,10,562.00,"5,620.00"
2020-10-29,2020102904003833,GIC,58,58,10,562.00,"5,620.00"
2020-10-29,2020102904003854,GIC,55,34,10,562.00,"5,620.00"
2020-10-29,2020102904003849,GIC,39,16,10,562.00,"5,620.00"
2020-10-29,2020102904003848,GIC,58,16,10,562.00,"5,620.00"
2020-10-29,2020102904003847,GIC,58,54,10,562.00,"5,620.00"
2020-10-29,2020102904003844,GIC,58,36,10,562.00,"5,620.00"
2020-10-29,2020102904003842,GIC,58,21,10,562.00,"5,620.00"
2020-10-29,2020102904003861,GIC,26,35,10,562.00,"5,620.00"
2020-10-29,2020102904003860,GIC,26,10,10,562.00,"5,620.00"
2020-10-29,2020102904003859,GIC,26,16,10,562.00,"5,620.00"
2020-10-29,2020102904003857,GIC,26,36,10,562.00,"5,620.00"
2020-10-29,2020102904003856,GIC,26,21,10,562.00,"5,620.00"
2020-10-29,2020102904003855,GIC,55,52,10,562.00,"5,620.00"
2020-10-29,2020102904003868,GIC,26,34,10,562.00,"5,620.00"
2020-10-29,2020102904003867,GIC,26,10,10,562.00,"5,620.00"
2020-10-29,2020102904003866,GIC,53,58,10,563.00,"5,630.00"
2020-10-29,2020102904003865,GIC,53,54,10,563.00,"5,630.00"
2020-10-29,2020102904003864,GIC,26,58,10,562.00,"5,620.00"
2020-10-29,2020102904003862,GIC,26,38,10,562.00,"5,620.00"
2020-10-29,2020102904003877,GIC,35,14,10,561.00,"5,610.00"
2020-10-29,2020102904003875,GIC,39,57,10,562.00,"5,620.00"
2020-10-29,2020102904003874,GIC,35,44,10,561.00,"5,610.00"
2020-10-29,2020102904003873,GIC,35,58,10,561.00,"5,610.00"
2020-10-29,2020102904003870,GIC,35,57,10,561.00,"5,610.00"
2020-10-29,2020102904003869,GIC,26,16,10,562.00,"5,620.00"
2020-10-29,2020102904003883,GIC,37,44,200,561.00,"112,200.00"
2020-10-29,2020102904003882,GIC,57,44,20,561.00,"11,220.00"
2020-10-29,2020102904003881,GIC,41,44,"1,000",561.00,"561,000.00"
2020-10-29,2020102904003880,GIC,17,44,20,561.00,"11,220.00"
2020-10-29,2020102904003879,GIC,43,44,10,561.00,"5,610.00"
2020-10-29,2020102904003878,GIC,35,44,410,561.00,"230,010.00"
2020-10-29,2020102904003889,GIC,43,44,10,561.00,"5,610.00"
2020-10-29,2020102904003888,GIC,35,44,50,561.00,"28,050.00"
2020-10-29,2020102904003887,GIC,43,44,10,561.00,"5,610.00"
2020-10-29,2020102904003886,GIC,45,44,500,561.00,"280,500.00"
2020-10-29,2020102904003885,GIC,35,44,20,561.00,"11,220.00"
2020-10-29,2020102904003884,GIC,16,44,50,561.00,"28,050.00"
2020-10-29,2020102904003895,GIC,1,50,10,560.00,"5,600.00"
2020-10-29,2020102904003894,GIC,1,58,10,560.00,"5,600.00"
2020-10-29,2020102904003893,GIC,1,59,10,560.00,"5,600.00"
2020-10-29,2020102904003892,GIC,45,58,10,561.00,"5,610.00"
2020-10-29,2020102904003891,GIC,58,59,10,561.00,"5,610.00"
2020-10-29,2020102904003890,GIC,58,46,10,561.00,"5,610.00"
2020-10-29,2020102904003902,GIC,25,28,10,561.00,"5,610.00"
2020-10-29,2020102904003900,GIC,25,58,10,561.00,"5,610.00"
2020-10-29,2020102904003899,GIC,25,28,10,561.00,"5,610.00"
2020-10-29,2020102904003898,GIC,25,52,10,561.00,"5,610.00"
2020-10-29,2020102904003897,GIC,38,10,10,561.00,"5,610.00"
2020-10-29,2020102904003896,GIC,38,58,10,561.00,"5,610.00"
2020-10-29,2020102904003910,GIC,35,49,10,561.00,"5,610.00"
2020-10-29,2020102904003909,GIC,35,58,10,561.00,"5,610.00"
2020-10-29,2020102904003908,GIC,35,52,10,561.00,"5,610.00"
2020-10-29,2020102904003906,GIC,35,16,10,561.00,"5,610.00"
2020-10-29,2020102904003905,GIC,35,58,10,561.00,"5,610.00"
2020-10-29,2020102904003903,GIC,25,58,10,561.00,"5,610.00"
2020-10-29,2020102904003917,GIC,29,28,10,561.00,"5,610.00"
2020-10-29,2020102904003916,GIC,29,38,10,561.00,"5,610.00"
2020-10-29,2020102904003915,GIC,29,13,10,561.00,"5,610.00"
2020-10-29,2020102904003914,GIC,29,38,10,561.00,"5,610.00"
2020-10-29,2020102904003912,GIC,39,42,10,561.00,"5,610.00"
2020-10-29,2020102904003911,GIC,39,28,10,561.00,"5,610.00"
2020-10-29,2020102904003924,GIC,29,6,10,561.00,"5,610.00"
2020-10-29,2020102904003923,GIC,29,28,10,561.00,"5,610.00"
2020-10-29,2020102904003922,GIC,29,41,10,561.00,"5,610.00"
2020-10-29,2020102904003920,GIC,29,39,10,561.00,"5,610.00"
2020-10-29,2020102904003919,GIC,29,38,10,561.00,"5,610.00"
2020-10-29,2020102904003918,GIC,29,39,10,561.00,"5,610.00"
2020-10-29,2020102904003933,GIC,29,10,10,561.00,"5,610.00"
2020-10-29,2020102904003932,GIC,29,28,10,561.00,"5,610.00"
2020-10-29,2020102904003931,GIC,29,41,10,561.00,"5,610.00"
2020-10-29,2020102904003930,GIC,29,16,10,561.00,"5,610.00"
2020-10-29,2020102904003928,GIC,29,28,10,561.00,"5,610.00"
2020-10-29,2020102904003925,GIC,29,26,10,561.00,"5,610.00"
2020-10-29,2020102904003927,GIMES1,6,11,"1,200",9.85,"11,820.00"
2020-10-29,2020102904003926,GIMES1,56,11,"1,000",9.85,"9,850.00"
2020-10-29,2020102904003524,GIMES1,49,56,"5,000",9.90,"49,500.00"
2020-10-29,2020102904003503,GIMES1,6,16,"4,400",9.99,"43,956.00"
2020-10-29,2020102904003711,LUK,48,42,400,9.00,"3,600.00"
2020-10-29,2020102904003835,NBF2,1,25,100,9.34,934.00
2020-10-29,2020102904003719,NBF2,1,17,500,9.34,"4,670.00"
2020-10-29,2020102904003544,NBF2,48,41,400,9.35,"3,740.00"
2020-10-29,2020102904003473,NBF2,47,41,600,9.35,"5,610.00"
2020-10-29,2020102904003472,NBF2,47,36,"7,000",9.35,"65,450.00"
2020-10-29,2020102904003471,NBF2,47,45,"2,900",9.35,"27,115.00"
2020-10-29,2020102904003470,NBF2,47,21,500,9.34,"4,670.00"
2020-10-29,2020102904003469,NBF2,47,45,"10,000",9.34,"93,400.00"
2020-10-29,2020102904003468,NBF2,47,38,"3,000",9.32,"27,960.00"
2020-10-29,2020102904003937,NEF,47,7,531,9.15,"4,858.65"
2020-10-29,2020102904003904,NEF,47,7,"1,162",9.15,"10,632.30"
2020-10-29,2020102904003901,NEF,11,7,"1,252",9.15,"11,455.80"
2020-10-29,2020102904003678,NEF,11,32,"1,414",9.15,"12,938.10"
2020-10-29,2020102904003677,NEF,48,32,"1,000",9.16,"9,160.00"
2020-10-29,2020102904003618,NEF,16,35,"1,690",9.24,"15,615.60"
2020-10-29,2020102904003617,NEF,16,35,"1,127",9.24,"10,413.48"
2020-10-29,2020102904003542,NEF,16,13,"2,093",9.24,"19,339.32"
2020-10-29,2020102904003921,NIBLPF,35,7,"1,010",9.50,"9,595.00"
2020-10-29,2020102904003822,NIBLPF,35,37,"1,515",9.50,"14,392.50"
2020-10-29,2020102904003821,NIBLPF,25,37,"3,485",9.50,"33,107.50"
2020-10-29,2020102904003685,NIBLPF,25,32,"1,515",9.50,"14,392.50"
2020-10-29,2020102904003455,NIBLPF,21,47,"25,000",9.55,"238,750.00"
2020-10-29,2020102904003929,NIBPO,47,58,50,388.00,"19,400.00"
2020-10-29,2020102904003913,NIBPO,47,58,50,388.00,"19,400.00"
2020-10-29,2020102904003876,NIBPO,47,58,60,388.00,"23,280.00"
2020-10-29,2020102904003871,NIBPO,47,58,50,388.00,"19,400.00"
2020-10-29,2020102904003863,NIBPO,47,58,50,388.00,"19,400.00"
2020-10-29,2020102904003858,NIBPO,47,58,36,388.00,"13,968.00"
2020-10-29,2020102904003500,NIBPO,35,6,220,395.00,"86,900.00"
2020-10-29,2020102904003777,NIBPO,47,25,50,390.00,"19,500.00"
2020-10-29,2020102904003764,NIBPO,47,25,50,390.00,"19,500.00"
2020-10-29,2020102904003754,NIBPO,47,25,50,390.00,"19,500.00"
2020-10-29,2020102904003740,NIBPO,47,25,40,390.00,"15,600.00"
2020-10-29,2020102904003734,NIBPO,47,25,100,390.00,"39,000.00"
2020-10-29,2020102904003731,NIBPO,47,25,25,390.00,"9,750.00"
2020-10-29,2020102904003797,NIBPO,47,58,45,389.00,"17,505.00"
2020-10-29,2020102904003796,NIBPO,47,58,20,389.00,"7,780.00"
2020-10-29,2020102904003795,NIBPO,47,58,27,389.00,"10,503.00"
2020-10-29,2020102904003794,NIBPO,47,58,22,389.00,"8,558.00"
2020-10-29,2020102904003793,NIBPO,47,58,60,389.00,"23,340.00"
2020-10-29,2020102904003784,NIBPO,47,25,50,390.00,"19,500.00"
2020-10-29,2020102904003806,NIBPO,47,58,21,388.00,"8,148.00"
2020-10-29,2020102904003805,NIBPO,39,58,30,388.00,"11,640.00"
2020-10-29,2020102904003801,NIBPO,47,58,31,389.00,"12,059.00"
2020-10-29,2020102904003800,NIBPO,47,58,50,389.00,"19,450.00"
2020-10-29,2020102904003799,NIBPO,47,58,100,389.00,"38,900.00"
2020-10-29,2020102904003798,NIBPO,47,58,45,389.00,"17,505.00"
2020-10-29,2020102904003814,NIBPO,47,58,100,387.00,"38,700.00"
2020-10-29,2020102904003813,NIBPO,47,58,500,387.00,"193,500.00"
2020-10-29,2020102904003812,NIBPO,25,58,"1,000",387.00,"387,000.00"
2020-10-29,2020102904003809,NIBPO,47,58,50,388.00,"19,400.00"
2020-10-29,2020102904003808,NIBPO,47,58,70,388.00,"27,160.00"
2020-10-29,2020102904003807,NIBPO,47,58,50,388.00,"19,400.00"
2020-10-29,2020102904003843,NIBPO,47,58,50,387.00,"19,350.00"
2020-10-29,2020102904003829,NIBPO,47,58,50,387.00,"19,350.00"
2020-10-29,2020102904003818,NIBPO,47,58,70,387.00,"27,090.00"
2020-10-29,2020102904003817,NIBPO,47,58,550,387.00,"212,850.00"
2020-10-29,2020102904003816,NIBPO,47,58,20,387.00,"7,740.00"
2020-10-29,2020102904003815,NIBPO,47,58,50,387.00,"19,350.00"
2020-10-29,2020102904003853,NIBPO,47,6,43,386.00,"16,598.00"
2020-10-29,2020102904003852,NIBPO,47,6,50,386.00,"19,300.00"
2020-10-29,2020102904003851,NIBPO,47,6,55,386.00,"21,230.00"
2020-10-29,2020102904003850,NIBPO,47,6,100,386.00,"38,600.00"
2020-10-29,2020102904003846,NIBPO,47,58,225,388.00,"87,300.00"
2020-10-29,2020102904003845,NIBPO,47,58,25,387.00,"9,675.00"
2020-10-29,2020102904003729,NICGF,17,1,100,9.70,970.00
2020-10-29,2020102904003674,NICGF,17,1,100,9.70,970.00
2020-10-29,2020102904003592,NICGF,17,28,"6,000",9.70,"58,200.00"
2020-10-29,2020102904003560,NICGF,17,7,500,9.70,"4,850.00"
2020-10-29,2020102904003738,NMB50,58,45,"1,000",9.20,"9,200.00"
2020-10-29,2020102904003689,NMBHF1,33,32,"2,496",9.40,"23,462.40"
2020-10-29,2020102904003907,RBCLPO,33,41,10,"10,950.00","109,500.00"
2020-10-29,2020102904003757,RBCLPO,57,16,30,"10,980.00","329,400.00"
2020-10-29,2020102904003653,RBCLPO,43,41,10,"10,999.00","109,990.00"
2020-10-29,2020102904003648,RBCLPO,6,41,20,"11,151.00","223,020.00"
2020-10-29,2020102904003633,RBCLPO,6,7,20,"11,151.00","223,020.00"
2020-10-29,2020102904003506,RBCLPO,57,22,20,"11,299.00","225,980.00"
2020-10-29,2020102904003505,RBCLPO,57,51,20,"11,298.00","225,960.00"
2020-10-29,2020102904003504,RBCLPO,57,56,10,"11,297.00","112,970.00"
2020-10-29,2020102904003872,SAEF,37,6,800,10.66,"8,528.00"
2020-10-29,2020102904003839,SAEF,37,6,200,10.66,"2,132.00"
2020-10-29,2020102904003838,SAEF,37,6,800,10.66,"8,528.00"
2020-10-29,2020102904003826,SAEF,37,6,"1,200",10.66,"12,792.00"
2020-10-29,2020102904003825,SAEF,56,6,800,10.66,"8,528.00"
2020-10-29,2020102904003820,SAEF,56,7,"5,000",10.66,"53,300.00"
2020-10-29,2020102904003803,SAEF,56,6,"2,000",10.66,"21,320.00"
2020-10-29,2020102904003657,SAEF,56,7,"2,200",10.66,"23,452.00"
2020-10-29,2020102904003656,SAEF,37,7,"1,000",10.66,"10,660.00"
2020-10-29,2020102904003655,SAEF,37,7,"1,000",10.66,"10,660.00"
2020-10-29,2020102904003466,SAEF,22,43,"3,000",10.70,"32,100.00"
2020-10-29,2020102904003465,SAEF,22,4,"1,000",10.70,"10,700.00"
2020-10-29,2020102904003748,SEF,58,58,"1,200",9.60,"11,520.00"
2020-10-29,2020102904003716,SEF,58,7,"1,000",9.60,"9,600.00"
2020-10-29,2020102904003670,SEF,58,1,500,9.60,"4,800.00"
2020-10-29,2020102904003510,SEF,6,33,500,9.64,"4,820.00"
2020-10-29,2020102904003509,SEF,6,13,"2,500",9.64,"24,100.00"
2020-10-29,2020102904003508,SEF,6,29,"5,000",9.63,"48,150.00"
2020-10-29,2020102904003507,SEF,6,45,"2,000",9.62,"19,240.00"
2020-10-29,2020102904003484,STC,55,39,21,"3,640.00","76,440.00"
2020-10-29,2020102904003477,STC,55,3,50,"3,639.00","181,950.00"
2020-10-29,2020102904003056,CBLPO,33,10,"22,141",100.00,"2,214,100.00"
2020-10-29,2020102904003060,CMF1,45,58,490,9.80,"4,802.00"
2020-10-29,2020102904003059,CMF1,45,7,500,9.80,"4,900.00"
2020-10-29,2020102904003058,CMF1,45,42,"4,610",9.80,"45,178.00"
2020-10-29,2020102904003050,CMF1,45,42,"25,000",9.80,"245,000.00"
2020-10-29,2020102904003025,CMF1,45,42,"24,000",9.80,"235,200.00"
2020-10-29,2020102904003024,CMF1,45,34,"1,000",9.79,"9,790.00"
2020-10-29,2020102904003441,GIC,34,29,10,562.00,"5,620.00"
2020-10-29,2020102904003440,GIC,34,42,10,562.00,"5,620.00"
2020-10-29,2020102904003435,GIC,34,32,10,562.00,"5,620.00"
2020-10-29,2020102904003434,GIC,21,7,10,563.00,"5,630.00"
2020-10-29,2020102904003433,GIC,21,52,10,563.00,"5,630.00"
2020-10-29,2020102904003432,GIC,21,57,10,563.00,"5,630.00"
2020-10-29,2020102904002942,GIC,29,21,10,562.00,"5,620.00"
2020-10-29,2020102904002950,GIC,36,21,10,561.00,"5,610.00"
2020-10-29,2020102904002949,GIC,36,21,10,561.00,"5,610.00"
2020-10-29,2020102904002948,GIC,49,6,10,562.00,"5,620.00"
2020-10-29,2020102904002945,GIC,49,46,10,562.00,"5,620.00"
2020-10-29,2020102904002944,GIC,29,40,10,562.00,"5,620.00"
2020-10-29,2020102904002943,GIC,29,4,10,562.00,"5,620.00"
2020-10-29,2020102904002956,GIC,28,39,10,561.00,"5,610.00"
2020-10-29,2020102904002955,GIC,28,40,10,561.00,"5,610.00"
2020-10-29,2020102904002954,GIC,28,21,10,561.00,"5,610.00"
2020-10-29,2020102904002953,GIC,36,21,10,561.00,"5,610.00"
2020-10-29,2020102904002952,GIC,36,40,10,561.00,"5,610.00"
2020-10-29,2020102904002951,GIC,36,6,10,561.00,"5,610.00"
2020-10-29,2020102904002983,GIC,56,22,10,561.00,"5,610.00"
2020-10-29,2020102904002980,GIC,56,21,10,561.00,"5,610.00"
2020-10-29,2020102904002978,GIC,56,40,10,561.00,"5,610.00"
2020-10-29,2020102904002975,GIC,56,21,10,561.00,"5,610.00"
2020-10-29,2020102904002958,GIC,28,43,10,561.00,"5,610.00"
2020-10-29,2020102904002957,GIC,28,40,10,561.00,"5,610.00"
2020-10-29,2020102904002991,GIC,45,21,10,561.00,"5,610.00"
2020-10-29,2020102904002990,GIC,45,6,10,561.00,"5,610.00"
2020-10-29,2020102904002989,GIC,45,21,10,561.00,"5,610.00"
2020-10-29,2020102904002988,GIC,45,21,10,561.00,"5,610.00"
2020-10-29,2020102904002987,GIC,45,49,10,561.00,"5,610.00"
2020-10-29,2020102904002984,GIC,56,21,10,561.00,"5,610.00"
2020-10-29,2020102904002997,GIC,26,40,10,562.00,"5,620.00"
2020-10-29,2020102904002996,GIC,26,21,10,562.00,"5,620.00"
2020-10-29,2020102904002995,GIC,45,21,10,561.00,"5,610.00"
2020-10-29,2020102904002994,GIC,45,21,10,561.00,"5,610.00"
2020-10-29,2020102904002993,GIC,45,21,10,561.00,"5,610.00"
2020-10-29,2020102904002992,GIC,45,41,10,561.00,"5,610.00"
2020-10-29,2020102904003003,GIC,26,6,10,562.00,"5,620.00"
2020-10-29,2020102904003002,GIC,26,58,10,562.00,"5,620.00"
2020-10-29,2020102904003001,GIC,26,49,10,562.00,"5,620.00"
2020-10-29,2020102904003000,GIC,26,6,10,562.00,"5,620.00"
2020-10-29,2020102904002999,GIC,26,7,10,562.00,"5,620.00"
2020-10-29,2020102904002998,GIC,26,21,10,562.00,"5,620.00"
2020-10-29,2020102904003011,GIC,26,21,10,562.00,"5,620.00"
2020-10-29,2020102904003010,GIC,26,55,10,562.00,"5,620.00"
2020-10-29,2020102904003007,GIC,26,58,10,562.00,"5,620.00"
2020-10-29,2020102904003006,GIC,26,21,10,562.00,"5,620.00"
2020-10-29,2020102904003005,GIC,26,21,10,562.00,"5,620.00"
2020-10-29,2020102904003004,GIC,26,4,10,562.00,"5,620.00"
2020-10-29,2020102904003017,GIC,26,58,10,562.00,"5,620.00"
2020-10-29,2020102904003016,GIC,26,58,10,562.00,"5,620.00"
2020-10-29,2020102904003015,GIC,26,21,10,562.00,"5,620.00"
2020-10-29,2020102904003014,GIC,26,7,10,562.00,"5,620.00"
2020-10-29,2020102904003013,GIC,26,49,10,562.00,"5,620.00"
2020-10-29,2020102904003012,GIC,26,34,10,562.00,"5,620.00"
2020-10-29,2020102904003023,GIC,26,19,10,562.00,"5,620.00"
2020-10-29,2020102904003022,GIC,26,57,10,562.00,"5,620.00"
2020-10-29,2020102904003021,GIC,26,46,10,562.00,"5,620.00"
2020-10-29,2020102904003020,GIC,26,42,10,562.00,"5,620.00"
2020-10-29,2020102904003019,GIC,26,19,10,562.00,"5,620.00"
2020-10-29,2020102904003018,GIC,26,16,10,562.00,"5,620.00"
2020-10-29,2020102904003031,GIC,26,53,10,562.00,"5,620.00"
2020-10-29,2020102904003030,GIC,26,19,10,562.00,"5,620.00"
2020-10-29,2020102904003029,GIC,26,39,10,562.00,"5,620.00"
2020-10-29,2020102904003028,GIC,26,45,10,562.00,"5,620.00"
2020-10-29,2020102904003027,GIC,26,48,10,562.00,"5,620.00"
2020-10-29,2020102904003026,GIC,26,38,10,562.00,"5,620.00"
2020-10-29,2020102904003037,GIC,25,21,10,563.00,"5,630.00"
2020-10-29,2020102904003036,GIC,25,47,10,563.00,"5,630.00"
2020-10-29,2020102904003035,GIC,25,21,10,563.00,"5,630.00"
2020-10-29,2020102904003034,GIC,25,47,10,563.00,"5,630.00"
2020-10-29,2020102904003033,GIC,25,14,10,563.00,"5,630.00"
2020-10-29,2020102904003032,GIC,25,21,10,563.00,"5,630.00"
2020-10-29,2020102904003044,GIC,26,41,10,562.00,"5,620.00"
2020-10-29,2020102904003042,GIC,25,6,10,563.00,"5,630.00"
2020-10-29,2020102904003041,GIC,25,6,10,563.00,"5,630.00"
2020-10-29,2020102904003040,GIC,25,17,10,563.00,"5,630.00"
2020-10-29,2020102904003039,GIC,25,14,10,563.00,"5,630.00"
2020-10-29,2020102904003038,GIC,25,38,10,563.00,"5,630.00"
2020-10-29,2020102904003051,GIC,26,7,10,562.00,"5,620.00"
2020-10-29,2020102904003049,GIC,26,54,10,562.00,"5,620.00"
2020-10-29,2020102904003048,GIC,26,34,10,562.00,"5,620.00"
2020-10-29,2020102904003047,GIC,8,1,10,564.00,"5,640.00"
2020-10-29,2020102904003046,GIC,26,11,10,562.00,"5,620.00"
2020-10-29,2020102904003045,GIC,26,49,10,562.00,"5,620.00"
2020-10-29,2020102904003061,GIC,26,22,10,562.00,"5,620.00"
2020-10-29,2020102904003057,GIC,26,19,10,562.00,"5,620.00"
2020-10-29,2020102904003055,GIC,26,38,10,562.00,"5,620.00"
2020-10-29,2020102904003054,GIC,26,34,10,562.00,"5,620.00"
2020-10-29,2020102904003053,GIC,26,25,10,562.00,"5,620.00"
2020-10-29,2020102904003052,GIC,26,19,10,562.00,"5,620.00"
2020-10-29,2020102904003067,GIC,26,39,10,562.00,"5,620.00"
2020-10-29,2020102904003066,GIC,26,38,10,562.00,"5,620.00"
2020-10-29,2020102904003065,GIC,26,1,10,562.00,"5,620.00"
2020-10-29,2020102904003064,GIC,26,41,10,562.00,"5,620.00"
2020-10-29,2020102904003063,GIC,26,39,10,562.00,"5,620.00"
2020-10-29,2020102904003062,GIC,26,38,10,562.00,"5,620.00"
2020-10-29,2020102904003073,GIC,41,42,10,562.00,"5,620.00"
2020-10-29,2020102904003072,GIC,41,58,10,562.00,"5,620.00"
2020-10-29,2020102904003071,GIC,41,39,10,562.00,"5,620.00"
2020-10-29,2020102904003070,GIC,21,21,10,562.00,"5,620.00"
2020-10-29,2020102904003069,GIC,21,57,10,562.00,"5,620.00"
2020-10-29,2020102904003068,GIC,21,45,10,562.00,"5,620.00"
2020-10-29,2020102904003079,GIC,41,52,10,562.00,"5,620.00"
2020-10-29,2020102904003078,GIC,41,4,10,562.00,"5,620.00"
2020-10-29,2020102904003077,GIC,41,42,10,562.00,"5,620.00"
2020-10-29,2020102904003076,GIC,41,42,10,562.00,"5,620.00"
2020-10-29,2020102904003075,GIC,41,39,10,562.00,"5,620.00"
2020-10-29,2020102904003074,GIC,41,58,10,562.00,"5,620.00"
2020-10-29,2020102904003085,GIC,41,59,10,562.00,"5,620.00"
2020-10-29,2020102904003084,GIC,41,52,10,562.00,"5,620.00"
2020-10-29,2020102904003083,GIC,41,39,10,562.00,"5,620.00"
2020-10-29,2020102904003082,GIC,41,52,10,562.00,"5,620.00"
2020-10-29,2020102904003081,GIC,41,42,10,562.00,"5,620.00"
2020-10-29,2020102904003080,GIC,41,42,10,562.00,"5,620.00"
2020-10-29,2020102904003091,GIC,41,19,10,562.00,"5,620.00"
2020-10-29,2020102904003090,GIC,41,49,10,562.00,"5,620.00"
2020-10-29,2020102904003089,GIC,41,46,10,562.00,"5,620.00"
2020-10-29,2020102904003088,GIC,41,47,10,562.00,"5,620.00"
2020-10-29,2020102904003087,GIC,41,52,10,562.00,"5,620.00"
2020-10-29,2020102904003086,GIC,41,39,10,562.00,"5,620.00"
2020-10-29,2020102904003097,GIC,41,11,10,562.00,"5,620.00"
2020-10-29,2020102904003096,GIC,41,52,10,562.00,"5,620.00"
2020-10-29,2020102904003095,GIC,41,11,10,562.00,"5,620.00"
2020-10-29,2020102904003094,GIC,25,48,10,563.00,"5,630.00"
2020-10-29,2020102904003093,GIC,25,42,10,563.00,"5,630.00"
2020-10-29,2020102904003092,GIC,25,57,10,563.00,"5,630.00"
2020-10-29,2020102904003105,GIC,41,22,10,562.00,"5,620.00"
2020-10-29,2020102904003104,GIC,41,46,10,562.00,"5,620.00"
2020-10-29,2020102904003103,GIC,41,22,10,562.00,"5,620.00"
2020-10-29,2020102904003102,GIC,41,22,10,562.00,"5,620.00"
2020-10-29,2020102904003101,GIC,41,58,10,562.00,"5,620.00"
2020-10-29,2020102904003098,GIC,41,45,10,562.00,"5,620.00"
2020-10-29,2020102904003114,GIC,41,52,10,562.00,"5,620.00"
2020-10-29,2020102904003113,GIC,41,22,10,562.00,"5,620.00"
2020-10-29,2020102904003112,GIC,41,22,10,562.00,"5,620.00"
2020-10-29,2020102904003108,GIC,41,21,10,562.00,"5,620.00"
2020-10-29,2020102904003107,GIC,41,22,10,562.00,"5,620.00"
2020-10-29,2020102904003106,GIC,41,21,10,562.00,"5,620.00"
2020-10-29,2020102904003120,GIC,41,11,10,562.00,"5,620.00"
2020-10-29,2020102904003119,GIC,41,39,10,562.00,"5,620.00"
2020-10-29,2020102904003118,GIC,41,21,10,562.00,"5,620.00"
2020-10-29,2020102904003117,GIC,41,42,10,562.00,"5,620.00"
2020-10-29,2020102904003116,GIC,41,53,10,562.00,"5,620.00"
2020-10-29,2020102904003115,GIC,41,21,10,562.00,"5,620.00"
2020-10-29,2020102904003126,GIC,41,57,10,562.00,"5,620.00"
2020-10-29,2020102904003125,GIC,41,22,10,562.00,"5,620.00"
2020-10-29,2020102904003124,GIC,41,46,10,562.00,"5,620.00"
2020-10-29,2020102904003123,GIC,41,21,10,562.00,"5,620.00"
2020-10-29,2020102904003122,GIC,41,14,10,562.00,"5,620.00"
2020-10-29,2020102904003121,GIC,41,42,10,562.00,"5,620.00"
2020-10-29,2020102904003132,GIC,41,28,10,562.00,"5,620.00"
2020-10-29,2020102904003131,GIC,41,58,10,562.00,"5,620.00"
2020-10-29,2020102904003130,GIC,41,6,10,562.00,"5,620.00"
2020-10-29,2020102904003129,GIC,41,42,10,562.00,"5,620.00"
2020-10-29,2020102904003128,GIC,41,52,10,562.00,"5,620.00"
2020-10-29,2020102904003127,GIC,41,58,10,562.00,"5,620.00"
2020-10-29,2020102904003139,GIC,41,22,10,562.00,"5,620.00"
2020-10-29,2020102904003138,GIC,41,21,10,562.00,"5,620.00"
2020-10-29,2020102904003136,GIC,41,8,10,562.00,"5,620.00"
2020-10-29,2020102904003135,GIC,41,6,10,562.00,"5,620.00"
2020-10-29,2020102904003134,GIC,6,38,10,563.00,"5,630.00"
2020-10-29,2020102904003133,GIC,41,39,10,562.00,"5,620.00"
2020-10-29,2020102904003146,GIC,41,6,10,562.00,"5,620.00"
2020-10-29,2020102904003145,GIC,41,21,10,562.00,"5,620.00"
2020-10-29,2020102904003144,GIC,41,52,10,562.00,"5,620.00"
2020-10-29,2020102904003143,GIC,41,41,10,562.00,"5,620.00"
2020-10-29,2020102904003141,GIC,41,26,10,562.00,"5,620.00"
2020-10-29,2020102904003140,GIC,41,59,10,562.00,"5,620.00"
2020-10-29,2020102904003152,GIC,41,22,10,562.00,"5,620.00"
