Date,Transact. No.,Symbol,Buyer,Seller,Quantity,Rate,Amount
2021-04-20,2021042005004220,JLI,14,29,10,751.00,"7,510.00"
2021-04-20,2021042005004215,JLI,14,55,10,751.00,"7,510.00"
2021-04-20,2021042005004212,JLI,14,57,10,751.00,"7,510.00"
2021-04-20,2021042005004206,JLI,14,56,10,751.00,"7,510.00"
2021-04-20,2021042005004203,JLI,14,58,10,751.00,"7,510.00"
2021-04-20,2021042005004166,JLI,14,29,10,751.00,"7,510.00"
2021-04-20,2021042005003876,JLI,14,44,10,751.00,"7,510.00"
2021-04-20,2021042005003825,JLI,14,48,10,751.00,"7,510.00"
2021-04-20,2021042005003817,JLI,14,21,10,751.00,"7,510.00"
2021-04-20,2021042005003787,JLI,38,50,5,746.00,"3,730.00"
2021-04-20,2021042005003784,JLI,14,17,10,751.00,"7,510.00"
2021-04-20,2021042005003914,JLI,14,20,10,751.00,"7,510.00"
2021-04-20,2021042005003908,JLI,14,36,10,751.00,"7,510.00"
2021-04-20,2021042005003900,JLI,14,10,10,751.00,"7,510.00"
2021-04-20,2021042005003887,JLI,14,20,10,751.00,"7,510.00"
2021-04-20,2021042005003886,JLI,14,53,10,751.00,"7,510.00"
2021-04-20,2021042005003885,JLI,14,20,10,751.00,"7,510.00"
2021-04-20,2021042005004004,JLI,14,26,10,751.00,"7,510.00"
2021-04-20,2021042005004001,JLI,14,48,10,751.00,"7,510.00"
2021-04-20,2021042005003985,JLI,14,26,10,751.00,"7,510.00"
2021-04-20,2021042005003984,JLI,14,20,10,751.00,"7,510.00"
2021-04-20,2021042005003972,JLI,14,20,10,751.00,"7,510.00"
2021-04-20,2021042005003963,JLI,14,38,10,751.00,"7,510.00"
2021-04-20,2021042005003846,MLBSL,59,20,10,"1,606.00","16,060.00"
2021-04-20,2021042005003807,MLBSL,59,21,10,"1,606.00","16,060.00"
2021-04-20,2021042005004254,NICLBSL,51,45,10,"1,818.00","18,180.00"
2021-04-20,2021042005004253,NICLBSL,29,25,10,"1,816.00","18,160.00"
2021-04-20,2021042005004252,NICLBSL,21,45,160,"1,818.00","290,880.00"
2021-04-20,2021042005004251,NICLBSL,21,38,20,"1,818.00","36,360.00"
2021-04-20,2021042005004250,NICLBSL,21,13,20,"1,818.00","36,360.00"
2021-04-20,2021042005004249,NICLBSL,18,54,10,"1,817.00","18,170.00"
2021-04-20,2021042005003755,NICLBSL,40,38,190,"1,813.00","344,470.00"
2021-04-20,2021042005003761,NICLBSL,21,38,50,"1,813.00","90,650.00"
2021-04-20,2021042005003760,NICLBSL,38,38,50,"1,813.00","90,650.00"
2021-04-20,2021042005003759,NICLBSL,13,38,50,"1,813.00","90,650.00"
2021-04-20,2021042005003758,NICLBSL,21,38,10,"1,813.00","18,130.00"
2021-04-20,2021042005003757,NICLBSL,57,38,100,"1,813.00","181,300.00"
2021-04-20,2021042005003756,NICLBSL,42,38,50,"1,813.00","90,650.00"
2021-04-20,2021042005003767,NICLBSL,29,38,10,"1,813.00","18,130.00"
2021-04-20,2021042005003766,NICLBSL,54,17,10,"1,812.00","18,120.00"
2021-04-20,2021042005003765,NICLBSL,54,38,10,"1,812.00","18,120.00"
2021-04-20,2021042005003764,NICLBSL,54,29,10,"1,812.00","18,120.00"
2021-04-20,2021042005003763,NICLBSL,54,49,10,"1,812.00","18,120.00"
2021-04-20,2021042005003762,NICLBSL,41,20,10,"1,812.00","18,120.00"
2021-04-20,2021042005003773,NICLBSL,29,44,10,"1,812.00","18,120.00"
2021-04-20,2021042005003772,NICLBSL,54,44,10,"1,812.00","18,120.00"
2021-04-20,2021042005003771,NICLBSL,29,20,10,"1,813.00","18,130.00"
2021-04-20,2021042005003770,NICLBSL,29,38,10,"1,813.00","18,130.00"
2021-04-20,2021042005003769,NICLBSL,29,38,10,"1,813.00","18,130.00"
2021-04-20,2021042005003768,NICLBSL,29,21,10,"1,813.00","18,130.00"
2021-04-20,2021042005003779,NICLBSL,42,38,10,"1,812.00","18,120.00"
2021-04-20,2021042005003778,NICLBSL,29,26,10,"1,812.00","18,120.00"
2021-04-20,2021042005003777,NICLBSL,29,33,10,"1,812.00","18,120.00"
2021-04-20,2021042005003776,NICLBSL,29,38,10,"1,812.00","18,120.00"
2021-04-20,2021042005003775,NICLBSL,21,38,10,"1,813.00","18,130.00"
2021-04-20,2021042005003774,NICLBSL,29,53,10,"1,812.00","18,120.00"
2021-04-20,2021042005003786,NICLBSL,41,18,10,"1,813.00","18,130.00"
2021-04-20,2021042005003785,NICLBSL,41,38,10,"1,813.00","18,130.00"
2021-04-20,2021042005003783,NICLBSL,41,38,10,"1,813.00","18,130.00"
2021-04-20,2021042005003782,NICLBSL,41,22,10,"1,813.00","18,130.00"
2021-04-20,2021042005003781,NICLBSL,42,17,10,"1,812.00","18,120.00"
2021-04-20,2021042005003780,NICLBSL,42,58,10,"1,812.00","18,120.00"
2021-04-20,2021042005003793,NICLBSL,40,50,10,"1,813.00","18,130.00"
2021-04-20,2021042005003792,NICLBSL,48,3,10,"1,813.00","18,130.00"
2021-04-20,2021042005003791,NICLBSL,41,17,10,"1,813.00","18,130.00"
2021-04-20,2021042005003790,NICLBSL,59,21,10,"1,814.00","18,140.00"
2021-04-20,2021042005003789,NICLBSL,59,36,10,"1,814.00","18,140.00"
2021-04-20,2021042005003788,NICLBSL,59,21,10,"1,814.00","18,140.00"
2021-04-20,2021042005003799,NICLBSL,57,57,10,"1,813.00","18,130.00"
2021-04-20,2021042005003798,NICLBSL,57,53,10,"1,813.00","18,130.00"
2021-04-20,2021042005003797,NICLBSL,57,21,10,"1,813.00","18,130.00"
2021-04-20,2021042005003796,NICLBSL,40,17,10,"1,813.00","18,130.00"
2021-04-20,2021042005003795,NICLBSL,40,59,10,"1,813.00","18,130.00"
2021-04-20,2021042005003794,NICLBSL,40,39,10,"1,813.00","18,130.00"
2021-04-20,2021042005003805,NICLBSL,42,26,10,"1,812.00","18,120.00"
2021-04-20,2021042005003804,NICLBSL,42,17,20,"1,812.00","36,240.00"
2021-04-20,2021042005003803,NICLBSL,34,16,10,"1,813.00","18,130.00"
2021-04-20,2021042005003802,NICLBSL,38,18,10,"1,813.00","18,130.00"
2021-04-20,2021042005003801,NICLBSL,57,29,10,"1,813.00","18,130.00"
2021-04-20,2021042005003800,NICLBSL,57,17,10,"1,813.00","18,130.00"
2021-04-20,2021042005003812,NICLBSL,44,39,60,"1,814.00","108,840.00"
2021-04-20,2021042005003811,NICLBSL,44,38,10,"1,814.00","18,140.00"
2021-04-20,2021042005003810,NICLBSL,44,38,10,"1,814.00","18,140.00"
2021-04-20,2021042005003809,NICLBSL,44,46,10,"1,814.00","18,140.00"
2021-04-20,2021042005003808,NICLBSL,44,58,10,"1,814.00","18,140.00"
2021-04-20,2021042005003806,NICLBSL,42,17,10,"1,812.00","18,120.00"
2021-04-20,2021042005003819,NICLBSL,21,45,10,"1,812.00","18,120.00"
2021-04-20,2021042005003818,NICLBSL,21,5,10,"1,812.00","18,120.00"
2021-04-20,2021042005003816,NICLBSL,21,42,10,"1,812.00","18,120.00"
2021-04-20,2021042005003815,NICLBSL,21,39,10,"1,812.00","18,120.00"
2021-04-20,2021042005003814,NICLBSL,21,39,10,"1,812.00","18,120.00"
2021-04-20,2021042005003813,NICLBSL,42,39,30,"1,812.00","54,360.00"
2021-04-20,2021042005003826,NICLBSL,44,16,10,"1,812.00","18,120.00"
2021-04-20,2021042005003824,NICLBSL,44,14,10,"1,812.00","18,120.00"
2021-04-20,2021042005003823,NICLBSL,16,14,20,"1,812.00","36,240.00"
2021-04-20,2021042005003822,NICLBSL,16,17,10,"1,812.00","18,120.00"
2021-04-20,2021042005003821,NICLBSL,16,26,10,"1,812.00","18,120.00"
2021-04-20,2021042005003820,NICLBSL,16,38,10,"1,812.00","18,120.00"
2021-04-20,2021042005003832,NICLBSL,49,5,10,"1,813.00","18,130.00"
2021-04-20,2021042005003831,NICLBSL,49,47,10,"1,813.00","18,130.00"
2021-04-20,2021042005003830,NICLBSL,49,39,10,"1,813.00","18,130.00"
2021-04-20,2021042005003829,NICLBSL,36,49,10,"1,812.00","18,120.00"
2021-04-20,2021042005003828,NICLBSL,36,44,10,"1,812.00","18,120.00"
2021-04-20,2021042005003827,NICLBSL,36,7,10,"1,812.00","18,120.00"
2021-04-20,2021042005003838,NICLBSL,57,39,10,"1,812.00","18,120.00"
2021-04-20,2021042005003837,NICLBSL,57,47,10,"1,812.00","18,120.00"
2021-04-20,2021042005003836,NICLBSL,36,20,10,"1,812.00","18,120.00"
2021-04-20,2021042005003835,NICLBSL,36,47,10,"1,812.00","18,120.00"
2021-04-20,2021042005003834,NICLBSL,49,38,10,"1,813.00","18,130.00"
2021-04-20,2021042005003833,NICLBSL,49,20,10,"1,813.00","18,130.00"
2021-04-20,2021042005003844,NICLBSL,57,17,10,"1,812.00","18,120.00"
2021-04-20,2021042005003843,NICLBSL,57,29,10,"1,812.00","18,120.00"
2021-04-20,2021042005003842,NICLBSL,3,20,10,"1,813.00","18,130.00"
2021-04-20,2021042005003841,NICLBSL,3,42,10,"1,813.00","18,130.00"
2021-04-20,2021042005003840,NICLBSL,3,58,10,"1,813.00","18,130.00"
2021-04-20,2021042005003839,NICLBSL,57,49,20,"1,812.00","36,240.00"
2021-04-20,2021042005003851,NICLBSL,17,20,10,"1,813.00","18,130.00"
2021-04-20,2021042005003850,NICLBSL,17,21,10,"1,813.00","18,130.00"
2021-04-20,2021042005003849,NICLBSL,17,44,10,"1,813.00","18,130.00"
2021-04-20,2021042005003848,NICLBSL,57,29,10,"1,812.00","18,120.00"
2021-04-20,2021042005003847,NICLBSL,57,47,10,"1,812.00","18,120.00"
2021-04-20,2021042005003845,NICLBSL,57,47,10,"1,812.00","18,120.00"
2021-04-20,2021042005003857,NICLBSL,57,17,10,"1,812.00","18,120.00"
2021-04-20,2021042005003856,NICLBSL,34,35,10,"1,813.00","18,130.00"
2021-04-20,2021042005003855,NICLBSL,54,20,10,"1,814.00","18,140.00"
2021-04-20,2021042005003854,NICLBSL,54,40,10,"1,814.00","18,140.00"
2021-04-20,2021042005003853,NICLBSL,34,20,10,"1,813.00","18,130.00"
2021-04-20,2021042005003852,NICLBSL,17,42,10,"1,813.00","18,130.00"
2021-04-20,2021042005003863,NICLBSL,35,53,10,"1,812.00","18,120.00"
2021-04-20,2021042005003862,NICLBSL,35,58,50,"1,812.00","90,600.00"
2021-04-20,2021042005003861,NICLBSL,35,20,10,"1,812.00","18,120.00"
2021-04-20,2021042005003860,NICLBSL,7,1,20,"1,813.00","36,260.00"
2021-04-20,2021042005003859,NICLBSL,35,35,20,"1,812.00","36,240.00"
2021-04-20,2021042005003858,NICLBSL,35,20,10,"1,812.00","18,120.00"
2021-04-20,2021042005003869,NICLBSL,29,6,40,"1,813.00","72,520.00"
2021-04-20,2021042005003868,NICLBSL,29,55,10,"1,813.00","18,130.00"
2021-04-20,2021042005003867,NICLBSL,45,20,10,"1,812.00","18,120.00"
2021-04-20,2021042005003866,NICLBSL,45,35,10,"1,812.00","18,120.00"
2021-04-20,2021042005003865,NICLBSL,13,38,10,"1,812.00","18,120.00"
2021-04-20,2021042005003864,NICLBSL,13,16,10,"1,812.00","18,120.00"
2021-04-20,2021042005003875,NICLBSL,29,55,10,"1,812.00","18,120.00"
2021-04-20,2021042005003874,NICLBSL,29,20,10,"1,812.00","18,120.00"
2021-04-20,2021042005003873,NICLBSL,29,38,10,"1,812.00","18,120.00"
2021-04-20,2021042005003872,NICLBSL,45,49,10,"1,812.00","18,120.00"
2021-04-20,2021042005003871,NICLBSL,45,4,10,"1,812.00","18,120.00"
2021-04-20,2021042005003870,NICLBSL,45,20,10,"1,812.00","18,120.00"
2021-04-20,2021042005003882,NICLBSL,29,45,10,"1,812.00","18,120.00"
2021-04-20,2021042005003881,NICLBSL,29,59,10,"1,812.00","18,120.00"
2021-04-20,2021042005003880,NICLBSL,54,55,10,"1,813.00","18,130.00"
2021-04-20,2021042005003879,NICLBSL,54,50,10,"1,813.00","18,130.00"
2021-04-20,2021042005003878,NICLBSL,29,19,10,"1,812.00","18,120.00"
2021-04-20,2021042005003877,NICLBSL,58,6,10,"1,813.00","18,130.00"
2021-04-20,2021042005003891,NICLBSL,21,38,10,"1,812.00","18,120.00"
2021-04-20,2021042005003890,NICLBSL,29,38,120,"1,812.00","217,440.00"
2021-04-20,2021042005003889,NICLBSL,58,38,50,"1,812.00","90,600.00"
2021-04-20,2021042005003888,NICLBSL,29,17,10,"1,812.00","18,120.00"
2021-04-20,2021042005003884,NICLBSL,38,55,10,"1,813.00","18,130.00"
2021-04-20,2021042005003883,NICLBSL,29,10,10,"1,812.00","18,120.00"
2021-04-20,2021042005003897,NICLBSL,14,38,100,"1,811.00","181,100.00"
2021-04-20,2021042005003896,NICLBSL,46,38,20,"1,811.00","36,220.00"
2021-04-20,2021042005003895,NICLBSL,17,38,10,"1,812.00","18,120.00"
2021-04-20,2021042005003894,NICLBSL,33,38,18,"1,812.00","32,616.00"
2021-04-20,2021042005003893,NICLBSL,39,38,30,"1,812.00","54,360.00"
2021-04-20,2021042005003892,NICLBSL,14,38,50,"1,812.00","90,600.00"
2021-04-20,2021042005003904,NICLBSL,7,32,10,"1,812.00","18,120.00"
2021-04-20,2021042005003903,NICLBSL,7,7,10,"1,812.00","18,120.00"
2021-04-20,2021042005003902,NICLBSL,7,20,10,"1,812.00","18,120.00"
2021-04-20,2021042005003901,NICLBSL,11,20,10,"1,811.00","18,110.00"
2021-04-20,2021042005003899,NICLBSL,11,38,12,"1,811.00","21,732.00"
2021-04-20,2021042005003898,NICLBSL,47,38,100,"1,811.00","181,100.00"
2021-04-20,2021042005003911,NICLBSL,38,21,10,"1,812.00","18,120.00"
2021-04-20,2021042005003910,NICLBSL,40,16,10,"1,811.00","18,110.00"
2021-04-20,2021042005003909,NICLBSL,7,17,10,"1,812.00","18,120.00"
2021-04-20,2021042005003907,NICLBSL,42,54,10,"1,813.00","18,130.00"
2021-04-20,2021042005003906,NICLBSL,42,20,10,"1,813.00","18,130.00"
2021-04-20,2021042005003905,NICLBSL,42,53,20,"1,812.00","36,240.00"
2021-04-20,2021042005003918,NICLBSL,6,57,50,"1,811.00","90,550.00"
2021-04-20,2021042005003917,NICLBSL,21,57,50,"1,811.00","90,550.00"
2021-04-20,2021042005003916,NICLBSL,40,57,10,"1,811.00","18,110.00"
2021-04-20,2021042005003915,NICLBSL,42,57,50,"1,812.00","90,600.00"
2021-04-20,2021042005003913,NICLBSL,38,51,180,"1,814.00","326,520.00"
2021-04-20,2021042005003912,NICLBSL,38,58,10,"1,814.00","18,140.00"
2021-04-20,2021042005003924,NICLBSL,11,57,10,"1,811.00","18,110.00"
2021-04-20,2021042005003923,NICLBSL,16,57,50,"1,811.00","90,550.00"
2021-04-20,2021042005003922,NICLBSL,36,57,25,"1,811.00","45,275.00"
2021-04-20,2021042005003921,NICLBSL,21,57,10,"1,811.00","18,110.00"
2021-04-20,2021042005003920,NICLBSL,11,57,50,"1,811.00","90,550.00"
2021-04-20,2021042005003919,NICLBSL,38,57,20,"1,811.00","36,220.00"
2021-04-20,2021042005003930,NICLBSL,5,57,20,"1,810.00","36,200.00"
2021-04-20,2021042005003929,NICLBSL,48,57,250,"1,810.00","452,500.00"
2021-04-20,2021042005003928,NICLBSL,37,57,100,"1,810.00","181,000.00"
2021-04-20,2021042005003927,NICLBSL,57,57,30,"1,811.00","54,330.00"
2021-04-20,2021042005003926,NICLBSL,53,57,100,"1,811.00","181,100.00"
2021-04-20,2021042005003925,NICLBSL,41,57,50,"1,811.00","90,550.00"
2021-04-20,2021042005003936,NICLBSL,7,57,10,"1,810.00","18,100.00"
2021-04-20,2021042005003935,NICLBSL,39,57,100,"1,810.00","181,000.00"
2021-04-20,2021042005003934,NICLBSL,32,57,30,"1,810.00","54,300.00"
2021-04-20,2021042005003933,NICLBSL,39,57,50,"1,810.00","90,500.00"
2021-04-20,2021042005003932,NICLBSL,55,57,20,"1,810.00","36,200.00"
2021-04-20,2021042005003931,NICLBSL,49,57,20,"1,810.00","36,200.00"
2021-04-20,2021042005003942,NICLBSL,48,57,100,"1,810.00","181,000.00"
2021-04-20,2021042005003941,NICLBSL,35,57,20,"1,810.00","36,200.00"
2021-04-20,2021042005003940,NICLBSL,57,57,50,"1,810.00","90,500.00"
2021-04-20,2021042005003939,NICLBSL,45,57,100,"1,810.00","181,000.00"
2021-04-20,2021042005003938,NICLBSL,17,57,100,"1,810.00","181,000.00"
2021-04-20,2021042005003937,NICLBSL,59,57,10,"1,810.00","18,100.00"
2021-04-20,2021042005003948,NICLBSL,45,57,50,"1,810.00","90,500.00"
2021-04-20,2021042005003947,NICLBSL,29,57,50,"1,810.00","90,500.00"
2021-04-20,2021042005003946,NICLBSL,57,57,50,"1,810.00","90,500.00"
2021-04-20,2021042005003945,NICLBSL,21,57,100,"1,810.00","181,000.00"
2021-04-20,2021042005003944,NICLBSL,25,57,30,"1,810.00","54,300.00"
2021-04-20,2021042005003943,NICLBSL,17,57,10,"1,810.00","18,100.00"
2021-04-20,2021042005003954,NICLBSL,19,51,20,"1,814.00","36,280.00"
2021-04-20,2021042005003953,NICLBSL,42,26,20,"1,813.00","36,260.00"
2021-04-20,2021042005003952,NICLBSL,39,51,20,"1,814.00","36,280.00"
2021-04-20,2021042005003951,NICLBSL,21,57,100,"1,810.00","181,000.00"
2021-04-20,2021042005003950,NICLBSL,57,57,20,"1,810.00","36,200.00"
2021-04-20,2021042005003949,NICLBSL,57,57,100,"1,810.00","181,000.00"
2021-04-20,2021042005003960,NICLBSL,49,49,10,"1,814.00","18,140.00"
2021-04-20,2021042005003959,NICLBSL,49,57,10,"1,814.00","18,140.00"
2021-04-20,2021042005003958,NICLBSL,49,26,10,"1,814.00","18,140.00"
2021-04-20,2021042005003957,NICLBSL,49,58,10,"1,814.00","18,140.00"
2021-04-20,2021042005003956,NICLBSL,49,51,30,"1,814.00","54,420.00"
2021-04-20,2021042005003955,NICLBSL,19,38,10,"1,811.00","18,110.00"
2021-04-20,2021042005003967,NICLBSL,49,17,10,"1,814.00","18,140.00"
2021-04-20,2021042005003966,NICLBSL,49,26,10,"1,814.00","18,140.00"
2021-04-20,2021042005003965,NICLBSL,38,55,10,"1,815.00","18,150.00"
2021-04-20,2021042005003964,NICLBSL,49,35,10,"1,814.00","18,140.00"
2021-04-20,2021042005003962,NICLBSL,49,17,10,"1,814.00","18,140.00"
2021-04-20,2021042005003961,NICLBSL,41,55,10,"1,815.00","18,150.00"
2021-04-20,2021042005003974,NICLBSL,18,38,10,"1,812.00","18,120.00"
2021-04-20,2021042005003973,NICLBSL,44,38,10,"1,813.00","18,130.00"
2021-04-20,2021042005003971,NICLBSL,18,26,20,"1,812.00","36,240.00"
2021-04-20,2021042005003970,NICLBSL,49,38,10,"1,814.00","18,140.00"
2021-04-20,2021042005003969,NICLBSL,49,20,10,"1,814.00","18,140.00"
2021-04-20,2021042005003968,NICLBSL,49,57,10,"1,814.00","18,140.00"
2021-04-20,2021042005003980,NICLBSL,47,16,10,"1,812.00","18,120.00"
2021-04-20,2021042005003979,NICLBSL,47,20,10,"1,812.00","18,120.00"
2021-04-20,2021042005003978,NICLBSL,47,46,10,"1,812.00","18,120.00"
2021-04-20,2021042005003977,NICLBSL,47,17,10,"1,812.00","18,120.00"
2021-04-20,2021042005003976,NICLBSL,47,54,10,"1,812.00","18,120.00"
2021-04-20,2021042005003975,NICLBSL,47,53,10,"1,812.00","18,120.00"
2021-04-20,2021042005003988,NICLBSL,21,20,10,"1,813.00","18,130.00"
2021-04-20,2021042005003987,NICLBSL,37,22,10,"1,813.00","18,130.00"
2021-04-20,2021042005003986,NICLBSL,33,41,10,"1,813.00","18,130.00"
2021-04-20,2021042005003983,NICLBSL,11,35,10,"1,813.00","18,130.00"
2021-04-20,2021042005003982,NICLBSL,47,42,10,"1,812.00","18,120.00"
2021-04-20,2021042005003981,NICLBSL,47,56,10,"1,812.00","18,120.00"
2021-04-20,2021042005003994,NICLBSL,21,57,10,"1,813.00","18,130.00"
2021-04-20,2021042005003993,NICLBSL,21,17,20,"1,813.00","36,260.00"
2021-04-20,2021042005003992,NICLBSL,21,32,10,"1,813.00","18,130.00"
2021-04-20,2021042005003991,NICLBSL,21,17,10,"1,813.00","18,130.00"
2021-04-20,2021042005003990,NICLBSL,21,59,20,"1,813.00","36,260.00"
2021-04-20,2021042005003989,NICLBSL,21,53,10,"1,813.00","18,130.00"
2021-04-20,2021042005004000,NICLBSL,47,6,430,"1,812.00","779,160.00"
2021-04-20,2021042005003999,NICLBSL,47,35,10,"1,812.00","18,120.00"
2021-04-20,2021042005003998,NICLBSL,50,42,10,"1,813.00","18,130.00"
2021-04-20,2021042005003997,NICLBSL,36,10,10,"1,813.00","18,130.00"
2021-04-20,2021042005003996,NICLBSL,49,49,10,"1,814.00","18,140.00"
2021-04-20,2021042005003995,NICLBSL,21,13,10,"1,813.00","18,130.00"
2021-04-20,2021042005004008,NICLBSL,47,6,200,"1,812.00","362,400.00"
2021-04-20,2021042005004007,NICLBSL,47,53,10,"1,812.00","18,120.00"
2021-04-20,2021042005004006,NICLBSL,47,56,10,"1,812.00","18,120.00"
2021-04-20,2021042005004005,NICLBSL,47,58,10,"1,812.00","18,120.00"
2021-04-20,2021042005004003,NICLBSL,47,47,20,"1,812.00","36,240.00"
2021-04-20,2021042005004002,NICLBSL,45,42,20,"1,813.00","36,260.00"
2021-04-20,2021042005004014,NICLBSL,47,42,190,"1,812.00","344,280.00"
2021-04-20,2021042005004013,NICLBSL,47,17,20,"1,812.00","36,240.00"
2021-04-20,2021042005004012,NICLBSL,47,56,10,"1,812.00","18,120.00"
2021-04-20,2021042005004011,NICLBSL,47,45,10,"1,812.00","18,120.00"
2021-04-20,2021042005004010,NICLBSL,43,3,10,"1,813.00","18,130.00"
2021-04-20,2021042005004009,NICLBSL,43,45,10,"1,813.00","18,130.00"
2021-04-20,2021042005004020,NICLBSL,40,22,10,"1,813.00","18,130.00"
2021-04-20,2021042005004019,NICLBSL,56,53,10,"1,812.00","18,120.00"
2021-04-20,2021042005004018,NICLBSL,45,20,10,"1,813.00","18,130.00"
2021-04-20,2021042005004017,NICLBSL,45,38,10,"1,813.00","18,130.00"
2021-04-20,2021042005004016,NICLBSL,45,10,10,"1,813.00","18,130.00"
2021-04-20,2021042005004015,NICLBSL,56,42,40,"1,812.00","72,480.00"
2021-04-20,2021042005004026,NICLBSL,18,58,10,"1,813.00","18,130.00"
2021-04-20,2021042005004025,NICLBSL,56,21,10,"1,812.00","18,120.00"
2021-04-20,2021042005004024,NICLBSL,7,51,41,"1,813.00","74,333.00"
2021-04-20,2021042005004023,NICLBSL,56,50,10,"1,812.00","18,120.00"
2021-04-20,2021042005004022,NICLBSL,40,51,10,"1,813.00","18,130.00"
2021-04-20,2021042005004021,NICLBSL,40,6,10,"1,813.00","18,130.00"
2021-04-20,2021042005004032,NICLBSL,18,49,36,"1,814.00","65,304.00"
2021-04-20,2021042005004031,NICLBSL,18,51,10,"1,813.00","18,130.00"
2021-04-20,2021042005004030,NICLBSL,18,41,10,"1,813.00","18,130.00"
2021-04-20,2021042005004029,NICLBSL,18,35,10,"1,813.00","18,130.00"
2021-04-20,2021042005004028,NICLBSL,18,47,10,"1,813.00","18,130.00"
2021-04-20,2021042005004027,NICLBSL,18,46,10,"1,813.00","18,130.00"
2021-04-20,2021042005004038,NICLBSL,18,11,10,"1,814.00","18,140.00"
2021-04-20,2021042005004037,NICLBSL,18,49,10,"1,814.00","18,140.00"
2021-04-20,2021042005004036,NICLBSL,18,11,10,"1,814.00","18,140.00"
2021-04-20,2021042005004035,NICLBSL,18,49,10,"1,814.00","18,140.00"
2021-04-20,2021042005004034,NICLBSL,18,45,10,"1,814.00","18,140.00"
2021-04-20,2021042005004033,NICLBSL,18,49,10,"1,814.00","18,140.00"
2021-04-20,2021042005004044,NICLBSL,56,57,11,"1,812.00","19,932.00"
2021-04-20,2021042005004043,NICLBSL,49,57,20,"1,813.00","36,260.00"
2021-04-20,2021042005004042,NICLBSL,18,17,10,"1,814.00","18,140.00"
2021-04-20,2021042005004041,NICLBSL,18,11,10,"1,814.00","18,140.00"
2021-04-20,2021042005004040,NICLBSL,18,11,10,"1,814.00","18,140.00"
2021-04-20,2021042005004039,NICLBSL,18,11,10,"1,814.00","18,140.00"
2021-04-20,2021042005004050,NICLBSL,21,46,10,"1,813.00","18,130.00"
2021-04-20,2021042005004049,NICLBSL,21,57,50,"1,813.00","90,650.00"
2021-04-20,2021042005004048,NICLBSL,38,57,10,"1,813.00","18,130.00"
2021-04-20,2021042005004047,NICLBSL,56,17,10,"1,812.00","18,120.00"
2021-04-20,2021042005004046,NICLBSL,54,57,30,"1,813.00","54,390.00"
2021-04-20,2021042005004045,NICLBSL,39,57,10,"1,813.00","18,130.00"
2021-04-20,2021042005004056,NICLBSL,40,48,76,"1,812.00","137,712.00"
2021-04-20,2021042005004055,NICLBSL,40,48,50,"1,812.00","90,600.00"
2021-04-20,2021042005004054,NICLBSL,50,48,10,"1,812.00","18,120.00"
2021-04-20,2021042005004053,NICLBSL,36,48,10,"1,812.00","18,120.00"
2021-04-20,2021042005004052,NICLBSL,52,48,20,"1,813.00","36,260.00"
2021-04-20,2021042005004051,NICLBSL,21,48,40,"1,813.00","72,520.00"
2021-04-20,2021042005004062,NICLBSL,53,34,10,"1,813.00","18,130.00"
2021-04-20,2021042005004061,NICLBSL,53,22,10,"1,813.00","18,130.00"
2021-04-20,2021042005004060,NICLBSL,40,58,10,"1,812.00","18,120.00"
2021-04-20,2021042005004059,NICLBSL,50,53,10,"1,813.00","18,130.00"
2021-04-20,2021042005004058,NICLBSL,50,21,10,"1,813.00","18,130.00"
2021-04-20,2021042005004057,NICLBSL,40,46,10,"1,812.00","18,120.00"
2021-04-20,2021042005004068,NICLBSL,21,41,10,"1,813.00","18,130.00"
2021-04-20,2021042005004067,NICLBSL,21,25,10,"1,813.00","18,130.00"
2021-04-20,2021042005004066,NICLBSL,34,29,10,"1,812.00","18,120.00"
2021-04-20,2021042005004065,NICLBSL,34,38,10,"1,812.00","18,120.00"
2021-04-20,2021042005004064,NICLBSL,34,17,10,"1,812.00","18,120.00"
2021-04-20,2021042005004063,NICLBSL,34,45,15,"1,812.00","27,180.00"
2021-04-20,2021042005004074,NICLBSL,25,32,15,"1,812.00","27,180.00"
2021-04-20,2021042005004073,NICLBSL,34,32,20,"1,812.00","36,240.00"
2021-04-20,2021042005004072,NICLBSL,28,32,20,"1,812.00","36,240.00"
2021-04-20,2021042005004071,NICLBSL,34,32,45,"1,812.00","81,540.00"
2021-04-20,2021042005004070,NICLBSL,50,37,20,"1,813.00","36,260.00"
2021-04-20,2021042005004069,NICLBSL,34,29,10,"1,812.00","18,120.00"
2021-04-20,2021042005004080,NICLBSL,25,57,15,"1,812.00","27,180.00"
2021-04-20,2021042005004079,NICLBSL,25,58,10,"1,812.00","18,120.00"
2021-04-20,2021042005004078,NICLBSL,37,1,10,"1,813.00","18,130.00"
2021-04-20,2021042005004077,NICLBSL,37,47,10,"1,813.00","18,130.00"
2021-04-20,2021042005004076,NICLBSL,38,17,20,"1,813.00","36,260.00"
2021-04-20,2021042005004075,NICLBSL,25,58,10,"1,812.00","18,120.00"
2021-04-20,2021042005004086,NICLBSL,43,47,10,"1,813.00","18,130.00"
2021-04-20,2021042005004085,NICLBSL,16,58,10,"1,812.00","18,120.00"
2021-04-20,2021042005004084,NICLBSL,16,51,10,"1,812.00","18,120.00"
2021-04-20,2021042005004083,NICLBSL,14,39,40,"1,813.00","72,520.00"
2021-04-20,2021042005004082,NICLBSL,41,32,100,"1,813.00","181,300.00"
2021-04-20,2021042005004081,NICLBSL,16,57,16,"1,812.00","28,992.00"
2021-04-20,2021042005004092,NICLBSL,14,25,20,"1,813.00","36,260.00"
2021-04-20,2021042005004091,NICLBSL,16,58,10,"1,812.00","18,120.00"
2021-04-20,2021042005004090,NICLBSL,43,14,10,"1,814.00","18,140.00"
2021-04-20,2021042005004089,NICLBSL,43,53,10,"1,814.00","18,140.00"
2021-04-20,2021042005004088,NICLBSL,43,11,10,"1,814.00","18,140.00"
2021-04-20,2021042005004087,NICLBSL,43,57,10,"1,813.00","18,130.00"
2021-04-20,2021042005004098,NICLBSL,14,17,10,"1,813.00","18,130.00"
2021-04-20,2021042005004097,NICLBSL,14,29,10,"1,813.00","18,130.00"
2021-04-20,2021042005004096,NICLBSL,14,22,10,"1,813.00","18,130.00"
2021-04-20,2021042005004095,NICLBSL,14,45,14,"1,813.00","25,382.00"
2021-04-20,2021042005004094,NICLBSL,14,58,10,"1,813.00","18,130.00"
2021-04-20,2021042005004093,NICLBSL,14,42,10,"1,813.00","18,130.00"
2021-04-20,2021042005004104,NICLBSL,19,22,10,"1,814.00","18,140.00"
2021-04-20,2021042005004103,NICLBSL,19,14,180,"1,814.00","326,520.00"
2021-04-20,2021042005004102,NICLBSL,58,14,30,"1,814.00","54,420.00"
2021-04-20,2021042005004101,NICLBSL,58,29,10,"1,813.00","18,130.00"
2021-04-20,2021042005004100,NICLBSL,58,3,10,"1,813.00","18,130.00"
2021-04-20,2021042005004099,NICLBSL,14,45,10,"1,813.00","18,130.00"
2021-04-20,2021042005004110,NICLBSL,33,36,20,"1,815.00","36,300.00"
2021-04-20,2021042005004109,NICLBSL,33,40,10,"1,815.00","18,150.00"
2021-04-20,2021042005004108,NICLBSL,33,55,58,"1,815.00","105,270.00"
2021-04-20,2021042005004107,NICLBSL,41,34,10,"1,814.00","18,140.00"
2021-04-20,2021042005004106,NICLBSL,41,46,40,"1,814.00","72,560.00"
2021-04-20,2021042005004105,NICLBSL,19,46,60,"1,814.00","108,840.00"
2021-04-20,2021042005004116,NICLBSL,33,32,10,"1,815.00","18,150.00"
2021-04-20,2021042005004115,NICLBSL,33,34,10,"1,815.00","18,150.00"
2021-04-20,2021042005004114,NICLBSL,33,34,20,"1,815.00","36,300.00"
2021-04-20,2021042005004113,NICLBSL,33,21,50,"1,815.00","90,750.00"
2021-04-20,2021042005004112,NICLBSL,33,49,10,"1,815.00","18,150.00"
2021-04-20,2021042005004111,NICLBSL,33,49,10,"1,815.00","18,150.00"
2021-04-20,2021042005004122,NICLBSL,32,49,30,"1,812.00","54,360.00"
2021-04-20,2021042005004121,NICLBSL,29,49,100,"1,812.00","181,200.00"
2021-04-20,2021042005004120,NICLBSL,16,49,74,"1,812.00","134,088.00"
2021-04-20,2021042005004119,NICLBSL,16,38,10,"1,812.00","18,120.00"
2021-04-20,2021042005004118,NICLBSL,16,47,140,"1,812.00","253,680.00"
2021-04-20,2021042005004117,NICLBSL,37,47,20,"1,813.00","36,260.00"
2021-04-20,2021042005004128,NICLBSL,56,45,100,"1,812.00","181,200.00"
2021-04-20,2021042005004127,NICLBSL,52,45,10,"1,812.00","18,120.00"
2021-04-20,2021042005004126,NICLBSL,28,49,21,"1,812.00","38,052.00"
2021-04-20,2021042005004125,NICLBSL,33,49,10,"1,812.00","18,120.00"
2021-04-20,2021042005004124,NICLBSL,42,49,35,"1,812.00","63,420.00"
2021-04-20,2021042005004123,NICLBSL,39,49,30,"1,812.00","54,360.00"
2021-04-20,2021042005004134,NICLBSL,21,4,50,"1,815.00","90,750.00"
2021-04-20,2021042005004133,NICLBSL,17,17,10,"1,813.00","18,130.00"
2021-04-20,2021042005004132,NICLBSL,58,32,10,"1,815.00","18,150.00"
2021-04-20,2021042005004131,NICLBSL,57,45,35,"1,812.00","63,420.00"
2021-04-20,2021042005004130,NICLBSL,43,45,25,"1,812.00","45,300.00"
2021-04-20,2021042005004129,NICLBSL,32,45,50,"1,812.00","90,600.00"
2021-04-20,2021042005004140,NICLBSL,19,4,110,"1,814.00","199,540.00"
2021-04-20,2021042005004139,NICLBSL,19,29,10,"1,814.00","18,140.00"
2021-04-20,2021042005004138,NICLBSL,19,26,10,"1,814.00","18,140.00"
2021-04-20,2021042005004137,NICLBSL,19,32,100,"1,814.00","181,400.00"
2021-04-20,2021042005004136,NICLBSL,19,38,10,"1,814.00","18,140.00"
2021-04-20,2021042005004135,NICLBSL,19,58,10,"1,814.00","18,140.00"
2021-04-20,2021042005004146,NICLBSL,17,17,10,"1,813.00","18,130.00"
2021-04-20,2021042005004145,NICLBSL,48,4,20,"1,815.00","36,300.00"
2021-04-20,2021042005004144,NICLBSL,8,4,20,"1,814.00","36,280.00"
2021-04-20,2021042005004143,NICLBSL,57,4,30,"1,814.00","54,420.00"
2021-04-20,2021042005004142,NICLBSL,57,4,30,"1,814.00","54,420.00"
2021-04-20,2021042005004141,NICLBSL,34,4,10,"1,814.00","18,140.00"
2021-04-20,2021042005004152,NICLBSL,53,4,20,"1,815.00","36,300.00"
2021-04-20,2021042005004151,NICLBSL,49,38,10,"1,814.00","18,140.00"
2021-04-20,2021042005004150,NICLBSL,49,29,10,"1,814.00","18,140.00"
2021-04-20,2021042005004149,NICLBSL,49,44,10,"1,814.00","18,140.00"
2021-04-20,2021042005004148,NICLBSL,57,4,20,"1,815.00","36,300.00"
2021-04-20,2021042005004147,NICLBSL,42,4,55,"1,815.00","99,825.00"
2021-04-20,2021042005004158,NICLBSL,57,1,15,"1,815.00","27,225.00"
2021-04-20,2021042005004157,NICLBSL,57,25,10,"1,815.00","18,150.00"
2021-04-20,2021042005004156,NICLBSL,57,17,10,"1,815.00","18,150.00"
2021-04-20,2021042005004155,NICLBSL,57,33,20,"1,815.00","36,300.00"
2021-04-20,2021042005004154,NICLBSL,57,16,10,"1,815.00","18,150.00"
2021-04-20,2021042005004153,NICLBSL,57,4,35,"1,815.00","63,525.00"
2021-04-20,2021042005004164,NICLBSL,45,1,10,"1,815.00","18,150.00"
2021-04-20,2021042005004163,NICLBSL,45,33,10,"1,815.00","18,150.00"
2021-04-20,2021042005004162,NICLBSL,45,58,10,"1,815.00","18,150.00"
2021-04-20,2021042005004161,NICLBSL,45,1,10,"1,815.00","18,150.00"
2021-04-20,2021042005004160,NICLBSL,45,29,10,"1,815.00","18,150.00"
2021-04-20,2021042005004159,NICLBSL,45,1,16,"1,815.00","29,040.00"
2021-04-20,2021042005004171,NICLBSL,25,13,10,"1,818.00","18,180.00"
2021-04-20,2021042005004170,NICLBSL,25,13,41,"1,818.00","74,538.00"
2021-04-20,2021042005004169,NICLBSL,25,1,31,"1,818.00","56,358.00"
2021-04-20,2021042005004168,NICLBSL,25,17,10,"1,818.00","18,180.00"
2021-04-20,2021042005004167,NICLBSL,45,49,10,"1,815.00","18,150.00"
2021-04-20,2021042005004165,NICLBSL,45,48,10,"1,815.00","18,150.00"
2021-04-20,2021042005004177,NICLBSL,57,54,10,"1,815.00","18,150.00"
2021-04-20,2021042005004176,NICLBSL,45,29,10,"1,815.00","18,150.00"
2021-04-20,2021042005004175,NICLBSL,39,43,144,"1,818.00","261,792.00"
2021-04-20,2021042005004174,NICLBSL,39,1,10,"1,818.00","18,180.00"
2021-04-20,2021042005004173,NICLBSL,39,13,10,"1,818.00","18,180.00"
2021-04-20,2021042005004172,NICLBSL,39,13,36,"1,818.00","65,448.00"
2021-04-20,2021042005004183,NICLBSL,25,58,15,"1,815.00","27,225.00"
2021-04-20,2021042005004182,NICLBSL,49,58,10,"1,815.00","18,150.00"
2021-04-20,2021042005004181,NICLBSL,45,58,10,"1,815.00","18,150.00"
2021-04-20,2021042005004180,NICLBSL,35,58,40,"1,815.00","72,600.00"
2021-04-20,2021042005004179,NICLBSL,49,58,10,"1,815.00","18,150.00"
2021-04-20,2021042005004178,NICLBSL,39,58,20,"1,815.00","36,300.00"
2021-04-20,2021042005004189,NICLBSL,57,25,10,"1,815.00","18,150.00"
2021-04-20,2021042005004188,NICLBSL,57,33,10,"1,815.00","18,150.00"
2021-04-20,2021042005004187,NICLBSL,57,58,13,"1,815.00","23,595.00"
2021-04-20,2021042005004186,NICLBSL,48,58,10,"1,815.00","18,150.00"
2021-04-20,2021042005004185,NICLBSL,1,58,62,"1,815.00","112,530.00"
2021-04-20,2021042005004184,NICLBSL,17,58,20,"1,815.00","36,300.00"
2021-04-20,2021042005004195,NICLBSL,57,43,50,"1,814.00","90,700.00"
2021-04-20,2021042005004194,NICLBSL,58,43,50,"1,815.00","90,750.00"
2021-04-20,2021042005004193,NICLBSL,3,43,50,"1,815.00","90,750.00"
2021-04-20,2021042005004192,NICLBSL,57,43,17,"1,815.00","30,855.00"
2021-04-20,2021042005004191,NICLBSL,38,43,59,"1,818.00","107,262.00"
2021-04-20,2021042005004190,NICLBSL,38,49,41,"1,817.00","74,497.00"
2021-04-20,2021042005004201,NICLBSL,26,43,50,"1,813.00","90,650.00"
2021-04-20,2021042005004200,NICLBSL,17,43,20,"1,813.00","36,260.00"
2021-04-20,2021042005004199,NICLBSL,38,43,10,"1,814.00","18,140.00"
2021-04-20,2021042005004198,NICLBSL,25,43,85,"1,814.00","154,190.00"
2021-04-20,2021042005004197,NICLBSL,41,43,53,"1,814.00","96,142.00"
2021-04-20,2021042005004196,NICLBSL,41,43,10,"1,814.00","18,140.00"
2021-04-20,2021042005004209,NICLBSL,34,43,10,"1,818.00","18,180.00"
2021-04-20,2021042005004208,NICLBSL,51,17,10,"1,815.00","18,150.00"
2021-04-20,2021042005004207,NICLBSL,51,29,10,"1,815.00","18,150.00"
2021-04-20,2021042005004205,NICLBSL,38,43,46,"1,818.00","83,628.00"
2021-04-20,2021042005004204,NICLBSL,38,56,10,"1,815.00","18,150.00"
2021-04-20,2021042005004202,NICLBSL,40,43,100,"1,813.00","181,300.00"
2021-04-20,2021042005004217,NICLBSL,57,43,51,"1,818.00","92,718.00"
2021-04-20,2021042005004216,NICLBSL,37,29,10,"1,816.00","18,160.00"
2021-04-20,2021042005004214,NICLBSL,34,43,20,"1,818.00","36,360.00"
2021-04-20,2021042005004213,NICLBSL,34,33,10,"1,817.00","18,170.00"
2021-04-20,2021042005004211,NICLBSL,44,43,20,"1,818.00","36,360.00"
2021-04-20,2021042005004210,NICLBSL,5,43,150,"1,818.00","272,700.00"
2021-04-20,2021042005004224,NICLBSL,42,5,50,"1,815.00","90,750.00"
2021-04-20,2021042005004223,NICLBSL,51,5,30,"1,815.00","54,450.00"
2021-04-20,2021042005004222,NICLBSL,51,5,80,"1,815.00","145,200.00"
2021-04-20,2021042005004221,NICLBSL,37,5,20,"1,816.00","36,320.00"
2021-04-20,2021042005004219,NICLBSL,57,57,39,"1,818.00","70,902.00"
2021-04-20,2021042005004218,NICLBSL,57,52,10,"1,818.00","18,180.00"
2021-04-20,2021042005004230,NICLBSL,45,57,51,"1,818.00","92,718.00"
2021-04-20,2021042005004229,NICLBSL,13,57,10,"1,818.00","18,180.00"
2021-04-20,2021042005004228,NICLBSL,22,57,10,"1,816.00","18,160.00"
2021-04-20,2021042005004227,NICLBSL,22,38,10,"1,816.00","18,160.00"
2021-04-20,2021042005004226,NICLBSL,22,33,10,"1,816.00","18,160.00"
2021-04-20,2021042005004225,NICLBSL,33,5,130,"1,815.00","235,950.00"
2021-04-20,2021042005004236,NICLBSL,45,49,10,"1,815.00","18,150.00"
2021-04-20,2021042005004235,NICLBSL,33,49,120,"1,815.00","217,800.00"
2021-04-20,2021042005004234,NICLBSL,22,49,20,"1,816.00","36,320.00"
2021-04-20,2021042005004233,NICLBSL,38,49,10,"1,817.00","18,170.00"
2021-04-20,2021042005004232,NICLBSL,14,49,10,"1,818.00","18,180.00"
2021-04-20,2021042005004231,NICLBSL,45,49,49,"1,818.00","89,082.00"
2021-04-20,2021042005004242,NICLBSL,42,49,12,"1,815.00","21,780.00"
2021-04-20,2021042005004241,NICLBSL,21,49,10,"1,815.00","18,150.00"
2021-04-20,2021042005004240,NICLBSL,22,49,20,"1,815.00","36,300.00"
2021-04-20,2021042005004239,NICLBSL,56,49,30,"1,815.00","54,450.00"
2021-04-20,2021042005004238,NICLBSL,29,49,20,"1,815.00","36,300.00"
2021-04-20,2021042005004237,NICLBSL,57,49,50,"1,815.00","90,750.00"
2021-04-20,2021042005004248,NICLBSL,18,39,10,"1,817.00","18,170.00"
2021-04-20,2021042005004247,NICLBSL,45,33,10,"1,818.00","18,180.00"
2021-04-20,2021042005004246,NICLBSL,42,33,40,"1,818.00","72,720.00"
2021-04-20,2021042005004245,NICLBSL,29,28,10,"1,816.00","18,160.00"
2021-04-20,2021042005004244,NICLBSL,38,48,10,"1,816.00","18,160.00"
2021-04-20,2021042005004243,NICLBSL,49,33,20,"1,818.00","36,360.00"
2021-04-20,2021042005003738,JLI,14,49,10,751.00,"7,510.00"
2021-04-20,2021042005003721,JLI,14,49,10,751.00,"7,510.00"
2021-04-20,2021042005003692,JLI,14,49,10,751.00,"7,510.00"
2021-04-20,2021042005003691,JLI,14,44,10,751.00,"7,510.00"
2021-04-20,2021042005003641,JLI,14,32,10,751.00,"7,510.00"
2021-04-20,2021042005003629,JLI,14,36,10,751.00,"7,510.00"
2021-04-20,2021042005003340,JLI,38,38,5,751.00,"3,755.00"
2021-04-20,2021042005003290,JLI,14,36,10,751.00,"7,510.00"
2021-04-20,2021042005003267,JLI,14,49,10,751.00,"7,510.00"
2021-04-20,2021042005003256,JLI,14,36,10,751.00,"7,510.00"
2021-04-20,2021042005003472,JLI,14,28,10,751.00,"7,510.00"
2021-04-20,2021042005003468,JLI,14,32,10,751.00,"7,510.00"
2021-04-20,2021042005003459,JLI,14,36,10,751.00,"7,510.00"
2021-04-20,2021042005003428,JLI,14,32,10,751.00,"7,510.00"
2021-04-20,2021042005003369,JLI,14,10,10,751.00,"7,510.00"
2021-04-20,2021042005003360,JLI,14,28,10,751.00,"7,510.00"
2021-04-20,2021042005003599,JLI,14,32,10,751.00,"7,510.00"
2021-04-20,2021042005003586,JLI,14,28,10,751.00,"7,510.00"
2021-04-20,2021042005003572,JLI,14,28,10,751.00,"7,510.00"
2021-04-20,2021042005003570,JLI,14,16,10,751.00,"7,510.00"
2021-04-20,2021042005003557,JLI,14,46,10,751.00,"7,510.00"
2021-04-20,2021042005003488,JLI,14,17,10,751.00,"7,510.00"
2021-04-20,2021042005003677,MLBSL,59,36,10,"1,606.00","16,060.00"
2021-04-20,2021042005003597,MLBSL,59,41,10,"1,606.00","16,060.00"
2021-04-20,2021042005003754,NICLBSL,40,17,10,"1,813.00","18,130.00"
2021-04-20,2021042005003753,NICLBSL,40,38,10,"1,813.00","18,130.00"
2021-04-20,2021042005003752,NICLBSL,4,53,10,"1,814.00","18,140.00"
2021-04-20,2021042005003751,NICLBSL,4,22,10,"1,814.00","18,140.00"
2021-04-20,2021042005003750,NICLBSL,40,17,20,"1,813.00","36,260.00"
2021-04-20,2021042005003749,NICLBSL,40,57,10,"1,813.00","18,130.00"
2021-04-20,2021042005003257,NICLBSL,40,49,50,"1,816.00","90,800.00"
2021-04-20,2021042005003255,NICLBSL,28,58,10,"1,816.00","18,160.00"
2021-04-20,2021042005003263,NICLBSL,58,11,10,"1,815.00","18,150.00"
2021-04-20,2021042005003262,NICLBSL,58,57,10,"1,815.00","18,150.00"
2021-04-20,2021042005003261,NICLBSL,11,51,10,"1,816.00","18,160.00"
2021-04-20,2021042005003260,NICLBSL,11,49,10,"1,816.00","18,160.00"
2021-04-20,2021042005003259,NICLBSL,58,28,10,"1,815.00","18,150.00"
2021-04-20,2021042005003258,NICLBSL,44,49,40,"1,816.00","72,640.00"
2021-04-20,2021042005003270,NICLBSL,25,59,10,"1,815.00","18,150.00"
2021-04-20,2021042005003269,NICLBSL,25,48,10,"1,815.00","18,150.00"
2021-04-20,2021042005003268,NICLBSL,52,21,10,"1,815.00","18,150.00"
2021-04-20,2021042005003266,NICLBSL,52,28,10,"1,815.00","18,150.00"
2021-04-20,2021042005003265,NICLBSL,52,48,10,"1,815.00","18,150.00"
2021-04-20,2021042005003264,NICLBSL,34,38,10,"1,816.00","18,160.00"
2021-04-20,2021042005003276,NICLBSL,21,35,10,"1,820.00","18,200.00"
2021-04-20,2021042005003275,NICLBSL,21,56,10,"1,820.00","18,200.00"
2021-04-20,2021042005003274,NICLBSL,21,19,10,"1,820.00","18,200.00"
2021-04-20,2021042005003273,NICLBSL,21,58,20,"1,820.00","36,400.00"
2021-04-20,2021042005003272,NICLBSL,38,34,10,"1,820.00","18,200.00"
2021-04-20,2021042005003271,NICLBSL,38,45,10,"1,815.00","18,150.00"
2021-04-20,2021042005003282,NICLBSL,52,4,20,"1,815.00","36,300.00"
2021-04-20,2021042005003281,NICLBSL,38,4,15,"1,815.00","27,225.00"
2021-04-20,2021042005003280,NICLBSL,51,4,150,"1,816.00","272,400.00"
2021-04-20,2021042005003279,NICLBSL,45,4,30,"1,816.00","54,480.00"
2021-04-20,2021042005003278,NICLBSL,45,59,10,"1,816.00","18,160.00"
2021-04-20,2021042005003277,NICLBSL,45,11,10,"1,816.00","18,160.00"
2021-04-20,2021042005003288,NICLBSL,35,39,10,"1,816.00","18,160.00"
2021-04-20,2021042005003287,NICLBSL,35,59,10,"1,816.00","18,160.00"
2021-04-20,2021042005003286,NICLBSL,35,33,20,"1,816.00","36,320.00"
2021-04-20,2021042005003285,NICLBSL,35,45,10,"1,815.00","18,150.00"
2021-04-20,2021042005003284,NICLBSL,35,40,10,"1,815.00","18,150.00"
2021-04-20,2021042005003283,NICLBSL,35,4,85,"1,815.00","154,275.00"
2021-04-20,2021042005003295,NICLBSL,35,59,10,"1,816.00","18,160.00"
2021-04-20,2021042005003294,NICLBSL,35,47,10,"1,816.00","18,160.00"
2021-04-20,2021042005003293,NICLBSL,35,11,20,"1,816.00","36,320.00"
2021-04-20,2021042005003292,NICLBSL,35,48,10,"1,816.00","18,160.00"
2021-04-20,2021042005003291,NICLBSL,35,59,10,"1,816.00","18,160.00"
2021-04-20,2021042005003289,NICLBSL,35,45,10,"1,816.00","18,160.00"
2021-04-20,2021042005003301,NICLBSL,35,11,10,"1,816.00","18,160.00"
2021-04-20,2021042005003300,NICLBSL,35,29,10,"1,816.00","18,160.00"
2021-04-20,2021042005003299,NICLBSL,35,38,10,"1,816.00","18,160.00"
2021-04-20,2021042005003298,NICLBSL,35,35,10,"1,816.00","18,160.00"
2021-04-20,2021042005003297,NICLBSL,35,59,10,"1,816.00","18,160.00"
2021-04-20,2021042005003296,NICLBSL,35,48,20,"1,816.00","36,320.00"
2021-04-20,2021042005003307,NICLBSL,39,14,10,"1,818.00","18,180.00"
2021-04-20,2021042005003306,NICLBSL,49,58,20,"1,817.00","36,340.00"
2021-04-20,2021042005003305,NICLBSL,35,41,10,"1,816.00","18,160.00"
2021-04-20,2021042005003304,NICLBSL,35,38,10,"1,816.00","18,160.00"
2021-04-20,2021042005003303,NICLBSL,35,59,10,"1,816.00","18,160.00"
2021-04-20,2021042005003302,NICLBSL,35,51,10,"1,816.00","18,160.00"
2021-04-20,2021042005003313,NICLBSL,35,59,10,"1,816.00","18,160.00"
2021-04-20,2021042005003312,NICLBSL,35,59,10,"1,816.00","18,160.00"
2021-04-20,2021042005003311,NICLBSL,49,11,10,"1,817.00","18,170.00"
2021-04-20,2021042005003310,NICLBSL,49,36,10,"1,817.00","18,170.00"
2021-04-20,2021042005003309,NICLBSL,49,59,10,"1,817.00","18,170.00"
2021-04-20,2021042005003308,NICLBSL,39,59,10,"1,818.00","18,180.00"
2021-04-20,2021042005003319,NICLBSL,47,44,20,"1,816.00","36,320.00"
2021-04-20,2021042005003318,NICLBSL,47,48,10,"1,816.00","18,160.00"
2021-04-20,2021042005003317,NICLBSL,47,59,10,"1,816.00","18,160.00"
2021-04-20,2021042005003316,NICLBSL,47,11,10,"1,816.00","18,160.00"
2021-04-20,2021042005003315,NICLBSL,47,45,20,"1,816.00","36,320.00"
2021-04-20,2021042005003314,NICLBSL,35,59,10,"1,816.00","18,160.00"
2021-04-20,2021042005003325,NICLBSL,49,14,10,"1,817.00","18,170.00"
2021-04-20,2021042005003324,NICLBSL,49,58,20,"1,817.00","36,340.00"
2021-04-20,2021042005003323,NICLBSL,49,50,10,"1,817.00","18,170.00"
2021-04-20,2021042005003322,NICLBSL,47,59,10,"1,816.00","18,160.00"
2021-04-20,2021042005003321,NICLBSL,44,50,10,"1,817.00","18,170.00"
2021-04-20,2021042005003320,NICLBSL,47,28,10,"1,816.00","18,160.00"
2021-04-20,2021042005003331,NICLBSL,47,49,10,"1,816.00","18,160.00"
2021-04-20,2021042005003330,NICLBSL,41,49,20,"1,817.00","36,340.00"
2021-04-20,2021042005003329,NICLBSL,49,49,30,"1,817.00","54,510.00"
2021-04-20,2021042005003328,NICLBSL,49,58,10,"1,817.00","18,170.00"
2021-04-20,2021042005003327,NICLBSL,49,59,10,"1,817.00","18,170.00"
2021-04-20,2021042005003326,NICLBSL,49,58,10,"1,817.00","18,170.00"
2021-04-20,2021042005003337,NICLBSL,25,11,10,"1,817.00","18,170.00"
2021-04-20,2021042005003336,NICLBSL,29,1,77,"1,816.00","139,832.00"
2021-04-20,2021042005003335,NICLBSL,19,1,43,"1,816.00","78,088.00"
2021-04-20,2021042005003334,NICLBSL,35,49,100,"1,816.00","181,600.00"
2021-04-20,2021042005003333,NICLBSL,7,49,20,"1,816.00","36,320.00"
2021-04-20,2021042005003332,NICLBSL,14,49,20,"1,816.00","36,320.00"
2021-04-20,2021042005003344,NICLBSL,29,55,10,"1,816.00","18,160.00"
2021-04-20,2021042005003343,NICLBSL,5,58,20,"1,817.00","36,340.00"
2021-04-20,2021042005003342,NICLBSL,29,1,20,"1,817.00","36,340.00"
2021-04-20,2021042005003341,NICLBSL,33,58,10,"1,817.00","18,170.00"
2021-04-20,2021042005003339,NICLBSL,33,4,20,"1,819.00","36,380.00"
2021-04-20,2021042005003338,NICLBSL,33,21,10,"1,817.00","18,170.00"
2021-04-20,2021042005003350,NICLBSL,29,48,20,"1,816.00","36,320.00"
2021-04-20,2021042005003349,NICLBSL,44,39,10,"1,818.00","18,180.00"
2021-04-20,2021042005003348,NICLBSL,44,11,10,"1,817.00","18,170.00"
2021-04-20,2021042005003347,NICLBSL,29,38,10,"1,816.00","18,160.00"
2021-04-20,2021042005003346,NICLBSL,45,11,10,"1,817.00","18,170.00"
2021-04-20,2021042005003345,NICLBSL,29,16,100,"1,816.00","181,600.00"
2021-04-20,2021042005003356,NICLBSL,33,6,10,"1,817.00","18,170.00"
2021-04-20,2021042005003355,NICLBSL,33,11,10,"1,817.00","18,170.00"
2021-04-20,2021042005003354,NICLBSL,29,11,20,"1,816.00","36,320.00"
2021-04-20,2021042005003353,NICLBSL,29,49,10,"1,816.00","18,160.00"
2021-04-20,2021042005003352,NICLBSL,29,28,10,"1,816.00","18,160.00"
2021-04-20,2021042005003351,NICLBSL,29,1,10,"1,816.00","18,160.00"
2021-04-20,2021042005003363,NICLBSL,22,58,10,"1,816.00","18,160.00"
2021-04-20,2021042005003362,NICLBSL,41,4,20,"1,820.00","36,400.00"
2021-04-20,2021042005003361,NICLBSL,22,46,10,"1,816.00","18,160.00"
2021-04-20,2021042005003359,NICLBSL,21,11,10,"1,816.00","18,160.00"
2021-04-20,2021042005003358,NICLBSL,7,58,20,"1,817.00","36,340.00"
2021-04-20,2021042005003357,NICLBSL,29,48,10,"1,816.00","18,160.00"
2021-04-20,2021042005003370,NICLBSL,35,48,20,"1,817.00","36,340.00"
2021-04-20,2021042005003368,NICLBSL,35,45,10,"1,817.00","18,170.00"
2021-04-20,2021042005003367,NICLBSL,35,22,10,"1,817.00","18,170.00"
2021-04-20,2021042005003366,NICLBSL,35,11,10,"1,817.00","18,170.00"
2021-04-20,2021042005003365,NICLBSL,22,42,20,"1,816.00","36,320.00"
2021-04-20,2021042005003364,NICLBSL,22,1,20,"1,816.00","36,320.00"
2021-04-20,2021042005003376,NICLBSL,35,48,10,"1,818.00","18,180.00"
2021-04-20,2021042005003375,NICLBSL,35,29,20,"1,818.00","36,360.00"
2021-04-20,2021042005003374,NICLBSL,35,49,10,"1,818.00","18,180.00"
2021-04-20,2021042005003373,NICLBSL,35,39,10,"1,818.00","18,180.00"
2021-04-20,2021042005003372,NICLBSL,35,11,10,"1,818.00","18,180.00"
2021-04-20,2021042005003371,NICLBSL,35,22,10,"1,817.00","18,170.00"
2021-04-20,2021042005003382,NICLBSL,56,51,45,"1,820.00","81,900.00"
2021-04-20,2021042005003381,NICLBSL,56,21,10,"1,819.00","18,190.00"
2021-04-20,2021042005003380,NICLBSL,35,49,10,"1,818.00","18,180.00"
2021-04-20,2021042005003379,NICLBSL,35,45,10,"1,818.00","18,180.00"
2021-04-20,2021042005003378,NICLBSL,35,45,75,"1,818.00","136,350.00"
2021-04-20,2021042005003377,NICLBSL,35,34,10,"1,818.00","18,180.00"
2021-04-20,2021042005003388,NICLBSL,35,38,10,"1,817.00","18,170.00"
2021-04-20,2021042005003387,NICLBSL,35,1,10,"1,817.00","18,170.00"
2021-04-20,2021042005003386,NICLBSL,35,45,10,"1,817.00","18,170.00"
2021-04-20,2021042005003385,NICLBSL,35,48,10,"1,817.00","18,170.00"
2021-04-20,2021042005003384,NICLBSL,35,34,10,"1,817.00","18,170.00"
2021-04-20,2021042005003383,NICLBSL,35,17,85,"1,818.00","154,530.00"
2021-04-20,2021042005003394,NICLBSL,35,45,10,"1,817.00","18,170.00"
2021-04-20,2021042005003393,NICLBSL,35,11,20,"1,817.00","36,340.00"
2021-04-20,2021042005003392,NICLBSL,35,28,10,"1,817.00","18,170.00"
2021-04-20,2021042005003391,NICLBSL,35,28,10,"1,817.00","18,170.00"
2021-04-20,2021042005003390,NICLBSL,35,48,10,"1,817.00","18,170.00"
2021-04-20,2021042005003389,NICLBSL,35,34,20,"1,817.00","36,340.00"
2021-04-20,2021042005003400,NICLBSL,35,38,10,"1,817.00","18,170.00"
2021-04-20,2021042005003399,NICLBSL,35,1,10,"1,817.00","18,170.00"
2021-04-20,2021042005003398,NICLBSL,35,20,10,"1,817.00","18,170.00"
2021-04-20,2021042005003397,NICLBSL,35,49,10,"1,817.00","18,170.00"
2021-04-20,2021042005003396,NICLBSL,35,43,10,"1,817.00","18,170.00"
2021-04-20,2021042005003395,NICLBSL,35,1,10,"1,817.00","18,170.00"
2021-04-20,2021042005003406,NICLBSL,35,58,10,"1,817.00","18,170.00"
2021-04-20,2021042005003405,NICLBSL,4,13,10,"1,818.00","18,180.00"
2021-04-20,2021042005003404,NICLBSL,4,16,10,"1,818.00","18,180.00"
2021-04-20,2021042005003403,NICLBSL,4,17,10,"1,818.00","18,180.00"
2021-04-20,2021042005003402,NICLBSL,4,17,25,"1,818.00","45,450.00"
2021-04-20,2021042005003401,NICLBSL,35,28,10,"1,817.00","18,170.00"
2021-04-20,2021042005003412,NICLBSL,35,44,10,"1,817.00","18,170.00"
2021-04-20,2021042005003411,NICLBSL,35,8,10,"1,817.00","18,170.00"
2021-04-20,2021042005003410,NICLBSL,49,55,10,"1,818.00","18,180.00"
2021-04-20,2021042005003409,NICLBSL,35,45,10,"1,817.00","18,170.00"
2021-04-20,2021042005003408,NICLBSL,35,1,10,"1,817.00","18,170.00"
2021-04-20,2021042005003407,NICLBSL,35,8,10,"1,817.00","18,170.00"
2021-04-20,2021042005003418,NICLBSL,35,11,10,"1,817.00","18,170.00"
2021-04-20,2021042005003417,NICLBSL,38,36,10,"1,818.00","18,180.00"
2021-04-20,2021042005003416,NICLBSL,35,8,10,"1,817.00","18,170.00"
2021-04-20,2021042005003415,NICLBSL,35,45,10,"1,817.00","18,170.00"
2021-04-20,2021042005003414,NICLBSL,53,35,20,"1,818.00","36,360.00"
2021-04-20,2021042005003413,NICLBSL,53,28,10,"1,817.00","18,170.00"
2021-04-20,2021042005003424,NICLBSL,44,8,10,"1,818.00","18,180.00"
2021-04-20,2021042005003423,NICLBSL,44,49,10,"1,818.00","18,180.00"
2021-04-20,2021042005003422,NICLBSL,44,10,10,"1,818.00","18,180.00"
2021-04-20,2021042005003421,NICLBSL,44,36,10,"1,818.00","18,180.00"
2021-04-20,2021042005003420,NICLBSL,44,58,10,"1,818.00","18,180.00"
2021-04-20,2021042005003419,NICLBSL,35,8,10,"1,817.00","18,170.00"
2021-04-20,2021042005003431,NICLBSL,35,58,10,"1,817.00","18,170.00"
2021-04-20,2021042005003430,NICLBSL,35,56,10,"1,817.00","18,170.00"
2021-04-20,2021042005003429,NICLBSL,35,8,10,"1,817.00","18,170.00"
2021-04-20,2021042005003427,NICLBSL,7,11,20,"1,818.00","36,360.00"
2021-04-20,2021042005003426,NICLBSL,7,41,10,"1,818.00","18,180.00"
2021-04-20,2021042005003425,NICLBSL,44,58,10,"1,818.00","18,180.00"
2021-04-20,2021042005003437,NICLBSL,50,28,10,"1,818.00","18,180.00"
2021-04-20,2021042005003436,NICLBSL,50,19,10,"1,818.00","18,180.00"
2021-04-20,2021042005003435,NICLBSL,50,39,10,"1,818.00","18,180.00"
2021-04-20,2021042005003434,NICLBSL,1,11,10,"1,817.00","18,170.00"
2021-04-20,2021042005003433,NICLBSL,17,51,10,"1,820.00","18,200.00"
2021-04-20,2021042005003432,NICLBSL,17,39,10,"1,818.00","18,180.00"
2021-04-20,2021042005003443,NICLBSL,38,34,36,"1,818.00","65,448.00"
2021-04-20,2021042005003442,NICLBSL,57,58,20,"1,817.00","36,340.00"
2021-04-20,2021042005003441,NICLBSL,57,45,10,"1,817.00","18,170.00"
2021-04-20,2021042005003440,NICLBSL,17,51,20,"1,820.00","36,400.00"
2021-04-20,2021042005003439,NICLBSL,50,42,10,"1,818.00","18,180.00"
2021-04-20,2021042005003438,NICLBSL,50,8,10,"1,818.00","18,180.00"
2021-04-20,2021042005003449,NICLBSL,38,55,10,"1,820.00","18,200.00"
2021-04-20,2021042005003448,NICLBSL,38,35,10,"1,820.00","18,200.00"
2021-04-20,2021042005003447,NICLBSL,38,19,10,"1,820.00","18,200.00"
2021-04-20,2021042005003446,NICLBSL,38,35,10,"1,820.00","18,200.00"
2021-04-20,2021042005003445,NICLBSL,38,29,10,"1,820.00","18,200.00"
2021-04-20,2021042005003444,NICLBSL,38,51,16,"1,820.00","29,120.00"
2021-04-20,2021042005003455,NICLBSL,57,58,10,"1,817.00","18,170.00"
2021-04-20,2021042005003454,NICLBSL,38,47,10,"1,820.00","18,200.00"
2021-04-20,2021042005003453,NICLBSL,38,8,10,"1,820.00","18,200.00"
2021-04-20,2021042005003452,NICLBSL,38,21,10,"1,820.00","18,200.00"
2021-04-20,2021042005003451,NICLBSL,38,29,100,"1,820.00","182,000.00"
2021-04-20,2021042005003450,NICLBSL,38,42,10,"1,820.00","18,200.00"
2021-04-20,2021042005003462,NICLBSL,57,47,10,"1,817.00","18,170.00"
2021-04-20,2021042005003461,NICLBSL,57,6,10,"1,817.00","18,170.00"
2021-04-20,2021042005003460,NICLBSL,57,11,10,"1,817.00","18,170.00"
2021-04-20,2021042005003458,NICLBSL,57,3,10,"1,817.00","18,170.00"
2021-04-20,2021042005003457,NICLBSL,57,8,10,"1,817.00","18,170.00"
2021-04-20,2021042005003456,NICLBSL,57,5,10,"1,817.00","18,170.00"
2021-04-20,2021042005003469,NICLBSL,58,47,10,"1,817.00","18,170.00"
2021-04-20,2021042005003467,NICLBSL,58,11,10,"1,817.00","18,170.00"
2021-04-20,2021042005003466,NICLBSL,58,47,10,"1,817.00","18,170.00"
2021-04-20,2021042005003465,NICLBSL,58,8,10,"1,817.00","18,170.00"
2021-04-20,2021042005003464,NICLBSL,8,18,10,"1,817.00","18,170.00"
2021-04-20,2021042005003463,NICLBSL,8,21,10,"1,817.00","18,170.00"
2021-04-20,2021042005003476,NICLBSL,42,21,10,"1,817.00","18,170.00"
2021-04-20,2021042005003475,NICLBSL,42,3,10,"1,817.00","18,170.00"
2021-04-20,2021042005003474,NICLBSL,42,8,20,"1,817.00","36,340.00"
2021-04-20,2021042005003473,NICLBSL,58,3,22,"1,817.00","39,974.00"
2021-04-20,2021042005003471,NICLBSL,58,38,20,"1,817.00","36,340.00"
2021-04-20,2021042005003470,NICLBSL,58,42,10,"1,817.00","18,170.00"
2021-04-20,2021042005003482,NICLBSL,6,34,10,"1,817.00","18,170.00"
2021-04-20,2021042005003481,NICLBSL,6,34,10,"1,817.00","18,170.00"
2021-04-20,2021042005003480,NICLBSL,6,21,10,"1,817.00","18,170.00"
2021-04-20,2021042005003479,NICLBSL,42,8,10,"1,817.00","18,170.00"
2021-04-20,2021042005003478,NICLBSL,42,3,10,"1,817.00","18,170.00"
2021-04-20,2021042005003477,NICLBSL,42,47,10,"1,817.00","18,170.00"
2021-04-20,2021042005003489,NICLBSL,45,34,10,"1,817.00","18,170.00"
2021-04-20,2021042005003487,NICLBSL,45,21,10,"1,817.00","18,170.00"
2021-04-20,2021042005003486,NICLBSL,45,11,10,"1,817.00","18,170.00"
2021-04-20,2021042005003485,NICLBSL,45,8,10,"1,817.00","18,170.00"
2021-04-20,2021042005003484,NICLBSL,45,3,10,"1,817.00","18,170.00"
2021-04-20,2021042005003483,NICLBSL,45,21,10,"1,817.00","18,170.00"
2021-04-20,2021042005003495,NICLBSL,34,38,10,"1,817.00","18,170.00"
2021-04-20,2021042005003494,NICLBSL,34,19,10,"1,817.00","18,170.00"
2021-04-20,2021042005003493,NICLBSL,34,4,10,"1,817.00","18,170.00"
2021-04-20,2021042005003492,NICLBSL,34,21,10,"1,817.00","18,170.00"
2021-04-20,2021042005003491,NICLBSL,45,7,10,"1,817.00","18,170.00"
2021-04-20,2021042005003490,NICLBSL,45,34,10,"1,817.00","18,170.00"
2021-04-20,2021042005003501,NICLBSL,38,37,10,"1,820.00","18,200.00"
2021-04-20,2021042005003500,NICLBSL,38,42,10,"1,818.00","18,180.00"
2021-04-20,2021042005003499,NICLBSL,38,13,10,"1,818.00","18,180.00"
2021-04-20,2021042005003498,NICLBSL,38,11,110,"1,817.00","199,870.00"
2021-04-20,2021042005003497,NICLBSL,28,11,20,"1,817.00","36,340.00"
2021-04-20,2021042005003496,NICLBSL,38,38,10,"1,818.00","18,180.00"
2021-04-20,2021042005003507,NICLBSL,22,57,10,"1,816.00","18,160.00"
2021-04-20,2021042005003506,NICLBSL,19,17,20,"1,817.00","36,340.00"
2021-04-20,2021042005003505,NICLBSL,19,4,10,"1,817.00","18,170.00"
2021-04-20,2021042005003504,NICLBSL,36,21,10,"1,817.00","18,170.00"
2021-04-20,2021042005003503,NICLBSL,36,34,10,"1,817.00","18,170.00"
2021-04-20,2021042005003502,NICLBSL,28,34,10,"1,817.00","18,170.00"
2021-04-20,2021042005003513,NICLBSL,13,40,10,"1,816.00","18,160.00"
2021-04-20,2021042005003512,NICLBSL,13,11,10,"1,816.00","18,160.00"
2021-04-20,2021042005003511,NICLBSL,41,11,10,"1,816.00","18,160.00"
2021-04-20,2021042005003510,NICLBSL,34,17,50,"1,817.00","90,850.00"
2021-04-20,2021042005003509,NICLBSL,22,49,10,"1,816.00","18,160.00"
2021-04-20,2021042005003508,NICLBSL,22,26,20,"1,816.00","36,320.00"
2021-04-20,2021042005003519,NICLBSL,41,46,10,"1,816.00","18,160.00"
2021-04-20,2021042005003518,NICLBSL,7,17,100,"1,817.00","181,700.00"
2021-04-20,2021042005003517,NICLBSL,41,34,10,"1,816.00","18,160.00"
2021-04-20,2021042005003516,NICLBSL,13,48,10,"1,816.00","18,160.00"
2021-04-20,2021042005003515,NICLBSL,13,36,10,"1,816.00","18,160.00"
2021-04-20,2021042005003514,NICLBSL,13,49,10,"1,816.00","18,160.00"
2021-04-20,2021042005003525,NICLBSL,56,11,10,"1,816.00","18,160.00"
2021-04-20,2021042005003524,NICLBSL,56,45,48,"1,816.00","87,168.00"
2021-04-20,2021042005003523,NICLBSL,42,17,100,"1,817.00","181,700.00"
2021-04-20,2021042005003522,NICLBSL,56,14,10,"1,816.00","18,160.00"
2021-04-20,2021042005003521,NICLBSL,57,42,20,"1,816.00","36,320.00"
2021-04-20,2021042005003520,NICLBSL,5,17,50,"1,817.00","90,850.00"
2021-04-20,2021042005003531,NICLBSL,43,17,30,"1,817.00","54,510.00"
2021-04-20,2021042005003530,NICLBSL,43,4,10,"1,816.00","18,160.00"
2021-04-20,2021042005003529,NICLBSL,56,34,10,"1,816.00","18,160.00"
2021-04-20,2021042005003528,NICLBSL,56,40,10,"1,816.00","18,160.00"
2021-04-20,2021042005003527,NICLBSL,43,17,50,"1,817.00","90,850.00"
2021-04-20,2021042005003526,NICLBSL,56,37,10,"1,816.00","18,160.00"
2021-04-20,2021042005003537,NICLBSL,35,6,10,"1,816.00","18,160.00"
2021-04-20,2021042005003536,NICLBSL,51,40,10,"1,816.00","18,160.00"
2021-04-20,2021042005003535,NICLBSL,17,45,10,"1,816.00","18,160.00"
2021-04-20,2021042005003534,NICLBSL,13,40,10,"1,815.00","18,150.00"
2021-04-20,2021042005003533,NICLBSL,6,53,10,"1,816.00","18,160.00"
2021-04-20,2021042005003532,NICLBSL,43,34,10,"1,817.00","18,170.00"
2021-04-20,2021042005003543,NICLBSL,19,6,20,"1,815.00","36,300.00"
2021-04-20,2021042005003542,NICLBSL,44,6,10,"1,815.00","18,150.00"
2021-04-20,2021042005003541,NICLBSL,13,6,60,"1,815.00","108,900.00"
2021-04-20,2021042005003540,NICLBSL,13,18,10,"1,815.00","18,150.00"
2021-04-20,2021042005003539,NICLBSL,13,41,10,"1,815.00","18,150.00"
2021-04-20,2021042005003538,NICLBSL,13,21,10,"1,815.00","18,150.00"
2021-04-20,2021042005003549,NICLBSL,11,6,10,"1,815.00","18,150.00"
2021-04-20,2021042005003548,NICLBSL,39,6,50,"1,815.00","90,750.00"
2021-04-20,2021042005003547,NICLBSL,41,6,100,"1,815.00","181,500.00"
2021-04-20,2021042005003546,NICLBSL,40,6,20,"1,815.00","36,300.00"
2021-04-20,2021042005003545,NICLBSL,49,6,10,"1,815.00","18,150.00"
2021-04-20,2021042005003544,NICLBSL,34,6,20,"1,815.00","36,300.00"
2021-04-20,2021042005003555,NICLBSL,45,16,10,"1,817.00","18,170.00"
2021-04-20,2021042005003554,NICLBSL,45,6,10,"1,817.00","18,170.00"
2021-04-20,2021042005003553,NICLBSL,45,56,10,"1,817.00","18,170.00"
2021-04-20,2021042005003552,NICLBSL,45,34,20,"1,817.00","36,340.00"
2021-04-20,2021042005003551,NICLBSL,45,34,10,"1,817.00","18,170.00"
2021-04-20,2021042005003550,NICLBSL,45,42,10,"1,817.00","18,170.00"
2021-04-20,2021042005003562,NICLBSL,53,28,10,"1,818.00","18,180.00"
2021-04-20,2021042005003561,NICLBSL,53,38,10,"1,817.00","18,170.00"
2021-04-20,2021042005003560,NICLBSL,11,26,100,"1,815.00","181,500.00"
2021-04-20,2021042005003559,NICLBSL,45,26,10,"1,817.00","18,170.00"
2021-04-20,2021042005003558,NICLBSL,45,28,10,"1,817.00","18,170.00"
2021-04-20,2021042005003556,NICLBSL,45,4,10,"1,817.00","18,170.00"
2021-04-20,2021042005003568,NICLBSL,11,6,10,"1,815.00","18,150.00"
2021-04-20,2021042005003567,NICLBSL,34,14,10,"1,816.00","18,160.00"
2021-04-20,2021042005003566,NICLBSL,58,6,10,"1,817.00","18,170.00"
2021-04-20,2021042005003565,NICLBSL,53,37,32,"1,820.00","58,240.00"
2021-04-20,2021042005003564,NICLBSL,53,38,51,"1,819.00","92,769.00"
2021-04-20,2021042005003563,NICLBSL,53,5,10,"1,819.00","18,190.00"
2021-04-20,2021042005003576,NICLBSL,43,43,10,"1,816.00","18,160.00"
2021-04-20,2021042005003575,NICLBSL,43,58,10,"1,816.00","18,160.00"
2021-04-20,2021042005003574,NICLBSL,43,21,10,"1,816.00","18,160.00"
2021-04-20,2021042005003573,NICLBSL,43,41,10,"1,816.00","18,160.00"
2021-04-20,2021042005003571,NICLBSL,38,48,10,"1,817.00","18,170.00"
2021-04-20,2021042005003569,NICLBSL,34,42,10,"1,817.00","18,170.00"
2021-04-20,2021042005003582,NICLBSL,44,59,10,"1,817.00","18,170.00"
2021-04-20,2021042005003581,NICLBSL,44,42,10,"1,817.00","18,170.00"
2021-04-20,2021042005003580,NICLBSL,44,45,10,"1,816.00","18,160.00"
2021-04-20,2021042005003579,NICLBSL,11,33,10,"1,815.00","18,150.00"
2021-04-20,2021042005003578,NICLBSL,49,6,10,"1,816.00","18,160.00"
2021-04-20,2021042005003577,NICLBSL,43,26,10,"1,816.00","18,160.00"
2021-04-20,2021042005003589,NICLBSL,13,36,10,"1,816.00","18,160.00"
2021-04-20,2021042005003588,NICLBSL,4,18,10,"1,816.00","18,160.00"
2021-04-20,2021042005003587,NICLBSL,4,38,10,"1,816.00","18,160.00"
2021-04-20,2021042005003585,NICLBSL,43,51,50,"1,816.00","90,800.00"
2021-04-20,2021042005003584,NICLBSL,7,58,10,"1,816.00","18,160.00"
2021-04-20,2021042005003583,NICLBSL,7,28,10,"1,816.00","18,160.00"
2021-04-20,2021042005003595,NICLBSL,11,40,10,"1,815.00","18,150.00"
2021-04-20,2021042005003594,NICLBSL,7,6,20,"1,816.00","36,320.00"
2021-04-20,2021042005003593,NICLBSL,7,41,10,"1,816.00","18,160.00"
2021-04-20,2021042005003592,NICLBSL,38,21,10,"1,816.00","18,160.00"
2021-04-20,2021042005003591,NICLBSL,7,59,10,"1,816.00","18,160.00"
2021-04-20,2021042005003590,NICLBSL,11,4,10,"1,815.00","18,150.00"
2021-04-20,2021042005003603,NICLBSL,11,38,10,"1,815.00","18,150.00"
2021-04-20,2021042005003602,NICLBSL,8,29,10,"1,816.00","18,160.00"
2021-04-20,2021042005003601,NICLBSL,8,42,10,"1,816.00","18,160.00"
2021-04-20,2021042005003600,NICLBSL,8,17,10,"1,816.00","18,160.00"
2021-04-20,2021042005003598,NICLBSL,11,18,10,"1,815.00","18,150.00"
2021-04-20,2021042005003596,NICLBSL,11,38,20,"1,815.00","36,300.00"
2021-04-20,2021042005003609,NICLBSL,11,11,70,"1,815.00","127,050.00"
2021-04-20,2021042005003608,NICLBSL,39,4,10,"1,816.00","18,160.00"
2021-04-20,2021042005003607,NICLBSL,11,44,10,"1,815.00","18,150.00"
2021-04-20,2021042005003606,NICLBSL,7,29,10,"1,816.00","18,160.00"
2021-04-20,2021042005003605,NICLBSL,11,56,10,"1,815.00","18,150.00"
2021-04-20,2021042005003604,NICLBSL,11,18,10,"1,815.00","18,150.00"
2021-04-20,2021042005003615,NICLBSL,11,50,100,"1,815.00","181,500.00"
2021-04-20,2021042005003614,NICLBSL,11,21,10,"1,815.00","18,150.00"
2021-04-20,2021042005003613,NICLBSL,11,21,10,"1,815.00","18,150.00"
2021-04-20,2021042005003612,NICLBSL,11,42,10,"1,815.00","18,150.00"
2021-04-20,2021042005003611,NICLBSL,11,18,10,"1,815.00","18,150.00"
2021-04-20,2021042005003610,NICLBSL,11,14,20,"1,815.00","36,300.00"
2021-04-20,2021042005003621,NICLBSL,4,18,10,"1,816.00","18,160.00"
2021-04-20,2021042005003620,NICLBSL,4,36,10,"1,816.00","18,160.00"
2021-04-20,2021042005003619,NICLBSL,4,29,10,"1,816.00","18,160.00"
2021-04-20,2021042005003618,NICLBSL,4,38,10,"1,816.00","18,160.00"
2021-04-20,2021042005003617,NICLBSL,4,21,10,"1,816.00","18,160.00"
2021-04-20,2021042005003616,NICLBSL,4,45,10,"1,816.00","18,160.00"
2021-04-20,2021042005003627,NICLBSL,36,38,35,"1,816.00","63,560.00"
2021-04-20,2021042005003626,NICLBSL,45,38,480,"1,816.00","871,680.00"
2021-04-20,2021042005003625,NICLBSL,45,21,20,"1,816.00","36,320.00"
2021-04-20,2021042005003624,NICLBSL,7,14,20,"1,816.00","36,320.00"
2021-04-20,2021042005003623,NICLBSL,4,14,30,"1,816.00","54,480.00"
2021-04-20,2021042005003622,NICLBSL,4,21,10,"1,816.00","18,160.00"
2021-04-20,2021042005003634,NICLBSL,44,17,10,"1,815.00","18,150.00"
2021-04-20,2021042005003633,NICLBSL,53,38,10,"1,815.00","18,150.00"
2021-04-20,2021042005003632,NICLBSL,11,38,10,"1,815.00","18,150.00"
2021-04-20,2021042005003631,NICLBSL,11,38,20,"1,815.00","36,300.00"
2021-04-20,2021042005003630,NICLBSL,11,18,10,"1,815.00","18,150.00"
2021-04-20,2021042005003628,NICLBSL,11,21,10,"1,815.00","18,150.00"
2021-04-20,2021042005003640,NICLBSL,5,47,10,"1,816.00","18,160.00"
2021-04-20,2021042005003639,NICLBSL,5,40,10,"1,816.00","18,160.00"
2021-04-20,2021042005003638,NICLBSL,5,10,20,"1,816.00","36,320.00"
2021-04-20,2021042005003637,NICLBSL,5,38,65,"1,816.00","118,040.00"
2021-04-20,2021042005003636,NICLBSL,13,6,10,"1,815.00","18,150.00"
2021-04-20,2021042005003635,NICLBSL,44,59,10,"1,815.00","18,150.00"
2021-04-20,2021042005003647,NICLBSL,5,5,35,"1,816.00","63,560.00"
2021-04-20,2021042005003646,NICLBSL,5,38,10,"1,816.00","18,160.00"
2021-04-20,2021042005003645,NICLBSL,5,22,10,"1,816.00","18,160.00"
2021-04-20,2021042005003644,NICLBSL,5,47,10,"1,816.00","18,160.00"
2021-04-20,2021042005003643,NICLBSL,5,7,10,"1,816.00","18,160.00"
2021-04-20,2021042005003642,NICLBSL,5,44,20,"1,816.00","36,320.00"
2021-04-20,2021042005003653,NICLBSL,7,19,10,"1,816.00","18,160.00"
2021-04-20,2021042005003652,NICLBSL,7,22,10,"1,816.00","18,160.00"
2021-04-20,2021042005003651,NICLBSL,7,5,41,"1,816.00","74,456.00"
2021-04-20,2021042005003650,NICLBSL,7,10,10,"1,816.00","18,160.00"
2021-04-20,2021042005003649,NICLBSL,7,49,10,"1,816.00","18,160.00"
2021-04-20,2021042005003648,NICLBSL,42,5,6,"1,816.00","10,896.00"
2021-04-20,2021042005003659,NICLBSL,21,59,10,"1,816.00","18,160.00"
2021-04-20,2021042005003658,NICLBSL,7,38,10,"1,816.00","18,160.00"
2021-04-20,2021042005003657,NICLBSL,59,55,132,"1,817.00","239,844.00"
2021-04-20,2021042005003656,NICLBSL,59,38,10,"1,817.00","18,170.00"
2021-04-20,2021042005003655,NICLBSL,59,59,25,"1,817.00","45,425.00"
2021-04-20,2021042005003654,NICLBSL,59,36,43,"1,816.00","78,088.00"
2021-04-20,2021042005003665,NICLBSL,55,45,50,"1,815.00","90,750.00"
2021-04-20,2021042005003664,NICLBSL,51,45,95,"1,815.00","172,425.00"
2021-04-20,2021042005003663,NICLBSL,7,45,10,"1,815.00","18,150.00"
2021-04-20,2021042005003662,NICLBSL,13,45,25,"1,815.00","45,375.00"
2021-04-20,2021042005003661,NICLBSL,44,45,180,"1,815.00","326,700.00"
2021-04-20,2021042005003660,NICLBSL,13,5,20,"1,815.00","36,300.00"
2021-04-20,2021042005003671,NICLBSL,53,45,10,"1,815.00","18,150.00"
2021-04-20,2021042005003670,NICLBSL,40,45,100,"1,815.00","181,500.00"
2021-04-20,2021042005003669,NICLBSL,34,45,10,"1,815.00","18,150.00"
2021-04-20,2021042005003668,NICLBSL,45,45,100,"1,815.00","181,500.00"
2021-04-20,2021042005003667,NICLBSL,38,45,10,"1,815.00","18,150.00"
2021-04-20,2021042005003666,NICLBSL,45,45,25,"1,815.00","45,375.00"
2021-04-20,2021042005003678,NICLBSL,39,38,10,"1,814.00","18,140.00"
2021-04-20,2021042005003676,NICLBSL,38,38,25,"1,815.00","45,375.00"
2021-04-20,2021042005003675,NICLBSL,38,45,30,"1,815.00","54,450.00"
2021-04-20,2021042005003674,NICLBSL,50,45,15,"1,815.00","27,225.00"
2021-04-20,2021042005003673,NICLBSL,32,45,30,"1,815.00","54,450.00"
2021-04-20,2021042005003672,NICLBSL,21,45,10,"1,815.00","18,150.00"
2021-04-20,2021042005003684,NICLBSL,56,38,10,"1,814.00","18,140.00"
2021-04-20,2021042005003683,NICLBSL,56,32,10,"1,814.00","18,140.00"
2021-04-20,2021042005003682,NICLBSL,8,52,10,"1,814.00","18,140.00"
2021-04-20,2021042005003681,NICLBSL,51,18,10,"1,814.00","18,140.00"
2021-04-20,2021042005003680,NICLBSL,40,38,50,"1,815.00","90,750.00"
2021-04-20,2021042005003679,NICLBSL,50,38,25,"1,815.00","45,375.00"
2021-04-20,2021042005003690,NICLBSL,38,38,10,"1,815.00","18,150.00"
2021-04-20,2021042005003689,NICLBSL,56,38,10,"1,814.00","18,140.00"
2021-04-20,2021042005003688,NICLBSL,56,17,10,"1,814.00","18,140.00"
2021-04-20,2021042005003687,NICLBSL,56,48,10,"1,814.00","18,140.00"
2021-04-20,2021042005003686,NICLBSL,56,49,10,"1,814.00","18,140.00"
2021-04-20,2021042005003685,NICLBSL,56,39,10,"1,814.00","18,140.00"
2021-04-20,2021042005003698,NICLBSL,42,1,110,"1,815.00","199,650.00"
2021-04-20,2021042005003697,NICLBSL,42,38,190,"1,815.00","344,850.00"
2021-04-20,2021042005003696,NICLBSL,7,38,200,"1,815.00","363,000.00"
2021-04-20,2021042005003695,NICLBSL,56,39,10,"1,814.00","18,140.00"
2021-04-20,2021042005003694,NICLBSL,56,38,10,"1,814.00","18,140.00"
2021-04-20,2021042005003693,NICLBSL,56,20,10,"1,814.00","18,140.00"
2021-04-20,2021042005003704,NICLBSL,42,29,10,"1,815.00","18,150.00"
2021-04-20,2021042005003703,NICLBSL,42,45,10,"1,815.00","18,150.00"
2021-04-20,2021042005003702,NICLBSL,42,16,10,"1,815.00","18,150.00"
2021-04-20,2021042005003701,NICLBSL,42,1,20,"1,815.00","36,300.00"
2021-04-20,2021042005003700,NICLBSL,53,48,10,"1,814.00","18,140.00"
2021-04-20,2021042005003699,NICLBSL,53,38,10,"1,814.00","18,140.00"
2021-04-20,2021042005003710,NICLBSL,42,7,10,"1,815.00","18,150.00"
2021-04-20,2021042005003709,NICLBSL,42,17,10,"1,815.00","18,150.00"
2021-04-20,2021042005003708,NICLBSL,42,20,10,"1,815.00","18,150.00"
2021-04-20,2021042005003707,NICLBSL,42,17,10,"1,815.00","18,150.00"
2021-04-20,2021042005003706,NICLBSL,42,29,10,"1,815.00","18,150.00"
2021-04-20,2021042005003705,NICLBSL,42,38,10,"1,815.00","18,150.00"
2021-04-20,2021042005003716,NICLBSL,49,34,10,"1,814.00","18,140.00"
2021-04-20,2021042005003715,NICLBSL,26,34,20,"1,815.00","36,300.00"
2021-04-20,2021042005003714,NICLBSL,29,34,100,"1,815.00","181,500.00"
2021-04-20,2021042005003713,NICLBSL,42,34,20,"1,815.00","36,300.00"
2021-04-20,2021042005003712,NICLBSL,42,17,10,"1,815.00","18,150.00"
2021-04-20,2021042005003711,NICLBSL,42,26,10,"1,815.00","18,150.00"
2021-04-20,2021042005003723,NICLBSL,16,17,10,"1,813.00","18,130.00"
2021-04-20,2021042005003722,NICLBSL,16,54,10,"1,813.00","18,130.00"
2021-04-20,2021042005003720,NICLBSL,16,36,10,"1,813.00","18,130.00"
2021-04-20,2021042005003719,NICLBSL,16,34,20,"1,813.00","36,260.00"
2021-04-20,2021042005003718,NICLBSL,29,34,10,"1,814.00","18,140.00"
2021-04-20,2021042005003717,NICLBSL,58,34,20,"1,814.00","36,280.00"
2021-04-20,2021042005003729,NICLBSL,50,17,20,"1,814.00","36,280.00"
2021-04-20,2021042005003728,NICLBSL,50,38,10,"1,813.00","18,130.00"
2021-04-20,2021042005003727,NICLBSL,50,38,10,"1,813.00","18,130.00"
2021-04-20,2021042005003726,NICLBSL,50,49,20,"1,813.00","36,260.00"
2021-04-20,2021042005003725,NICLBSL,50,38,10,"1,813.00","18,130.00"
2021-04-20,2021042005003724,NICLBSL,50,17,10,"1,813.00","18,130.00"
2021-04-20,2021042005003735,NICLBSL,21,17,10,"1,815.00","18,150.00"
2021-04-20,2021042005003734,NICLBSL,5,49,20,"1,816.00","36,320.00"
2021-04-20,2021042005003733,NICLBSL,5,38,10,"1,815.00","18,150.00"
2021-04-20,2021042005003732,NICLBSL,5,35,10,"1,815.00","18,150.00"
2021-04-20,2021042005003731,NICLBSL,50,21,10,"1,814.00","18,140.00"
2021-04-20,2021042005003730,NICLBSL,50,38,10,"1,814.00","18,140.00"
2021-04-20,2021042005003742,NICLBSL,50,38,10,"1,813.00","18,130.00"
2021-04-20,2021042005003741,NICLBSL,50,38,10,"1,813.00","18,130.00"
2021-04-20,2021042005003740,NICLBSL,44,39,10,"1,814.00","18,140.00"
2021-04-20,2021042005003739,NICLBSL,50,38,10,"1,813.00","18,130.00"
2021-04-20,2021042005003737,NICLBSL,50,38,10,"1,813.00","18,130.00"
2021-04-20,2021042005003736,NICLBSL,50,38,10,"1,814.00","18,140.00"
2021-04-20,2021042005003748,NICLBSL,40,20,10,"1,813.00","18,130.00"
2021-04-20,2021042005003747,NICLBSL,40,26,10,"1,813.00","18,130.00"
2021-04-20,2021042005003746,NICLBSL,40,38,10,"1,813.00","18,130.00"
2021-04-20,2021042005003745,NICLBSL,40,17,10,"1,813.00","18,130.00"
2021-04-20,2021042005003744,NICLBSL,40,38,10,"1,813.00","18,130.00"
2021-04-20,2021042005003743,NICLBSL,40,21,10,"1,813.00","18,130.00"
2021-04-20,2021042005003247,JLI,14,56,10,751.00,"7,510.00"
2021-04-20,2021042005003174,JLI,38,39,1,751.00,751.00
2021-04-20,2021042005003173,JLI,38,39,3,751.00,"2,253.00"
2021-04-20,2021042005003169,JLI,38,39,2,751.00,"1,502.00"
2021-04-20,2021042005003167,JLI,21,39,2,751.00,"1,502.00"
2021-04-20,2021042005003162,JLI,38,39,2,751.00,"1,502.00"
2021-04-20,2021042005002761,JLI,14,35,10,751.00,"7,510.00"
2021-04-20,2021042005002795,JLI,14,54,10,751.00,"7,510.00"
2021-04-20,2021042005002780,JLI,14,56,10,751.00,"7,510.00"
2021-04-20,2021042005002774,JLI,14,47,10,751.00,"7,510.00"
2021-04-20,2021042005002773,JLI,14,49,10,751.00,"7,510.00"
2021-04-20,2021042005002768,JLI,14,56,10,751.00,"7,510.00"
2021-04-20,2021042005002764,JLI,14,36,10,751.00,"7,510.00"
2021-04-20,2021042005002904,JLI,14,49,10,751.00,"7,510.00"
2021-04-20,2021042005002896,JLI,14,36,10,751.00,"7,510.00"
2021-04-20,2021042005002845,JLI,14,45,10,751.00,"7,510.00"
2021-04-20,2021042005002828,JLI,14,51,10,751.00,"7,510.00"
2021-04-20,2021042005002811,JLI,14,47,10,751.00,"7,510.00"
2021-04-20,2021042005002801,JLI,14,47,10,751.00,"7,510.00"
2021-04-20,2021042005003068,JLI,14,58,10,751.00,"7,510.00"
2021-04-20,2021042005003054,JLI,14,41,10,751.00,"7,510.00"
2021-04-20,2021042005002990,JLI,14,22,10,751.00,"7,510.00"
2021-04-20,2021042005002929,JLI,14,57,10,751.00,"7,510.00"
2021-04-20,2021042005002925,JLI,14,36,10,751.00,"7,510.00"
2021-04-20,2021042005002922,JLI,14,39,10,751.00,"7,510.00"
2021-04-20,2021042005003254,NICLBSL,58,39,10,"1,815.00","18,150.00"
2021-04-20,2021042005003253,NICLBSL,58,28,10,"1,815.00","18,150.00"
2021-04-20,2021042005003252,NICLBSL,26,48,10,"1,815.00","18,150.00"
2021-04-20,2021042005003251,NICLBSL,26,52,10,"1,815.00","18,150.00"
2021-04-20,2021042005003250,NICLBSL,26,35,20,"1,815.00","36,300.00"
2021-04-20,2021042005003249,NICLBSL,21,11,20,"1,815.00","36,300.00"
2021-04-20,2021042005002755,NICLBSL,17,45,30,"1,830.00","54,900.00"
2021-04-20,2021042005002762,NICLBSL,50,57,10,"1,828.00","18,280.00"
2021-04-20,2021042005002760,NICLBSL,35,48,10,"1,826.00","18,260.00"
2021-04-20,2021042005002759,NICLBSL,35,36,10,"1,826.00","18,260.00"
2021-04-20,2021042005002758,NICLBSL,35,14,10,"1,826.00","18,260.00"
2021-04-20,2021042005002757,NICLBSL,48,4,10,"1,825.00","18,250.00"
2021-04-20,2021042005002756,NICLBSL,48,48,10,"1,825.00","18,250.00"
2021-04-20,2021042005002770,NICLBSL,51,39,10,"1,826.00","18,260.00"
2021-04-20,2021042005002769,NICLBSL,51,48,10,"1,826.00","18,260.00"
2021-04-20,2021042005002767,NICLBSL,48,55,10,"1,825.00","18,250.00"
2021-04-20,2021042005002766,NICLBSL,48,4,10,"1,825.00","18,250.00"
2021-04-20,2021042005002765,NICLBSL,48,42,10,"1,825.00","18,250.00"
2021-04-20,2021042005002763,NICLBSL,50,28,10,"1,828.00","18,280.00"
2021-04-20,2021042005002778,NICLBSL,17,48,10,"1,825.00","18,250.00"
2021-04-20,2021042005002777,NICLBSL,17,48,10,"1,825.00","18,250.00"
2021-04-20,2021042005002776,NICLBSL,17,26,10,"1,825.00","18,250.00"
2021-04-20,2021042005002775,NICLBSL,35,48,10,"1,826.00","18,260.00"
2021-04-20,2021042005002772,NICLBSL,48,57,10,"1,825.00","18,250.00"
2021-04-20,2021042005002771,NICLBSL,48,26,10,"1,825.00","18,250.00"
2021-04-20,2021042005002785,NICLBSL,44,4,10,"1,820.00","18,200.00"
2021-04-20,2021042005002784,NICLBSL,44,38,10,"1,820.00","18,200.00"
2021-04-20,2021042005002783,NICLBSL,44,21,20,"1,820.00","36,400.00"
2021-04-20,2021042005002782,NICLBSL,44,45,10,"1,821.00","18,210.00"
2021-04-20,2021042005002781,NICLBSL,44,4,10,"1,821.00","18,210.00"
2021-04-20,2021042005002779,NICLBSL,17,26,10,"1,825.00","18,250.00"
2021-04-20,2021042005002791,NICLBSL,6,57,10,"1,821.00","18,210.00"
2021-04-20,2021042005002790,NICLBSL,44,57,10,"1,820.00","18,200.00"
2021-04-20,2021042005002789,NICLBSL,44,28,10,"1,820.00","18,200.00"
2021-04-20,2021042005002788,NICLBSL,44,47,10,"1,820.00","18,200.00"
2021-04-20,2021042005002787,NICLBSL,44,29,10,"1,820.00","18,200.00"
2021-04-20,2021042005002786,NICLBSL,44,57,10,"1,821.00","18,210.00"
2021-04-20,2021042005002798,NICLBSL,13,45,10,"1,821.00","18,210.00"
2021-04-20,2021042005002797,NICLBSL,13,10,10,"1,821.00","18,210.00"
2021-04-20,2021042005002796,NICLBSL,13,49,10,"1,821.00","18,210.00"
2021-04-20,2021042005002794,NICLBSL,20,57,10,"1,821.00","18,210.00"
2021-04-20,2021042005002793,NICLBSL,20,36,10,"1,821.00","18,210.00"
2021-04-20,2021042005002792,NICLBSL,6,26,10,"1,821.00","18,210.00"
2021-04-20,2021042005002805,NICLBSL,33,34,10,"1,822.00","18,220.00"
2021-04-20,2021042005002804,NICLBSL,47,8,10,"1,823.00","18,230.00"
2021-04-20,2021042005002803,NICLBSL,33,35,10,"1,822.00","18,220.00"
2021-04-20,2021042005002802,NICLBSL,13,25,10,"1,821.00","18,210.00"
2021-04-20,2021042005002800,NICLBSL,13,57,10,"1,821.00","18,210.00"
2021-04-20,2021042005002799,NICLBSL,13,22,10,"1,821.00","18,210.00"
2021-04-20,2021042005002812,NICLBSL,51,45,10,"1,825.00","18,250.00"
2021-04-20,2021042005002810,NICLBSL,51,29,10,"1,825.00","18,250.00"
2021-04-20,2021042005002809,NICLBSL,51,54,20,"1,825.00","36,500.00"
2021-04-20,2021042005002808,NICLBSL,51,42,10,"1,825.00","18,250.00"
2021-04-20,2021042005002807,NICLBSL,44,39,10,"1,822.00","18,220.00"
2021-04-20,2021042005002806,NICLBSL,33,48,10,"1,822.00","18,220.00"
2021-04-20,2021042005002818,NICLBSL,26,59,10,"1,822.00","18,220.00"
2021-04-20,2021042005002817,NICLBSL,49,45,10,"1,825.00","18,250.00"
2021-04-20,2021042005002816,NICLBSL,16,45,20,"1,825.00","36,500.00"
2021-04-20,2021042005002815,NICLBSL,51,45,70,"1,825.00","127,750.00"
2021-04-20,2021042005002814,NICLBSL,51,1,20,"1,825.00","36,500.00"
2021-04-20,2021042005002813,NICLBSL,51,38,10,"1,825.00","18,250.00"
2021-04-20,2021042005002824,NICLBSL,50,35,10,"1,821.00","18,210.00"
2021-04-20,2021042005002823,NICLBSL,50,56,10,"1,821.00","18,210.00"
2021-04-20,2021042005002822,NICLBSL,50,35,20,"1,821.00","36,420.00"
2021-04-20,2021042005002821,NICLBSL,50,19,20,"1,821.00","36,420.00"
2021-04-20,2021042005002820,NICLBSL,13,3,10,"1,821.00","18,210.00"
2021-04-20,2021042005002819,NICLBSL,13,29,10,"1,821.00","18,210.00"
2021-04-20,2021042005002831,NICLBSL,21,17,10,"1,821.00","18,210.00"
2021-04-20,2021042005002830,NICLBSL,21,3,20,"1,821.00","36,420.00"
2021-04-20,2021042005002829,NICLBSL,50,17,10,"1,821.00","18,210.00"
2021-04-20,2021042005002827,NICLBSL,50,1,10,"1,821.00","18,210.00"
2021-04-20,2021042005002826,NICLBSL,50,38,10,"1,821.00","18,210.00"
2021-04-20,2021042005002825,NICLBSL,50,55,10,"1,821.00","18,210.00"
2021-04-20,2021042005002837,NICLBSL,44,26,20,"1,820.00","36,400.00"
2021-04-20,2021042005002836,NICLBSL,45,26,150,"1,821.00","273,150.00"
2021-04-20,2021042005002835,NICLBSL,58,26,100,"1,821.00","182,100.00"
2021-04-20,2021042005002834,NICLBSL,1,26,30,"1,821.00","54,630.00"
2021-04-20,2021042005002833,NICLBSL,1,48,10,"1,821.00","18,210.00"
2021-04-20,2021042005002832,NICLBSL,1,17,10,"1,821.00","18,210.00"
2021-04-20,2021042005002843,NICLBSL,44,21,10,"1,820.00","18,200.00"
2021-04-20,2021042005002842,NICLBSL,20,8,10,"1,821.00","18,210.00"
2021-04-20,2021042005002841,NICLBSL,20,17,10,"1,821.00","18,210.00"
2021-04-20,2021042005002840,NICLBSL,28,17,10,"1,821.00","18,210.00"
2021-04-20,2021042005002839,NICLBSL,28,1,10,"1,821.00","18,210.00"
2021-04-20,2021042005002838,NICLBSL,38,58,10,"1,822.00","18,220.00"
2021-04-20,2021042005002850,NICLBSL,57,56,80,"1,821.00","145,680.00"
2021-04-20,2021042005002849,NICLBSL,57,40,10,"1,821.00","18,210.00"
2021-04-20,2021042005002848,NICLBSL,57,29,10,"1,821.00","18,210.00"
2021-04-20,2021042005002847,NICLBSL,44,3,10,"1,820.00","18,200.00"
2021-04-20,2021042005002846,NICLBSL,44,17,10,"1,820.00","18,200.00"
2021-04-20,2021042005002844,NICLBSL,44,11,10,"1,820.00","18,200.00"
2021-04-20,2021042005002856,NICLBSL,16,56,30,"1,820.00","54,600.00"
2021-04-20,2021042005002855,NICLBSL,42,56,30,"1,820.00","54,600.00"
2021-04-20,2021042005002854,NICLBSL,41,56,100,"1,820.00","182,000.00"
2021-04-20,2021042005002853,NICLBSL,14,56,20,"1,820.00","36,400.00"
2021-04-20,2021042005002852,NICLBSL,6,56,50,"1,820.00","91,000.00"
2021-04-20,2021042005002851,NICLBSL,44,56,10,"1,820.00","18,200.00"
2021-04-20,2021042005002862,NICLBSL,52,56,50,"1,820.00","91,000.00"
2021-04-20,2021042005002861,NICLBSL,17,56,10,"1,820.00","18,200.00"
2021-04-20,2021042005002860,NICLBSL,50,56,50,"1,820.00","91,000.00"
2021-04-20,2021042005002859,NICLBSL,57,56,50,"1,820.00","91,000.00"
2021-04-20,2021042005002858,NICLBSL,45,56,10,"1,820.00","18,200.00"
2021-04-20,2021042005002857,NICLBSL,19,56,500,"1,820.00","910,000.00"
2021-04-20,2021042005002868,NICLBSL,4,56,10,"1,819.00","18,190.00"
2021-04-20,2021042005002867,NICLBSL,26,56,10,"1,819.00","18,190.00"
2021-04-20,2021042005002866,NICLBSL,42,56,100,"1,819.00","181,900.00"
2021-04-20,2021042005002865,NICLBSL,29,56,30,"1,819.00","54,570.00"
2021-04-20,2021042005002864,NICLBSL,35,56,10,"1,820.00","18,200.00"
2021-04-20,2021042005002863,NICLBSL,40,56,20,"1,820.00","36,400.00"
2021-04-20,2021042005002874,NICLBSL,34,56,50,"1,818.00","90,900.00"
2021-04-20,2021042005002873,NICLBSL,48,56,10,"1,818.00","18,180.00"
2021-04-20,2021042005002872,NICLBSL,35,56,10,"1,818.00","18,180.00"
2021-04-20,2021042005002871,NICLBSL,50,56,100,"1,818.00","181,800.00"
2021-04-20,2021042005002870,NICLBSL,6,56,50,"1,818.00","90,900.00"
2021-04-20,2021042005002869,NICLBSL,22,56,100,"1,819.00","181,900.00"
2021-04-20,2021042005002880,NICLBSL,36,17,10,"1,817.00","18,170.00"
2021-04-20,2021042005002879,NICLBSL,36,56,36,"1,817.00","65,412.00"
2021-04-20,2021042005002878,NICLBSL,45,56,50,"1,817.00","90,850.00"
2021-04-20,2021042005002877,NICLBSL,17,56,50,"1,818.00","90,900.00"
2021-04-20,2021042005002876,NICLBSL,28,56,100,"1,818.00","181,800.00"
2021-04-20,2021042005002875,NICLBSL,13,56,600,"1,818.00","1,090,800.00"
2021-04-20,2021042005002886,NICLBSL,43,3,10,"1,819.00","18,190.00"
2021-04-20,2021042005002885,NICLBSL,57,55,10,"1,820.00","18,200.00"
2021-04-20,2021042005002884,NICLBSL,57,58,20,"1,820.00","36,400.00"
2021-04-20,2021042005002883,NICLBSL,57,44,10,"1,820.00","18,200.00"
2021-04-20,2021042005002882,NICLBSL,57,11,10,"1,820.00","18,200.00"
2021-04-20,2021042005002881,NICLBSL,36,55,10,"1,817.00","18,170.00"
2021-04-20,2021042005002892,NICLBSL,6,25,10,"1,818.00","18,180.00"
2021-04-20,2021042005002891,NICLBSL,45,51,10,"1,818.00","18,180.00"
2021-04-20,2021042005002890,NICLBSL,45,21,10,"1,818.00","18,180.00"
2021-04-20,2021042005002889,NICLBSL,45,3,10,"1,818.00","18,180.00"
2021-04-20,2021042005002888,NICLBSL,45,3,10,"1,818.00","18,180.00"
2021-04-20,2021042005002887,NICLBSL,45,48,10,"1,818.00","18,180.00"
2021-04-20,2021042005002899,NICLBSL,1,41,10,"1,818.00","18,180.00"
2021-04-20,2021042005002898,NICLBSL,1,44,10,"1,818.00","18,180.00"
2021-04-20,2021042005002897,NICLBSL,1,48,10,"1,818.00","18,180.00"
2021-04-20,2021042005002895,NICLBSL,21,36,10,"1,818.00","18,180.00"
2021-04-20,2021042005002894,NICLBSL,38,3,10,"1,818.00","18,180.00"
2021-04-20,2021042005002893,NICLBSL,6,48,10,"1,818.00","18,180.00"
2021-04-20,2021042005002906,NICLBSL,36,46,10,"1,818.00","18,180.00"
2021-04-20,2021042005002905,NICLBSL,1,3,10,"1,818.00","18,180.00"
2021-04-20,2021042005002903,NICLBSL,55,7,20,"1,819.00","36,380.00"
2021-04-20,2021042005002902,NICLBSL,55,36,10,"1,819.00","18,190.00"
2021-04-20,2021042005002901,NICLBSL,55,47,10,"1,819.00","18,190.00"
2021-04-20,2021042005002900,NICLBSL,1,47,10,"1,818.00","18,180.00"
2021-04-20,2021042005002912,NICLBSL,36,21,10,"1,817.00","18,170.00"
2021-04-20,2021042005002911,NICLBSL,36,19,10,"1,817.00","18,170.00"
2021-04-20,2021042005002910,NICLBSL,36,16,10,"1,817.00","18,170.00"
2021-04-20,2021042005002909,NICLBSL,38,55,10,"1,818.00","18,180.00"
2021-04-20,2021042005002908,NICLBSL,36,36,10,"1,817.00","18,170.00"
2021-04-20,2021042005002907,NICLBSL,36,46,10,"1,817.00","18,170.00"
2021-04-20,2021042005002918,NICLBSL,36,21,10,"1,817.00","18,170.00"
2021-04-20,2021042005002917,NICLBSL,36,16,10,"1,817.00","18,170.00"
2021-04-20,2021042005002916,NICLBSL,36,46,10,"1,817.00","18,170.00"
2021-04-20,2021042005002915,NICLBSL,50,7,10,"1,818.00","18,180.00"
2021-04-20,2021042005002914,NICLBSL,36,16,10,"1,817.00","18,170.00"
2021-04-20,2021042005002913,NICLBSL,36,36,10,"1,817.00","18,170.00"
2021-04-20,2021042005002926,NICLBSL,25,14,10,"1,817.00","18,170.00"
2021-04-20,2021042005002924,NICLBSL,36,47,14,"1,817.00","25,438.00"
2021-04-20,2021042005002923,NICLBSL,36,3,10,"1,817.00","18,170.00"
2021-04-20,2021042005002921,NICLBSL,36,46,10,"1,817.00","18,170.00"
2021-04-20,2021042005002920,NICLBSL,36,16,10,"1,817.00","18,170.00"
2021-04-20,2021042005002919,NICLBSL,52,45,10,"1,818.00","18,180.00"
2021-04-20,2021042005002933,NICLBSL,1,58,20,"1,818.00","36,360.00"
2021-04-20,2021042005002932,NICLBSL,35,16,10,"1,817.00","18,170.00"
2021-04-20,2021042005002931,NICLBSL,25,45,10,"1,817.00","18,170.00"
2021-04-20,2021042005002930,NICLBSL,25,36,10,"1,817.00","18,170.00"
2021-04-20,2021042005002928,NICLBSL,25,16,10,"1,817.00","18,170.00"
2021-04-20,2021042005002927,NICLBSL,25,58,10,"1,817.00","18,170.00"
2021-04-20,2021042005002939,NICLBSL,45,47,10,"1,817.00","18,170.00"
2021-04-20,2021042005002938,NICLBSL,21,49,10,"1,817.00","18,170.00"
2021-04-20,2021042005002937,NICLBSL,8,14,10,"1,817.00","18,170.00"
2021-04-20,2021042005002936,NICLBSL,8,3,10,"1,817.00","18,170.00"
2021-04-20,2021042005002935,NICLBSL,8,38,10,"1,817.00","18,170.00"
2021-04-20,2021042005002934,NICLBSL,1,16,10,"1,818.00","18,180.00"
2021-04-20,2021042005002945,NICLBSL,58,57,10,"1,818.00","18,180.00"
2021-04-20,2021042005002944,NICLBSL,45,45,10,"1,817.00","18,170.00"
2021-04-20,2021042005002943,NICLBSL,45,16,10,"1,817.00","18,170.00"
2021-04-20,2021042005002942,NICLBSL,45,45,10,"1,817.00","18,170.00"
2021-04-20,2021042005002941,NICLBSL,39,59,10,"1,819.00","18,190.00"
2021-04-20,2021042005002940,NICLBSL,45,39,10,"1,817.00","18,170.00"
2021-04-20,2021042005002951,NICLBSL,43,47,10,"1,816.00","18,160.00"
2021-04-20,2021042005002950,NICLBSL,36,55,10,"1,817.00","18,170.00"
2021-04-20,2021042005002949,NICLBSL,36,16,10,"1,817.00","18,170.00"
2021-04-20,2021042005002948,NICLBSL,43,58,10,"1,816.00","18,160.00"
2021-04-20,2021042005002947,NICLBSL,43,39,20,"1,816.00","36,320.00"
2021-04-20,2021042005002946,NICLBSL,43,39,10,"1,816.00","18,160.00"
2021-04-20,2021042005002957,NICLBSL,43,59,26,"1,819.00","47,294.00"
2021-04-20,2021042005002956,NICLBSL,4,16,10,"1,817.00","18,170.00"
2021-04-20,2021042005002955,NICLBSL,17,39,10,"1,818.00","18,180.00"
2021-04-20,2021042005002954,NICLBSL,17,45,10,"1,818.00","18,180.00"
2021-04-20,2021042005002953,NICLBSL,17,49,10,"1,818.00","18,180.00"
2021-04-20,2021042005002952,NICLBSL,28,16,10,"1,817.00","18,170.00"
2021-04-20,2021042005002963,NICLBSL,29,49,10,"1,818.00","18,180.00"
2021-04-20,2021042005002962,NICLBSL,29,58,10,"1,818.00","18,180.00"
2021-04-20,2021042005002961,NICLBSL,4,16,10,"1,817.00","18,170.00"
2021-04-20,2021042005002960,NICLBSL,4,18,10,"1,817.00","18,170.00"
2021-04-20,2021042005002959,NICLBSL,4,39,20,"1,817.00","36,340.00"
2021-04-20,2021042005002958,NICLBSL,43,51,20,"1,820.00","36,400.00"
2021-04-20,2021042005002969,NICLBSL,5,58,26,"1,820.00","47,320.00"
2021-04-20,2021042005002968,NICLBSL,4,47,10,"1,817.00","18,170.00"
2021-04-20,2021042005002967,NICLBSL,4,49,10,"1,817.00","18,170.00"
2021-04-20,2021042005002966,NICLBSL,4,16,10,"1,817.00","18,170.00"
2021-04-20,2021042005002965,NICLBSL,4,46,10,"1,817.00","18,170.00"
2021-04-20,2021042005002964,NICLBSL,29,45,10,"1,818.00","18,180.00"
2021-04-20,2021042005002975,NICLBSL,32,42,10,"1,817.00","18,170.00"
2021-04-20,2021042005002974,NICLBSL,4,21,10,"1,817.00","18,170.00"
2021-04-20,2021042005002973,NICLBSL,5,29,44,"1,820.00","80,080.00"
2021-04-20,2021042005002972,NICLBSL,5,47,10,"1,820.00","18,200.00"
2021-04-20,2021042005002971,NICLBSL,5,58,10,"1,820.00","18,200.00"
2021-04-20,2021042005002970,NICLBSL,5,47,10,"1,820.00","18,200.00"
2021-04-20,2021042005002981,NICLBSL,32,42,10,"1,817.00","18,170.00"
2021-04-20,2021042005002980,NICLBSL,32,58,10,"1,817.00","18,170.00"
2021-04-20,2021042005002979,NICLBSL,32,55,10,"1,817.00","18,170.00"
2021-04-20,2021042005002978,NICLBSL,32,55,10,"1,817.00","18,170.00"
2021-04-20,2021042005002977,NICLBSL,32,47,10,"1,817.00","18,170.00"
2021-04-20,2021042005002976,NICLBSL,32,58,10,"1,817.00","18,170.00"
2021-04-20,2021042005002987,NICLBSL,34,7,30,"1,820.00","54,600.00"
2021-04-20,2021042005002986,NICLBSL,34,42,10,"1,817.00","18,170.00"
2021-04-20,2021042005002985,NICLBSL,34,17,10,"1,817.00","18,170.00"
2021-04-20,2021042005002984,NICLBSL,32,39,10,"1,817.00","18,170.00"
2021-04-20,2021042005002983,NICLBSL,32,47,10,"1,817.00","18,170.00"
2021-04-20,2021042005002982,NICLBSL,32,16,10,"1,817.00","18,170.00"
2021-04-20,2021042005002994,NICLBSL,40,47,10,"1,817.00","18,170.00"
2021-04-20,2021042005002993,NICLBSL,40,16,10,"1,817.00","18,170.00"
2021-04-20,2021042005002992,NICLBSL,40,58,10,"1,817.00","18,170.00"
2021-04-20,2021042005002991,NICLBSL,40,49,10,"1,817.00","18,170.00"
2021-04-20,2021042005002989,NICLBSL,40,42,10,"1,817.00","18,170.00"
2021-04-20,2021042005002988,NICLBSL,28,58,10,"1,817.00","18,170.00"
2021-04-20,2021042005003000,NICLBSL,35,52,20,"1,819.00","36,380.00"
2021-04-20,2021042005002999,NICLBSL,26,4,10,"1,817.00","18,170.00"
2021-04-20,2021042005002998,NICLBSL,26,46,10,"1,817.00","18,170.00"
2021-04-20,2021042005002997,NICLBSL,26,55,10,"1,817.00","18,170.00"
2021-04-20,2021042005002996,NICLBSL,26,41,10,"1,817.00","18,170.00"
2021-04-20,2021042005002995,NICLBSL,26,18,10,"1,817.00","18,170.00"
2021-04-20,2021042005003006,NICLBSL,48,58,10,"1,818.00","18,180.00"
2021-04-20,2021042005003005,NICLBSL,42,52,80,"1,819.00","145,520.00"
2021-04-20,2021042005003004,NICLBSL,48,42,10,"1,818.00","18,180.00"
2021-04-20,2021042005003003,NICLBSL,26,20,10,"1,817.00","18,170.00"
2021-04-20,2021042005003002,NICLBSL,26,16,10,"1,817.00","18,170.00"
2021-04-20,2021042005003001,NICLBSL,26,21,10,"1,817.00","18,170.00"
2021-04-20,2021042005003012,NICLBSL,42,49,10,"1,818.00","18,180.00"
2021-04-20,2021042005003011,NICLBSL,42,58,10,"1,818.00","18,180.00"
2021-04-20,2021042005003010,NICLBSL,48,20,10,"1,818.00","18,180.00"
2021-04-20,2021042005003009,NICLBSL,48,45,39,"1,818.00","70,902.00"
2021-04-20,2021042005003008,NICLBSL,48,55,20,"1,818.00","36,360.00"
2021-04-20,2021042005003007,NICLBSL,48,16,10,"1,818.00","18,180.00"
2021-04-20,2021042005003018,NICLBSL,17,58,10,"1,819.00","18,190.00"
2021-04-20,2021042005003017,NICLBSL,58,28,10,"1,818.00","18,180.00"
2021-04-20,2021042005003016,NICLBSL,42,49,10,"1,818.00","18,180.00"
2021-04-20,2021042005003015,NICLBSL,42,8,10,"1,818.00","18,180.00"
2021-04-20,2021042005003014,NICLBSL,44,41,10,"1,819.00","18,190.00"
2021-04-20,2021042005003013,NICLBSL,42,29,10,"1,818.00","18,180.00"
2021-04-20,2021042005003024,NICLBSL,56,58,10,"1,819.00","18,190.00"
2021-04-20,2021042005003023,NICLBSL,56,38,10,"1,819.00","18,190.00"
2021-04-20,2021042005003022,NICLBSL,56,48,10,"1,819.00","18,190.00"
2021-04-20,2021042005003021,NICLBSL,56,17,10,"1,819.00","18,190.00"
2021-04-20,2021042005003020,NICLBSL,56,49,10,"1,819.00","18,190.00"
2021-04-20,2021042005003019,NICLBSL,56,8,10,"1,819.00","18,190.00"
2021-04-20,2021042005003030,NICLBSL,14,29,18,"1,820.00","32,760.00"
2021-04-20,2021042005003029,NICLBSL,14,52,10,"1,820.00","18,200.00"
2021-04-20,2021042005003028,NICLBSL,14,11,12,"1,820.00","21,840.00"
2021-04-20,2021042005003027,NICLBSL,14,56,10,"1,820.00","18,200.00"
2021-04-20,2021042005003026,NICLBSL,56,39,10,"1,819.00","18,190.00"
2021-04-20,2021042005003025,NICLBSL,56,8,20,"1,819.00","36,380.00"
2021-04-20,2021042005003036,NICLBSL,21,51,10,"1,820.00","18,200.00"
2021-04-20,2021042005003035,NICLBSL,21,34,20,"1,819.00","36,380.00"
2021-04-20,2021042005003034,NICLBSL,58,25,10,"1,818.00","18,180.00"
2021-04-20,2021042005003033,NICLBSL,56,58,10,"1,819.00","18,190.00"
2021-04-20,2021042005003032,NICLBSL,59,29,8,"1,820.00","14,560.00"
2021-04-20,2021042005003031,NICLBSL,35,29,30,"1,820.00","54,600.00"
2021-04-20,2021042005003042,NICLBSL,57,59,10,"1,818.00","18,180.00"
2021-04-20,2021042005003041,NICLBSL,58,19,10,"1,818.00","18,180.00"
2021-04-20,2021042005003040,NICLBSL,58,8,10,"1,818.00","18,180.00"
2021-04-20,2021042005003039,NICLBSL,33,34,10,"1,819.00","18,190.00"
2021-04-20,2021042005003038,NICLBSL,58,59,10,"1,818.00","18,180.00"
2021-04-20,2021042005003037,NICLBSL,58,58,10,"1,818.00","18,180.00"
2021-04-20,2021042005003048,NICLBSL,50,3,10,"1,817.00","18,170.00"
2021-04-20,2021042005003047,NICLBSL,26,3,20,"1,817.00","36,340.00"
2021-04-20,2021042005003046,NICLBSL,44,3,20,"1,818.00","36,360.00"
2021-04-20,2021042005003045,NICLBSL,44,55,10,"1,818.00","18,180.00"
2021-04-20,2021042005003044,NICLBSL,44,8,10,"1,818.00","18,180.00"
2021-04-20,2021042005003043,NICLBSL,44,46,10,"1,818.00","18,180.00"
2021-04-20,2021042005003055,NICLBSL,21,8,10,"1,818.00","18,180.00"
2021-04-20,2021042005003053,NICLBSL,35,39,10,"1,817.00","18,170.00"
2021-04-20,2021042005003052,NICLBSL,35,20,10,"1,817.00","18,170.00"
2021-04-20,2021042005003051,NICLBSL,14,3,20,"1,817.00","36,340.00"
2021-04-20,2021042005003050,NICLBSL,17,3,200,"1,817.00","363,400.00"
2021-04-20,2021042005003049,NICLBSL,57,3,50,"1,817.00","90,850.00"
2021-04-20,2021042005003061,NICLBSL,43,39,10,"1,816.00","18,160.00"
2021-04-20,2021042005003060,NICLBSL,28,39,10,"1,817.00","18,170.00"
2021-04-20,2021042005003059,NICLBSL,35,20,10,"1,817.00","18,170.00"
2021-04-20,2021042005003058,NICLBSL,38,38,10,"1,818.00","18,180.00"
2021-04-20,2021042005003057,NICLBSL,35,8,10,"1,817.00","18,170.00"
2021-04-20,2021042005003056,NICLBSL,35,59,10,"1,817.00","18,170.00"
2021-04-20,2021042005003067,NICLBSL,35,45,10,"1,817.00","18,170.00"
2021-04-20,2021042005003066,NICLBSL,35,45,10,"1,817.00","18,170.00"
2021-04-20,2021042005003065,NICLBSL,35,6,10,"1,817.00","18,170.00"
2021-04-20,2021042005003064,NICLBSL,43,16,10,"1,816.00","18,160.00"
2021-04-20,2021042005003063,NICLBSL,43,8,10,"1,816.00","18,160.00"
2021-04-20,2021042005003062,NICLBSL,43,55,20,"1,816.00","36,320.00"
2021-04-20,2021042005003074,NICLBSL,43,57,10,"1,816.00","18,160.00"
2021-04-20,2021042005003073,NICLBSL,41,57,20,"1,816.00","36,320.00"
2021-04-20,2021042005003072,NICLBSL,42,57,100,"1,816.00","181,600.00"
2021-04-20,2021042005003071,NICLBSL,8,57,100,"1,817.00","181,700.00"
2021-04-20,2021042005003070,NICLBSL,35,57,10,"1,817.00","18,170.00"
2021-04-20,2021042005003069,NICLBSL,35,39,10,"1,817.00","18,170.00"
2021-04-20,2021042005003080,NICLBSL,56,57,100,"1,816.00","181,600.00"
2021-04-20,2021042005003079,NICLBSL,59,57,10,"1,816.00","18,160.00"
2021-04-20,2021042005003078,NICLBSL,35,57,10,"1,816.00","18,160.00"
2021-04-20,2021042005003077,NICLBSL,58,57,50,"1,816.00","90,800.00"
2021-04-20,2021042005003076,NICLBSL,19,57,500,"1,816.00","908,000.00"
2021-04-20,2021042005003075,NICLBSL,21,57,50,"1,816.00","90,800.00"
2021-04-20,2021042005003086,NICLBSL,38,16,10,"1,818.00","18,180.00"
2021-04-20,2021042005003085,NICLBSL,38,49,10,"1,818.00","18,180.00"
2021-04-20,2021042005003084,NICLBSL,38,38,10,"1,818.00","18,180.00"
2021-04-20,2021042005003083,NICLBSL,38,55,10,"1,817.00","18,170.00"
2021-04-20,2021042005003082,NICLBSL,45,57,30,"1,816.00","54,480.00"
2021-04-20,2021042005003081,NICLBSL,34,57,10,"1,816.00","18,160.00"
2021-04-20,2021042005003092,NICLBSL,25,35,10,"1,817.00","18,170.00"
2021-04-20,2021042005003091,NICLBSL,36,59,10,"1,817.00","18,170.00"
2021-04-20,2021042005003090,NICLBSL,36,39,20,"1,817.00","36,340.00"
2021-04-20,2021042005003089,NICLBSL,36,16,10,"1,817.00","18,170.00"
2021-04-20,2021042005003088,NICLBSL,36,49,10,"1,817.00","18,170.00"
2021-04-20,2021042005003087,NICLBSL,38,44,10,"1,818.00","18,180.00"
2021-04-20,2021042005003098,NICLBSL,45,1,50,"1,816.00","90,800.00"
2021-04-20,2021042005003097,NICLBSL,45,55,10,"1,816.00","18,160.00"
2021-04-20,2021042005003096,NICLBSL,45,16,10,"1,816.00","18,160.00"
2021-04-20,2021042005003095,NICLBSL,25,16,10,"1,818.00","18,180.00"
2021-04-20,2021042005003094,NICLBSL,25,16,10,"1,818.00","18,180.00"
2021-04-20,2021042005003093,NICLBSL,25,42,10,"1,817.00","18,170.00"
2021-04-20,2021042005003104,NICLBSL,45,1,50,"1,815.00","90,750.00"
2021-04-20,2021042005003103,NICLBSL,57,1,10,"1,815.00","18,150.00"
2021-04-20,2021042005003102,NICLBSL,17,1,10,"1,815.00","18,150.00"
2021-04-20,2021042005003101,NICLBSL,52,1,50,"1,815.00","90,750.00"
2021-04-20,2021042005003100,NICLBSL,44,1,20,"1,815.00","36,300.00"
2021-04-20,2021042005003099,NICLBSL,6,1,20,"1,816.00","36,320.00"
2021-04-20,2021042005003110,NICLBSL,35,29,20,"1,815.00","36,300.00"
2021-04-20,2021042005003109,NICLBSL,49,29,100,"1,815.00","181,500.00"
2021-04-20,2021042005003108,NICLBSL,21,29,20,"1,815.00","36,300.00"
2021-04-20,2021042005003107,NICLBSL,21,16,10,"1,815.00","18,150.00"
2021-04-20,2021042005003106,NICLBSL,21,18,10,"1,815.00","18,150.00"
2021-04-20,2021042005003105,NICLBSL,21,1,60,"1,815.00","108,900.00"
2021-04-20,2021042005003116,NICLBSL,42,29,50,"1,815.00","90,750.00"
2021-04-20,2021042005003115,NICLBSL,48,29,20,"1,815.00","36,300.00"
2021-04-20,2021042005003114,NICLBSL,57,29,50,"1,815.00","90,750.00"
2021-04-20,2021042005003113,NICLBSL,58,29,35,"1,815.00","63,525.00"
2021-04-20,2021042005003112,NICLBSL,35,29,10,"1,815.00","18,150.00"
2021-04-20,2021042005003111,NICLBSL,32,29,50,"1,815.00","90,750.00"
2021-04-20,2021042005003122,NICLBSL,35,29,10,"1,815.00","18,150.00"
2021-04-20,2021042005003121,NICLBSL,58,29,100,"1,815.00","181,500.00"
2021-04-20,2021042005003120,NICLBSL,51,29,20,"1,815.00","36,300.00"
2021-04-20,2021042005003119,NICLBSL,17,29,25,"1,815.00","45,375.00"
2021-04-20,2021042005003118,NICLBSL,34,29,20,"1,815.00","36,300.00"
2021-04-20,2021042005003117,NICLBSL,58,29,40,"1,815.00","72,600.00"
2021-04-20,2021042005003128,NICLBSL,45,55,10,"1,815.00","18,150.00"
2021-04-20,2021042005003127,NICLBSL,45,21,10,"1,815.00","18,150.00"
2021-04-20,2021042005003126,NICLBSL,45,29,80,"1,815.00","145,200.00"
2021-04-20,2021042005003125,NICLBSL,17,29,50,"1,815.00","90,750.00"
2021-04-20,2021042005003124,NICLBSL,34,29,100,"1,815.00","181,500.00"
2021-04-20,2021042005003123,NICLBSL,28,29,100,"1,815.00","181,500.00"
2021-04-20,2021042005003134,NICLBSL,45,16,10,"1,815.00","18,150.00"
2021-04-20,2021042005003133,NICLBSL,35,16,10,"1,818.00","18,180.00"
2021-04-20,2021042005003132,NICLBSL,35,58,10,"1,818.00","18,180.00"
2021-04-20,2021042005003131,NICLBSL,35,59,10,"1,817.00","18,170.00"
2021-04-20,2021042005003130,NICLBSL,35,59,10,"1,817.00","18,170.00"
2021-04-20,2021042005003129,NICLBSL,35,39,10,"1,816.00","18,160.00"
2021-04-20,2021042005003140,NICLBSL,28,52,10,"1,818.00","18,180.00"
2021-04-20,2021042005003139,NICLBSL,14,52,20,"1,818.00","36,360.00"
2021-04-20,2021042005003138,NICLBSL,14,38,10,"1,818.00","18,180.00"
2021-04-20,2021042005003137,NICLBSL,14,50,10,"1,818.00","18,180.00"
2021-04-20,2021042005003136,NICLBSL,55,14,10,"1,816.00","18,160.00"
2021-04-20,2021042005003135,NICLBSL,55,28,10,"1,816.00","18,160.00"
2021-04-20,2021042005003146,NICLBSL,28,33,10,"1,818.00","18,180.00"
2021-04-20,2021042005003145,NICLBSL,16,55,10,"1,818.00","18,180.00"
2021-04-20,2021042005003144,NICLBSL,16,59,10,"1,818.00","18,180.00"
2021-04-20,2021042005003143,NICLBSL,16,16,10,"1,818.00","18,180.00"
2021-04-20,2021042005003142,NICLBSL,16,21,10,"1,818.00","18,180.00"
2021-04-20,2021042005003141,NICLBSL,55,52,70,"1,816.00","127,120.00"
2021-04-20,2021042005003152,NICLBSL,16,58,10,"1,817.00","18,170.00"
2021-04-20,2021042005003151,NICLBSL,16,49,10,"1,817.00","18,170.00"
2021-04-20,2021042005003150,NICLBSL,16,59,10,"1,817.00","18,170.00"
2021-04-20,2021042005003149,NICLBSL,16,44,10,"1,817.00","18,170.00"
2021-04-20,2021042005003148,NICLBSL,16,18,10,"1,817.00","18,170.00"
2021-04-20,2021042005003147,NICLBSL,28,58,10,"1,818.00","18,180.00"
2021-04-20,2021042005003158,NICLBSL,56,59,10,"1,817.00","18,170.00"
2021-04-20,2021042005003157,NICLBSL,44,1,10,"1,818.00","18,180.00"
2021-04-20,2021042005003156,NICLBSL,44,26,10,"1,818.00","18,180.00"
2021-04-20,2021042005003155,NICLBSL,29,58,10,"1,818.00","18,180.00"
2021-04-20,2021042005003154,NICLBSL,56,40,10,"1,817.00","18,170.00"
2021-04-20,2021042005003153,NICLBSL,56,42,10,"1,817.00","18,170.00"
2021-04-20,2021042005003165,NICLBSL,39,36,10,"1,816.00","18,160.00"
2021-04-20,2021042005003164,NICLBSL,29,36,100,"1,817.00","181,700.00"
2021-04-20,2021042005003163,NICLBSL,32,36,100,"1,817.00","181,700.00"
2021-04-20,2021042005003161,NICLBSL,56,28,10,"1,817.00","18,170.00"
2021-04-20,2021042005003160,NICLBSL,56,42,10,"1,817.00","18,170.00"
2021-04-20,2021042005003159,NICLBSL,29,42,10,"1,818.00","18,180.00"
2021-04-20,2021042005003175,NICLBSL,45,1,270,"1,815.00","490,050.00"
2021-04-20,2021042005003172,NICLBSL,17,42,10,"1,816.00","18,160.00"
2021-04-20,2021042005003171,NICLBSL,38,58,10,"1,817.00","18,170.00"
2021-04-20,2021042005003170,NICLBSL,17,11,10,"1,816.00","18,160.00"
2021-04-20,2021042005003168,NICLBSL,1,42,10,"1,817.00","18,170.00"
2021-04-20,2021042005003166,NICLBSL,45,36,50,"1,815.00","90,750.00"
2021-04-20,2021042005003181,NICLBSL,45,49,10,"1,815.00","18,150.00"
2021-04-20,2021042005003180,NICLBSL,45,11,20,"1,815.00","36,300.00"
2021-04-20,2021042005003179,NICLBSL,45,42,10,"1,815.00","18,150.00"
2021-04-20,2021042005003178,NICLBSL,45,40,20,"1,815.00","36,300.00"
2021-04-20,2021042005003177,NICLBSL,41,7,1,"1,817.00","1,817.00"
2021-04-20,2021042005003176,NICLBSL,45,42,10,"1,815.00","18,150.00"
2021-04-20,2021042005003187,NICLBSL,7,11,10,"1,815.00","18,150.00"
2021-04-20,2021042005003186,NICLBSL,46,49,10,"1,815.00","18,150.00"
2021-04-20,2021042005003185,NICLBSL,46,47,10,"1,815.00","18,150.00"
2021-04-20,2021042005003184,NICLBSL,11,52,10,"1,815.00","18,150.00"
2021-04-20,2021042005003183,NICLBSL,11,58,10,"1,815.00","18,150.00"
2021-04-20,2021042005003182,NICLBSL,47,49,10,"1,816.00","18,160.00"
2021-04-20,2021042005003193,NICLBSL,47,56,10,"1,816.00","18,160.00"
2021-04-20,2021042005003192,NICLBSL,22,49,10,"1,815.00","18,150.00"
2021-04-20,2021042005003191,NICLBSL,25,59,10,"1,815.00","18,150.00"
2021-04-20,2021042005003190,NICLBSL,25,41,10,"1,815.00","18,150.00"
2021-04-20,2021042005003189,NICLBSL,25,52,10,"1,815.00","18,150.00"
2021-04-20,2021042005003188,NICLBSL,57,14,10,"1,815.00","18,150.00"
2021-04-20,2021042005003199,NICLBSL,22,1,10,"1,815.00","18,150.00"
2021-04-20,2021042005003198,NICLBSL,22,41,10,"1,815.00","18,150.00"
2021-04-20,2021042005003197,NICLBSL,47,16,10,"1,816.00","18,160.00"
2021-04-20,2021042005003196,NICLBSL,47,59,10,"1,816.00","18,160.00"
2021-04-20,2021042005003195,NICLBSL,47,40,10,"1,816.00","18,160.00"
2021-04-20,2021042005003194,NICLBSL,47,58,10,"1,816.00","18,160.00"
2021-04-20,2021042005003205,NICLBSL,22,48,10,"1,815.00","18,150.00"
2021-04-20,2021042005003204,NICLBSL,22,58,10,"1,815.00","18,150.00"
2021-04-20,2021042005003203,NICLBSL,22,47,10,"1,815.00","18,150.00"
2021-04-20,2021042005003202,NICLBSL,22,47,10,"1,815.00","18,150.00"
2021-04-20,2021042005003201,NICLBSL,56,32,100,"1,819.00","181,900.00"
2021-04-20,2021042005003200,NICLBSL,22,4,10,"1,815.00","18,150.00"
2021-04-20,2021042005003211,NICLBSL,22,21,10,"1,815.00","18,150.00"
2021-04-20,2021042005003210,NICLBSL,14,39,10,"1,816.00","18,160.00"
2021-04-20,2021042005003209,NICLBSL,14,45,10,"1,816.00","18,160.00"
2021-04-20,2021042005003208,NICLBSL,14,37,10,"1,816.00","18,160.00"
2021-04-20,2021042005003207,NICLBSL,14,48,20,"1,816.00","36,320.00"
2021-04-20,2021042005003206,NICLBSL,22,47,10,"1,815.00","18,150.00"
2021-04-20,2021042005003217,NICLBSL,17,45,10,"1,817.00","18,170.00"
2021-04-20,2021042005003216,NICLBSL,17,45,10,"1,817.00","18,170.00"
2021-04-20,2021042005003215,NICLBSL,17,59,10,"1,817.00","18,170.00"
2021-04-20,2021042005003214,NICLBSL,17,13,11,"1,817.00","19,987.00"
2021-04-20,2021042005003213,NICLBSL,48,28,10,"1,815.00","18,150.00"
2021-04-20,2021042005003212,NICLBSL,33,47,10,"1,815.00","18,150.00"
2021-04-20,2021042005003223,NICLBSL,17,45,10,"1,818.00","18,180.00"
2021-04-20,2021042005003222,NICLBSL,17,26,10,"1,818.00","18,180.00"
2021-04-20,2021042005003221,NICLBSL,17,59,10,"1,817.00","18,170.00"
2021-04-20,2021042005003220,NICLBSL,17,59,10,"1,817.00","18,170.00"
2021-04-20,2021042005003219,NICLBSL,17,59,10,"1,817.00","18,170.00"
2021-04-20,2021042005003218,NICLBSL,17,58,10,"1,817.00","18,170.00"
2021-04-20,2021042005003229,NICLBSL,48,4,10,"1,815.00","18,150.00"
2021-04-20,2021042005003228,NICLBSL,17,21,10,"1,820.00","18,200.00"
2021-04-20,2021042005003227,NICLBSL,17,49,10,"1,820.00","18,200.00"
2021-04-20,2021042005003226,NICLBSL,17,48,10,"1,820.00","18,200.00"
