Date,Transact. No.,Symbol,Buyer,Seller,Quantity,Rate,Amount
2020-03-01,2020030101039289,ADBL,57,33,78,452.00,"35,256.00"
2020-03-01,2020030101039224,ADBL,33,53,100,451.00,"45,100.00"
2020-03-01,2020030101038804,ADBL,22,33,16,452.00,"7,232.00"
2020-03-01,2020030101038803,ADBL,56,33,406,452.00,"183,512.00"
2020-03-01,2020030101039152,AHPC,42,39,"7,000",106.00,"742,000.00"
2020-03-01,2020030101039080,AKJCL,41,21,490,56.00,"27,440.00"
2020-03-01,2020030101039079,AKJCL,17,21,500,57.00,"28,500.00"
2020-03-01,2020030101039078,AKJCL,43,21,50,57.00,"2,850.00"
2020-03-01,2020030101039077,AKJCL,51,21,500,57.00,"28,500.00"
2020-03-01,2020030101039076,AKJCL,21,21,500,57.00,"28,500.00"
2020-03-01,2020030101039146,AKPL,36,13,540,133.00,"71,820.00"
2020-03-01,2020030101039285,ALICL,25,36,500,648.00,"324,000.00"
2020-03-01,2020030101039119,ALICL,38,16,100,649.00,"64,900.00"
2020-03-01,2020030101038981,ALICL,16,16,500,649.00,"324,500.00"
2020-03-01,2020030101038980,ALICL,35,16,200,650.00,"130,000.00"
2020-03-01,2020030101038979,ALICL,39,16,200,650.00,"130,000.00"
2020-03-01,2020030101039221,API,38,38,300,144.00,"43,200.00"
2020-03-01,2020030101038996,API,49,38,200,144.00,"28,800.00"
2020-03-01,2020030101039131,BFC,43,13,10,109.00,"1,090.00"
2020-03-01,2020030101039128,BNT,28,47,10,"7,712.00","77,120.00"
2020-03-01,2020030101039127,BNT,8,47,10,"7,712.00","77,120.00"
2020-03-01,2020030101038822,BOKL,53,28,300,277.00,"83,100.00"
2020-03-01,2020030101039084,BPCL,11,37,130,396.00,"51,480.00"
2020-03-01,2020030101038954,BPCL,33,5,20,396.00,"7,920.00"
2020-03-01,2020030101038953,BPCL,33,32,50,395.00,"19,750.00"
2020-03-01,2020030101038952,BPCL,33,42,130,392.00,"50,960.00"
2020-03-01,2020030101038995,CBBL,34,49,10,"1,250.00","12,500.00"
2020-03-01,2020030101038937,CBBL,4,49,40,"1,250.00","50,000.00"
2020-03-01,2020030101039218,CBL,32,59,10,160.00,"1,600.00"
2020-03-01,2020030101039110,CBL,43,59,10,160.00,"1,600.00"
2020-03-01,2020030101039034,CBL,8,25,"2,534",158.00,"400,372.00"
2020-03-01,2020030101039033,CBL,43,25,400,158.00,"63,200.00"
2020-03-01,2020030101039032,CBL,40,25,200,158.00,"31,600.00"
2020-03-01,2020030101039031,CBL,39,25,"1,100",158.00,"173,800.00"
2020-03-01,2020030101039030,CBL,33,25,433,159.00,"68,847.00"
2020-03-01,2020030101039232,CCBL,33,35,50,199.00,"9,950.00"
2020-03-01,2020030101039185,CCBL,33,35,450,199.00,"89,550.00"
2020-03-01,2020030101039141,CCBL,48,6,195,198.00,"38,610.00"
2020-03-01,2020030101039140,CCBL,32,6,805,198.00,"159,390.00"
2020-03-01,2020030101039049,CCBL,32,39,"1,998",198.00,"395,604.00"
2020-03-01,2020030101038807,CCBL,21,35,50,199.00,"9,950.00"
2020-03-01,2020030101038949,CCBL,32,3,97,198.00,"19,206.00"
2020-03-01,2020030101038900,CCBL,32,45,"2,000",198.00,"396,000.00"
2020-03-01,2020030101038896,CCBL,32,45,100,198.00,"19,800.00"
2020-03-01,2020030101038895,CCBL,37,45,500,198.00,"99,000.00"
2020-03-01,2020030101038894,CCBL,59,45,"4,400",198.00,"871,200.00"
2020-03-01,2020030101038942,CHCL,13,49,344,446.00,"153,424.00"
2020-03-01,2020030101038876,CHCL,13,49,226,446.00,"100,796.00"
2020-03-01,2020030101038875,CHCL,13,49,344,445.00,"153,080.00"
2020-03-01,2020030101038838,CHCL,33,49,200,445.00,"89,000.00"
2020-03-01,2020030101038837,CHCL,52,49,300,445.00,"133,500.00"
2020-03-01,2020030101038836,CHCL,54,49,156,445.00,"69,420.00"
2020-03-01,2020030101039174,CHL,49,35,261,103.00,"26,883.00"
2020-03-01,2020030101039173,CHL,49,58,13,103.00,"1,339.00"
2020-03-01,2020030101039200,CIT,33,3,50,"2,945.00","147,250.00"
2020-03-01,2020030101039199,CIT,58,3,10,"2,946.00","29,460.00"
2020-03-01,2020030101039108,CIT,33,58,50,"2,945.00","147,250.00"
2020-03-01,2020030101039107,CIT,35,58,100,"2,946.00","294,600.00"
2020-03-01,2020030101039106,CIT,33,58,50,"2,948.00","147,400.00"
2020-03-01,2020030101038986,CIT,33,7,100,"2,950.00","295,000.00"
2020-03-01,2020030101038985,CIT,41,7,10,"2,950.00","29,500.00"
2020-03-01,2020030101038984,CIT,58,7,20,"2,951.00","59,020.00"
2020-03-01,2020030101039039,CLBSL,58,41,100,"1,349.00","134,900.00"
2020-03-01,2020030101039194,CZBIL,13,14,37,224.00,"8,288.00"
2020-03-01,2020030101039187,CZBIL,21,14,100,224.00,"22,400.00"
2020-03-01,2020030101039043,CZBIL,58,14,50,224.00,"11,200.00"
2020-03-01,2020030101038948,CZBIL,49,14,500,224.00,"112,000.00"
2020-03-01,2020030101038947,CZBIL,58,14,236,224.00,"52,864.00"
2020-03-01,2020030101038835,CZBIL,37,45,100,225.00,"22,500.00"
2020-03-01,2020030101038830,CZBIL,58,57,395,224.00,"88,480.00"
2020-03-01,2020030101039244,DDBL,7,19,200,980.00,"196,000.00"
2020-03-01,2020030101039243,DDBL,35,19,10,980.00,"9,800.00"
2020-03-01,2020030101039287,EBL,26,11,200,864.00,"172,800.00"
2020-03-01,2020030101039286,EBL,26,33,200,864.00,"172,800.00"
2020-03-01,2020030101039247,EBL,32,44,37,855.00,"31,635.00"
2020-03-01,2020030101039246,EBL,14,44,63,855.00,"53,865.00"
2020-03-01,2020030101039150,EBL,39,33,300,864.00,"259,200.00"
2020-03-01,2020030101039054,EBL,54,10,200,866.00,"173,200.00"
2020-03-01,2020030101038857,EBL,4,29,63,856.00,"53,928.00"
2020-03-01,2020030101038856,EBL,47,29,200,857.00,"171,400.00"
2020-03-01,2020030101038855,EBL,26,29,65,865.00,"56,225.00"
2020-03-01,2020030101038913,EBL,14,29,"1,000",855.00,"855,000.00"
2020-03-01,2020030101038884,EBL,14,46,100,855.00,"85,500.00"
2020-03-01,2020030101038861,EBL,14,29,837,855.00,"715,635.00"
2020-03-01,2020030101038860,EBL,7,29,100,855.00,"85,500.00"
2020-03-01,2020030101038859,EBL,49,29,35,855.00,"29,925.00"
2020-03-01,2020030101038858,EBL,57,29,200,856.00,"171,200.00"
2020-03-01,2020030101038936,EBL,38,33,100,867.00,"86,700.00"
2020-03-01,2020030101039156,EIC,46,50,50,450.00,"22,500.00"
2020-03-01,2020030101039118,FMDBL,21,57,348,636.00,"221,328.00"
2020-03-01,2020030101038943,FMDBL,28,57,152,636.00,"96,672.00"
2020-03-01,2020030101039284,FOWAD,38,41,60,"1,870.00","112,200.00"
2020-03-01,2020030101038915,GBBL,45,4,28,273.00,"7,644.00"
2020-03-01,2020030101038914,GBBL,4,4,68,277.00,"18,836.00"
2020-03-01,2020030101039248,GBIME,14,41,100,312.00,"31,200.00"
2020-03-01,2020030101039188,GBIME,59,57,"1,000",313.00,"313,000.00"
2020-03-01,2020030101039126,GBIME,28,57,100,313.00,"31,300.00"
2020-03-01,2020030101039124,GBIME,14,7,100,312.00,"31,200.00"
2020-03-01,2020030101039086,GBIME,38,57,100,313.00,"31,300.00"
2020-03-01,2020030101039081,GBIME,14,58,200,312.00,"62,400.00"
2020-03-01,2020030101038878,GBIME,14,35,316,312.00,"98,592.00"
2020-03-01,2020030101038877,GBIME,28,35,184,312.00,"57,408.00"
2020-03-01,2020030101039149,GBLBS,56,58,10,599.00,"5,990.00"
2020-03-01,2020030101039100,GBLBS,58,22,142,595.00,"84,490.00"
2020-03-01,2020030101039099,GBLBS,25,22,20,596.00,"11,920.00"
2020-03-01,2020030101038853,GBLBS,34,51,300,595.00,"178,500.00"
2020-03-01,2020030101038852,GBLBS,34,51,100,595.00,"59,500.00"
2020-03-01,2020030101038851,GBLBS,58,51,200,595.00,"119,000.00"
2020-03-01,2020030101038850,GBLBS,41,51,346,595.00,"205,870.00"
2020-03-01,2020030101038849,GBLBS,5,51,50,596.00,"29,800.00"
2020-03-01,2020030101038790,GGBSL,45,29,10,910.00,"9,100.00"
2020-03-01,2020030101039155,GILB,17,46,67,"1,523.00","102,041.00"
2020-03-01,2020030101039154,GILB,44,46,63,"1,524.00","96,012.00"
2020-03-01,2020030101039153,GILB,28,46,20,"1,526.00","30,520.00"
2020-03-01,2020030101038801,GILB,44,41,202,"1,524.00","307,848.00"
2020-03-01,2020030101038800,GILB,39,41,198,"1,525.00","301,950.00"
2020-03-01,2020030101039215,GLBSL,19,49,100,800.00,"80,000.00"
2020-03-01,2020030101039259,GLICL,42,58,186,967.00,"179,862.00"
2020-03-01,2020030101039181,GLICL,42,5,300,967.00,"290,100.00"
2020-03-01,2020030101039116,GLICL,42,39,"1,000",967.00,"967,000.00"
2020-03-01,2020030101039105,GLICL,42,49,"1,961",967.00,"1,896,287.00"
2020-03-01,2020030101038988,GLICL,6,56,50,968.00,"48,400.00"
2020-03-01,2020030101038854,GLICL,54,56,190,968.00,"183,920.00"
2020-03-01,2020030101038818,GLICL,41,56,15,968.00,"14,520.00"
2020-03-01,2020030101038826,GMFBS,28,58,50,980.00,"49,000.00"
2020-03-01,2020030101039288,GUFL,35,39,500,142.00,"71,000.00"
2020-03-01,2020030101039240,HBL,1,41,400,681.00,"272,400.00"
2020-03-01,2020030101038833,HBL,14,36,100,681.00,"68,100.00"
2020-03-01,2020030101039160,HDL,4,58,50,"1,772.00","88,600.00"
2020-03-01,2020030101039138,HDL,57,35,100,"1,773.00","177,300.00"
2020-03-01,2020030101039101,HDL,4,35,10,"1,773.00","17,730.00"
2020-03-01,2020030101039013,HDL,47,19,80,"1,759.00","140,720.00"
2020-03-01,2020030101039012,HDL,6,19,20,"1,760.00","35,200.00"
2020-03-01,2020030101038848,HDL,47,35,110,"1,773.00","195,030.00"
2020-03-01,2020030101038840,HDL,58,58,100,"1,760.00","176,000.00"
2020-03-01,2020030101038839,HDL,4,58,100,"1,760.00","176,000.00"
2020-03-01,2020030101038847,HDL,47,43,100,"1,770.00","177,000.00"
2020-03-01,2020030101038846,HDL,47,51,50,"1,767.00","88,350.00"
2020-03-01,2020030101038845,HDL,47,16,20,"1,766.00","35,320.00"
2020-03-01,2020030101038844,HDL,47,46,20,"1,765.00","35,300.00"
2020-03-01,2020030101038843,HDL,47,22,100,"1,765.00","176,500.00"
2020-03-01,2020030101038841,HDL,47,58,300,"1,759.00","527,700.00"
2020-03-01,2020030101039148,HGI,16,28,"3,985",439.00,"1,749,415.00"
2020-03-01,2020030101039147,HGI,38,28,15,440.00,"6,600.00"
2020-03-01,2020030101039103,HGI,28,57,20,446.00,"8,920.00"
2020-03-01,2020030101039027,HGI,38,28,185,440.00,"81,400.00"
2020-03-01,2020030101039026,HGI,58,28,225,440.00,"99,000.00"
2020-03-01,2020030101039025,HGI,52,28,100,440.00,"44,000.00"
2020-03-01,2020030101039018,HGI,38,28,500,441.00,"220,500.00"
2020-03-01,2020030101039017,HGI,38,28,500,441.00,"220,500.00"
2020-03-01,2020030101039016,HGI,17,28,100,442.00,"44,200.00"
2020-03-01,2020030101039015,HGI,52,28,50,443.00,"22,150.00"
2020-03-01,2020030101039024,HGI,58,28,200,440.00,"88,000.00"
2020-03-01,2020030101039023,HGI,34,28,50,440.00,"22,000.00"
2020-03-01,2020030101039022,HGI,51,28,50,440.00,"22,000.00"
2020-03-01,2020030101039021,HGI,47,28,"1,000",440.00,"440,000.00"
2020-03-01,2020030101039020,HGI,35,28,"1,000",440.00,"440,000.00"
2020-03-01,2020030101039019,HGI,14,28,40,440.00,"17,600.00"
2020-03-01,2020030101039201,HIDCL,11,13,63,148.00,"9,324.00"
2020-03-01,2020030101039212,HPPL,56,17,10,159.00,"1,590.00"
2020-03-01,2020030101039042,ILBS,55,10,10,913.00,"9,130.00"
2020-03-01,2020030101038935,ILBS,55,10,10,899.00,"8,990.00"
2020-03-01,2020030101038869,JBBL,49,7,31,206.00,"6,386.00"
2020-03-01,2020030101038868,JBBL,35,7,269,206.00,"55,414.00"
2020-03-01,2020030101039236,JSLBB,39,28,10,"1,840.00","18,400.00"
2020-03-01,2020030101038862,JSLBB,39,19,50,"1,840.00","92,000.00"
2020-03-01,2020030101038993,JSLBB,34,42,10,"1,874.00","18,740.00"
2020-03-01,2020030101038883,KBL,45,34,331,227.00,"75,137.00"
2020-03-01,2020030101038882,KBL,6,34,"1,000",227.00,"227,000.00"
2020-03-01,2020030101038881,KBL,34,34,272,227.00,"61,744.00"
2020-03-01,2020030101038880,KBL,37,34,397,228.00,"90,516.00"
2020-03-01,2020030101038870,KBL,37,14,103,228.00,"23,484.00"
2020-03-01,2020030101038814,KBL,26,14,100,228.00,"22,800.00"
2020-03-01,2020030101038813,KBL,58,14,297,228.00,"67,716.00"
2020-03-01,2020030101039193,KMCDB,22,45,30,"1,028.00","30,840.00"
2020-03-01,2020030101039267,KPCL,14,59,39,116.00,"4,524.00"
2020-03-01,2020030101039266,KPCL,14,57,10,116.00,"1,160.00"
2020-03-01,2020030101039265,KPCL,14,57,11,116.00,"1,276.00"
2020-03-01,2020030101039264,KPCL,14,26,10,116.00,"1,160.00"
2020-03-01,2020030101039263,KPCL,14,55,10,116.00,"1,160.00"
2020-03-01,2020030101039262,KPCL,14,17,10,116.00,"1,160.00"
2020-03-01,2020030101039261,KPCL,14,51,10,116.00,"1,160.00"
2020-03-01,2020030101039238,KSBBL,59,56,907,181.00,"164,167.00"
2020-03-01,2020030101039237,KSBBL,47,56,200,181.00,"36,200.00"
2020-03-01,2020030101039075,LBBL,55,32,"1,762",210.00,"370,020.00"
2020-03-01,2020030101039074,LBBL,52,32,500,210.00,"105,000.00"
2020-03-01,2020030101039073,LBBL,38,32,500,211.00,"105,500.00"
2020-03-01,2020030101039072,LBBL,25,32,100,211.00,"21,100.00"
2020-03-01,2020030101039071,LBBL,34,32,"1,138",211.00,"240,118.00"
2020-03-01,2020030101039195,LBL,38,45,72,256.00,"18,432.00"
2020-03-01,2020030101038874,LBL,49,37,200,257.00,"51,400.00"
2020-03-01,2020030101038799,LBL,55,13,"1,000",257.00,"257,000.00"
2020-03-01,2020030101038987,LGIL,47,5,50,550.00,"27,500.00"
2020-03-01,2020030101039223,LICN,25,7,10,"1,632.00","16,320.00"
2020-03-01,2020030101039222,LLBS,38,49,19,"1,246.00","23,674.00"
2020-03-01,2020030101039132,MBL,57,43,140,275.00,"38,500.00"
2020-03-01,2020030101039082,MBL,16,14,250,276.00,"69,000.00"
2020-03-01,2020030101038831,MBL,57,14,360,275.00,"99,000.00"
2020-03-01,2020030101039046,MDB,4,40,"1,000",455.00,"455,000.00"
2020-03-01,2020030101039278,MEGA,43,29,10,260.00,"2,600.00"
2020-03-01,2020030101039069,MEGA,43,29,10,260.00,"2,600.00"
2020-03-01,2020030101039068,MEGA,43,40,20,258.00,"5,160.00"
2020-03-01,2020030101038806,MEGA,33,36,150,259.00,"38,850.00"
2020-03-01,2020030101038885,MEGA,25,36,140,259.00,"36,260.00"
2020-03-01,2020030101038825,MEGA,33,34,298,256.00,"76,288.00"
2020-03-01,2020030101038824,MEGA,40,34,702,257.00,"180,414.00"
2020-03-01,2020030101038969,MEGA,33,36,500,256.00,"128,000.00"
2020-03-01,2020030101038892,MEGA,43,29,150,260.00,"39,000.00"
2020-03-01,2020030101038889,MEGA,25,29,161,260.00,"41,860.00"
2020-03-01,2020030101038888,MEGA,25,42,101,260.00,"26,260.00"
2020-03-01,2020030101038887,MEGA,25,45,500,260.00,"130,000.00"
2020-03-01,2020030101038886,MEGA,25,33,98,260.00,"25,480.00"
2020-03-01,2020030101039227,MHNL,25,19,100,96.00,"9,600.00"
2020-03-01,2020030101039226,MHNL,49,19,20,96.00,"1,920.00"
2020-03-01,2020030101039036,MLBL,21,14,10,238.00,"2,380.00"
2020-03-01,2020030101038990,MLBL,57,6,237,237.00,"56,169.00"
2020-03-01,2020030101038931,MLBL,57,45,16,237.00,"3,792.00"
2020-03-01,2020030101039234,MNBBL,28,58,262,384.00,"100,608.00"
2020-03-01,2020030101039233,MNBBL,53,58,20,384.00,"7,680.00"
2020-03-01,2020030101039161,MNBBL,53,32,230,384.00,"88,320.00"
2020-03-01,2020030101039198,NABIL,55,45,30,940.00,"28,200.00"
2020-03-01,2020030101039197,NABIL,55,45,270,940.00,"253,800.00"
2020-03-01,2020030101039189,NABIL,55,25,100,940.00,"94,000.00"
2020-03-01,2020030101039035,NABIL,55,53,100,940.00,"94,000.00"
2020-03-01,2020030101039007,NABIL,55,34,30,940.00,"28,200.00"
2020-03-01,2020030101039005,NABIL,25,41,10,942.00,"9,420.00"
2020-03-01,2020030101038827,NABIL,22,32,134,937.00,"125,558.00"
2020-03-01,2020030101038941,NABIL,1,56,113,936.00,"105,768.00"
2020-03-01,2020030101038940,NABIL,37,56,100,936.00,"93,600.00"
2020-03-01,2020030101038939,NABIL,52,56,50,936.00,"46,800.00"
2020-03-01,2020030101038938,NABIL,36,56,49,936.00,"45,864.00"
2020-03-01,2020030101038920,NABIL,36,39,50,936.00,"46,800.00"
2020-03-01,2020030101038828,NABIL,36,32,66,936.00,"61,776.00"
2020-03-01,2020030101039047,NADEP,5,58,162,770.00,"124,740.00"
2020-03-01,2020030101038794,NADEP,5,49,186,770.00,"143,220.00"
2020-03-01,2020030101038793,NADEP,52,49,14,770.00,"10,780.00"
2020-03-01,2020030101039176,NBB,10,16,100,250.00,"25,000.00"
2020-03-01,2020030101039102,NBB,49,16,100,251.00,"25,100.00"
2020-03-01,2020030101039093,NBB,49,6,100,251.00,"25,100.00"
2020-03-01,2020030101038815,NBB,19,45,50,250.00,"12,500.00"
2020-03-01,2020030101038810,NBB,34,6,100,251.00,"25,100.00"
2020-03-01,2020030101039092,NBB,49,45,200,250.00,"50,000.00"
2020-03-01,2020030101039053,NBB,44,45,800,250.00,"200,000.00"
2020-03-01,2020030101039041,NBB,35,6,300,251.00,"75,300.00"
2020-03-01,2020030101039004,NBB,44,51,200,250.00,"50,000.00"
2020-03-01,2020030101038817,NBB,58,45,450,249.00,"112,050.00"
2020-03-01,2020030101038816,NBB,43,45,500,250.00,"125,000.00"
2020-03-01,2020030101039281,NBL,33,45,31,310.00,"9,610.00"
2020-03-01,2020030101039280,NBL,33,6,619,310.00,"191,890.00"
2020-03-01,2020030101039109,NBL,33,59,500,309.00,"154,500.00"
2020-03-01,2020030101039070,NBL,33,22,50,309.00,"15,450.00"
2020-03-01,2020030101038994,NBL,40,45,300,310.00,"93,000.00"
2020-03-01,2020030101038925,NBL,49,49,110,310.00,"34,100.00"
2020-03-01,2020030101039038,NCCB,56,17,"1,999",217.00,"433,783.00"
2020-03-01,2020030101038951,NCCB,58,57,50,218.00,"10,900.00"
2020-03-01,2020030101038930,NCCB,56,38,60,217.00,"13,020.00"
2020-03-01,2020030101038912,NCCB,49,57,500,218.00,"109,000.00"
2020-03-01,2020030101038911,NHPC,55,33,"1,960",64.00,"125,440.00"
2020-03-01,2020030101039256,NIB,13,50,44,466.00,"20,504.00"
2020-03-01,2020030101039245,NIB,45,57,270,467.00,"126,090.00"
2020-03-01,2020030101039214,NIB,13,56,58,466.00,"27,028.00"
2020-03-01,2020030101039213,NIB,36,56,42,466.00,"19,572.00"
2020-03-01,2020030101039192,NIB,45,57,200,467.00,"93,400.00"
2020-03-01,2020030101039125,NIB,57,57,100,467.00,"46,700.00"
2020-03-01,2020030101039184,NICA,51,45,450,639.00,"287,550.00"
2020-03-01,2020030101039183,NICA,51,36,50,637.00,"31,850.00"
2020-03-01,2020030101039098,NICA,51,58,200,637.00,"127,400.00"
2020-03-01,2020030101039097,NICA,29,58,"1,000",637.00,"637,000.00"
2020-03-01,2020030101039096,NICA,28,58,500,637.00,"318,500.00"
2020-03-01,2020030101039095,NICA,50,58,200,637.00,"127,400.00"
2020-03-01,2020030101039094,NICA,32,58,100,638.00,"63,800.00"
2020-03-01,2020030101038970,NICA,58,51,100,639.00,"63,900.00"
2020-03-01,2020030101038929,NICA,50,25,300,637.00,"191,100.00"
2020-03-01,2020030101038928,NICA,35,25,100,638.00,"63,800.00"
2020-03-01,2020030101039151,NICL,43,17,10,513.00,"5,130.00"
2020-03-01,2020030101039115,NICL,32,25,422,510.00,"215,220.00"
2020-03-01,2020030101039114,NICL,32,29,840,510.00,"428,400.00"
2020-03-01,2020030101039171,NIL,33,14,314,639.00,"200,646.00"
2020-03-01,2020030101039048,NIL,33,6,100,639.00,"63,900.00"
2020-03-01,2020030101039014,NIL,33,43,112,639.00,"71,568.00"
2020-03-01,2020030101038934,NIL,33,43,474,639.00,"302,886.00"
2020-03-01,2020030101038921,NIL,35,5,20,640.00,"12,800.00"
2020-03-01,2020030101038910,NIL,42,5,200,640.00,"128,000.00"
2020-03-01,2020030101038903,NIL,58,5,100,640.00,"64,000.00"
2020-03-01,2020030101038902,NIL,55,5,200,640.00,"128,000.00"
2020-03-01,2020030101038901,NIL,44,5,103,640.00,"65,920.00"
2020-03-01,2020030101038821,NIL,50,49,"1,000",641.00,"641,000.00"
2020-03-01,2020030101038820,NIL,44,49,"2,000",641.00,"1,282,000.00"
2020-03-01,2020030101038819,NIL,29,49,"1,715",641.00,"1,099,315.00"
2020-03-01,2020030101038909,NIL,42,5,200,640.00,"128,000.00"
2020-03-01,2020030101038908,NIL,22,5,20,640.00,"12,800.00"
2020-03-01,2020030101038907,NIL,13,5,50,640.00,"32,000.00"
2020-03-01,2020030101038906,NIL,14,5,100,640.00,"64,000.00"
2020-03-01,2020030101038905,NIL,37,5,25,640.00,"16,000.00"
2020-03-01,2020030101038904,NIL,41,5,100,640.00,"64,000.00"
2020-03-01,2020030101038950,NLBBL,6,14,137,854.00,"116,998.00"
2020-03-01,2020030101038808,NLBBL,38,14,10,854.00,"8,540.00"
2020-03-01,2020030101038805,NLBBL,16,14,53,854.00,"45,262.00"
2020-03-01,2020030101038809,NLG,17,43,56,703.00,"39,368.00"
2020-03-01,2020030101039250,NLIC,33,46,200,"1,400.00","280,000.00"
2020-03-01,2020030101039204,NLIC,33,45,898,"1,395.00","1,252,710.00"
2020-03-01,2020030101039182,NLIC,36,45,50,"1,395.00","69,750.00"
2020-03-01,2020030101039170,NLIC,49,45,100,"1,395.00","139,500.00"
2020-03-01,2020030101039169,NLIC,49,45,200,"1,395.00","279,000.00"
2020-03-01,2020030101039168,NLIC,52,45,200,"1,395.00","279,000.00"
2020-03-01,2020030101038879,NLIC,14,11,70,"1,405.00","98,350.00"
2020-03-01,2020030101039120,NLIC,33,17,315,"1,400.00","441,000.00"
2020-03-01,2020030101039052,NLIC,33,56,270,"1,396.00","376,920.00"
2020-03-01,2020030101039051,NLIC,37,56,20,"1,397.00","27,940.00"
2020-03-01,2020030101039050,NLIC,1,56,10,"1,397.00","13,970.00"
2020-03-01,2020030101039044,NLIC,57,17,50,"1,400.00","70,000.00"
2020-03-01,2020030101039037,NLIC,19,17,10,"1,400.00","14,000.00"
2020-03-01,2020030101039139,NLIC,57,35,100,"1,400.00","140,000.00"
2020-03-01,2020030101039135,NLIC,33,41,400,"1,396.00","558,400.00"
2020-03-01,2020030101039134,NLIC,45,41,100,"1,397.00","139,700.00"
2020-03-01,2020030101039123,NLIC,33,14,500,"1,404.00","702,000.00"
2020-03-01,2020030101039122,NLIC,33,49,"1,000","1,404.00","1,404,000.00"
2020-03-01,2020030101039121,NLIC,33,5,500,"1,403.00","701,500.00"
2020-03-01,2020030101039167,NLIC,52,45,12,"1,395.00","16,740.00"
2020-03-01,2020030101039166,NLIC,41,45,100,"1,396.00","139,600.00"
2020-03-01,2020030101039165,NLIC,33,45,330,"1,396.00","460,680.00"
2020-03-01,2020030101039164,NLIC,38,45,10,"1,398.00","13,980.00"
2020-03-01,2020030101039163,NLIC,33,45,100,"1,400.00","140,000.00"
2020-03-01,2020030101039162,NLIC,33,35,200,"1,400.00","280,000.00"
2020-03-01,2020030101039231,NLICL,49,53,73,805.00,"58,765.00"
2020-03-01,2020030101039230,NLICL,51,53,50,805.00,"40,250.00"
2020-03-01,2020030101039229,NLICL,6,53,77,805.00,"61,985.00"
2020-03-01,2020030101038932,NLICL,6,57,100,805.00,"80,500.00"
2020-03-01,2020030101038795,NLICL,6,41,10,805.00,"8,050.00"
2020-03-01,2020030101039271,NMB,35,35,40,498.00,"19,920.00"
2020-03-01,2020030101039270,NMB,42,6,69,497.00,"34,293.00"
2020-03-01,2020030101039269,NMB,1,6,20,497.00,"9,940.00"
2020-03-01,2020030101039268,NMB,35,6,170,497.00,"84,490.00"
2020-03-01,2020030101039208,NMB,58,6,100,498.00,"49,800.00"
2020-03-01,2020030101039186,NMB,13,6,50,498.00,"24,900.00"
2020-03-01,2020030101038893,NMB,28,38,100,497.00,"49,700.00"
2020-03-01,2020030101038802,NMB,28,16,200,497.00,"99,400.00"
2020-03-01,2020030101039177,NMB,21,6,100,498.00,"49,800.00"
2020-03-01,2020030101039087,NMB,45,6,250,498.00,"124,500.00"
2020-03-01,2020030101039085,NMB,35,36,330,497.00,"164,010.00"
2020-03-01,2020030101038991,NMB,28,6,500,498.00,"249,000.00"
2020-03-01,2020030101038989,NMB,28,8,500,497.00,"248,500.00"
2020-03-01,2020030101038926,NMB,28,6,500,498.00,"249,000.00"
2020-03-01,2020030101039117,NMBMF,44,52,100,"1,042.00","104,200.00"
2020-03-01,2020030101038978,NMBMF,44,38,25,"1,042.00","26,050.00"
2020-03-01,2020030101039191,NSEWA,6,58,15,840.00,"12,600.00"
2020-03-01,2020030101039190,NSEWA,45,58,35,841.00,"29,435.00"
2020-03-01,2020030101039242,NTC,28,41,330,706.00,"232,980.00"
2020-03-01,2020030101039241,NTC,28,41,170,706.00,"120,020.00"
2020-03-01,2020030101039196,NTC,28,49,50,706.00,"35,300.00"
2020-03-01,2020030101039260,NUBL,29,53,50,"1,155.00","57,750.00"
2020-03-01,2020030101039137,NUBL,4,29,50,"1,152.00","57,600.00"
2020-03-01,2020030101038791,NUBL,4,6,100,"1,152.00","115,200.00"
2020-03-01,2020030101039254,PCBL,50,58,28,334.00,"9,352.00"
2020-03-01,2020030101039253,PCBL,32,58,150,334.00,"50,100.00"
2020-03-01,2020030101039252,PCBL,40,58,300,334.00,"100,200.00"
2020-03-01,2020030101039251,PCBL,48,58,522,334.00,"174,348.00"
2020-03-01,2020030101039172,PCBL,48,56,10,334.00,"3,340.00"
2020-03-01,2020030101039008,PCBL,48,58,500,334.00,"167,000.00"
2020-03-01,2020030101038955,PCBL,36,17,50,335.00,"16,750.00"
2020-03-01,2020030101038933,PCBL,48,18,650,334.00,"217,100.00"
2020-03-01,2020030101038890,PCBL,48,53,300,334.00,"100,200.00"
2020-03-01,2020030101039202,PFL,13,22,500,175.00,"87,500.00"
2020-03-01,2020030101038945,PFL,13,28,200,175.00,"35,000.00"
2020-03-01,2020030101039228,PLIC,39,45,250,655.00,"163,750.00"
2020-03-01,2020030101039225,PLIC,47,36,100,654.00,"65,400.00"
2020-03-01,2020030101039145,PLIC,16,32,200,655.00,"131,000.00"
2020-03-01,2020030101039144,PLIC,39,32,500,655.00,"327,500.00"
2020-03-01,2020030101039143,PLIC,38,32,150,655.00,"98,250.00"
2020-03-01,2020030101039142,PLIC,58,32,300,655.00,"196,500.00"
2020-03-01,2020030101038863,PLIC,39,35,182,656.00,"119,392.00"
2020-03-01,2020030101038924,PRIN,44,16,100,502.00,"50,200.00"
2020-03-01,2020030101038923,PRIN,44,5,123,502.00,"61,746.00"
2020-03-01,2020030101039136,PRVU,14,7,500,279.00,"139,500.00"
2020-03-01,2020030101039083,PRVU,25,25,450,278.00,"125,100.00"
2020-03-01,2020030101038919,PRVU,25,32,25,278.00,"6,950.00"
2020-03-01,2020030101038918,PRVU,19,32,200,278.00,"55,600.00"
2020-03-01,2020030101038917,PRVU,39,32,100,278.00,"27,800.00"
2020-03-01,2020030101038916,PRVU,29,32,175,278.00,"48,650.00"
2020-03-01,2020030101038873,RBCL,51,22,10,"11,470.00","114,700.00"
2020-03-01,2020030101038872,RBCL,3,22,10,"11,480.00","114,800.00"
2020-03-01,2020030101038871,RBCL,36,22,10,"11,500.00","115,000.00"
2020-03-01,2020030101039279,RHPL,50,47,30,169.00,"5,070.00"
2020-03-01,2020030101038992,RHPL,50,47,30,169.00,"5,070.00"
2020-03-01,2020030101038922,RHPL,50,22,20,169.00,"3,380.00"
2020-03-01,2020030101039249,RLFL,37,43,15,142.00,"2,130.00"
2020-03-01,2020030101038792,RLFL,37,25,475,142.00,"67,450.00"
2020-03-01,2020030101039207,RMDC,41,29,10,823.00,"8,230.00"
2020-03-01,2020030101038977,RMDC,45,45,919,812.00,"746,228.00"
2020-03-01,2020030101038976,RMDC,6,45,31,812.00,"25,172.00"
2020-03-01,2020030101038975,RMDC,54,45,500,813.00,"406,500.00"
2020-03-01,2020030101038974,RMDC,6,45,200,813.00,"162,600.00"
2020-03-01,2020030101038973,RMDC,34,45,50,813.00,"40,650.00"
2020-03-01,2020030101038972,RMDC,28,45,200,814.00,"162,800.00"
2020-03-01,2020030101038971,RMDC,25,45,100,814.00,"81,400.00"
2020-03-01,2020030101038998,SADBL,4,17,100,183.00,"18,300.00"
2020-03-01,2020030101039255,SANIMA,41,25,100,414.00,"41,400.00"
2020-03-01,2020030101039113,SANIMA,41,16,100,414.00,"41,400.00"
2020-03-01,2020030101039112,SANIMA,41,28,35,413.00,"14,455.00"
2020-03-01,2020030101039089,SANIMA,32,48,80,411.00,"32,880.00"
2020-03-01,2020030101038997,SANIMA,34,48,120,411.00,"49,320.00"
2020-03-01,2020030101038891,SANIMA,4,7,"2,600",410.00,"1,066,000.00"
2020-03-01,2020030101038842,SANIMA,4,57,50,410.00,"20,500.00"
2020-03-01,2020030101039239,SBI,22,16,170,534.00,"90,780.00"
2020-03-01,2020030101039175,SBI,17,16,830,534.00,"443,220.00"
2020-03-01,2020030101039058,SBI,54,16,10,535.00,"5,350.00"
2020-03-01,2020030101039057,SBI,41,16,430,535.00,"230,050.00"
2020-03-01,2020030101039056,SBI,54,16,10,535.00,"5,350.00"
2020-03-01,2020030101039055,SBI,51,16,365,535.00,"195,275.00"
2020-03-01,2020030101038927,SBI,17,16,"1,000",535.00,"535,000.00"
2020-03-01,2020030101038865,SBI,51,17,55,535.00,"29,425.00"
2020-03-01,2020030101038864,SBI,55,17,88,535.00,"47,080.00"
2020-03-01,2020030101039045,SCB,6,45,200,814.00,"162,800.00"
2020-03-01,2020030101038946,SCB,40,14,42,814.00,"34,188.00"
2020-03-01,2020030101038834,SHINE,44,25,200,327.00,"65,400.00"
2020-03-01,2020030101039011,SHINE,59,34,100,327.00,"32,700.00"
2020-03-01,2020030101039010,SHINE,47,34,500,327.00,"163,500.00"
2020-03-01,2020030101039009,SHINE,56,34,60,327.00,"19,620.00"
2020-03-01,2020030101038983,SHINE,56,49,40,327.00,"13,080.00"
2020-03-01,2020030101038982,SHINE,44,49,60,327.00,"19,620.00"
2020-03-01,2020030101039258,SHIVM,49,57,640,672.00,"430,080.00"
2020-03-01,2020030101039257,SHIVM,49,45,360,671.00,"241,560.00"
2020-03-01,2020030101039235,SHIVM,49,45,30,671.00,"20,130.00"
2020-03-01,2020030101039219,SHIVM,38,45,100,671.00,"67,100.00"
2020-03-01,2020030101039209,SHIVM,4,45,10,671.00,"6,710.00"
2020-03-01,2020030101039203,SHIVM,36,38,885,670.00,"592,950.00"
2020-03-01,2020030101039111,SHIVM,16,34,100,673.00,"67,300.00"
2020-03-01,2020030101038899,SHIVM,4,18,25,675.00,"16,875.00"
2020-03-01,2020030101038898,SHIVM,4,49,25,671.00,"16,775.00"
2020-03-01,2020030101038897,SHIVM,4,41,150,670.00,"100,500.00"
2020-03-01,2020030101039217,SHL,5,51,356,196.00,"69,776.00"
2020-03-01,2020030101039216,SHL,5,51,194,196.00,"38,024.00"
2020-03-01,2020030101039130,SIC,42,57,900,796.00,"716,400.00"
2020-03-01,2020030101039129,SIC,22,57,100,797.00,"79,700.00"
2020-03-01,2020030101039104,SJCL,42,55,10,159.00,"1,590.00"
2020-03-01,2020030101039091,SJCL,42,47,20,159.00,"3,180.00"
2020-03-01,2020030101039029,SJCL,42,55,10,159.00,"1,590.00"
2020-03-01,2020030101038812,SJCL,43,55,20,160.00,"3,200.00"
2020-03-01,2020030101038832,SJCL,43,47,10,160.00,"1,600.00"
2020-03-01,2020030101038829,SJCL,43,22,20,160.00,"3,200.00"
2020-03-01,2020030101038823,SJCL,43,32,10,160.00,"1,600.00"
2020-03-01,2020030101039205,SKBBL,26,14,25,"1,280.00","32,000.00"
2020-03-01,2020030101039003,SKBBL,59,14,280,"1,288.00","360,640.00"
2020-03-01,2020030101038956,SLBBL,16,34,90,960.00,"86,400.00"
2020-03-01,2020030101038962,SLBBL,7,34,100,952.00,"95,200.00"
2020-03-01,2020030101038961,SLBBL,26,34,100,952.00,"95,200.00"
2020-03-01,2020030101038960,SLBBL,7,34,50,956.00,"47,800.00"
2020-03-01,2020030101038959,SLBBL,35,34,200,956.00,"191,200.00"
2020-03-01,2020030101038958,SLBBL,35,34,200,956.00,"191,200.00"
2020-03-01,2020030101038957,SLBBL,35,34,200,956.00,"191,200.00"
2020-03-01,2020030101038968,SLBBL,48,34,200,950.00,"190,000.00"
2020-03-01,2020030101038967,SLBBL,42,34,200,950.00,"190,000.00"
2020-03-01,2020030101038966,SLBBL,42,34,200,950.00,"190,000.00"
2020-03-01,2020030101038965,SLBBL,41,34,50,950.00,"47,500.00"
2020-03-01,2020030101038964,SLBBL,6,34,100,950.00,"95,000.00"
2020-03-01,2020030101038963,SLBBL,16,34,200,951.00,"190,200.00"
2020-03-01,2020030101039220,SLBBL,48,25,10,964.00,"9,640.00"
2020-03-01,2020030101039180,SLICL,28,25,200,524.00,"104,800.00"
2020-03-01,2020030101039179,SLICL,44,25,150,524.00,"78,600.00"
2020-03-01,2020030101039178,SLICL,44,25,500,524.00,"262,000.00"
2020-03-01,2020030101039090,SLICL,11,25,500,525.00,"262,500.00"
2020-03-01,2020030101039040,SLICL,44,25,500,525.00,"262,500.00"
2020-03-01,2020030101039002,SLICL,49,45,35,527.00,"18,445.00"
2020-03-01,2020030101039001,SLICL,49,33,65,527.00,"34,255.00"
2020-03-01,2020030101038811,SLICL,54,25,200,525.00,"105,000.00"
2020-03-01,2020030101039206,SMATA,57,41,10,835.00,"8,350.00"
2020-03-01,2020030101039088,SPDL,33,33,10,111.00,"1,110.00"
2020-03-01,2020030101039272,SRBL,49,58,10,299.00,"2,990.00"
2020-03-01,2020030101038944,SRBL,45,57,200,299.00,"59,800.00"
2020-03-01,2020030101039282,STC,34,7,19,"2,851.00","54,169.00"
2020-03-01,2020030101039159,STC,16,7,50,"2,851.00","142,550.00"
2020-03-01,2020030101039158,STC,50,7,50,"2,857.00","142,850.00"
2020-03-01,2020030101039157,STC,50,7,10,"2,858.00","28,580.00"
2020-03-01,2020030101038867,STC,49,38,50,"2,860.00","143,000.00"
2020-03-01,2020030101038866,STC,28,38,80,"2,860.00","228,800.00"
2020-03-01,2020030101038798,STC,28,51,20,"2,860.00","57,200.00"
2020-03-01,2020030101038797,STC,25,51,20,"2,867.00","57,340.00"
2020-03-01,2020030101038796,STC,45,51,10,"2,869.00","28,690.00"
2020-03-01,2020030101039277,UIC,32,17,319,412.00,"131,428.00"
2020-03-01,2020030101039276,UIC,32,17,30,412.00,"12,360.00"
2020-03-01,2020030101039275,UIC,44,17,50,412.00,"20,600.00"
2020-03-01,2020030101039274,UIC,21,17,127,412.00,"52,324.00"
2020-03-01,2020030101039273,UIC,51,17,50,413.00,"20,650.00"
2020-03-01,2020030101039211,UIC,34,1,10,416.00,"4,160.00"
2020-03-01,2020030101039210,UIC,34,41,100,415.00,"41,500.00"
2020-03-01,2020030101039283,UPPER,34,44,10,251.00,"2,510.00"
2020-03-01,2020030101039028,UPPER,14,52,200,250.00,"50,000.00"
2020-03-01,2020030101039000,UPPER,14,52,143,250.00,"35,750.00"
2020-03-01,2020030101038999,UPPER,14,52,357,250.00,"89,250.00"
2020-03-01,2020030101039006,VLBS,35,51,15,"1,172.00","17,580.00"
2020-03-01,2020030101039133,WOMI,34,38,50,"1,260.00","63,000.00"
2020-03-01,2020030101039067,WOMI,51,45,460,"1,243.00","571,780.00"
2020-03-01,2020030101039066,WOMI,22,45,100,"1,245.00","124,500.00"
2020-03-01,2020030101039065,WOMI,58,45,200,"1,245.00","249,000.00"
2020-03-01,2020030101039064,WOMI,50,45,500,"1,246.00","623,000.00"
2020-03-01,2020030101039063,WOMI,14,45,20,"1,250.00","25,000.00"
2020-03-01,2020030101039062,WOMI,47,45,20,"1,255.00","25,100.00"
2020-03-01,2020030101039061,WOMI,48,45,50,"1,255.00","62,750.00"
2020-03-01,2020030101039060,WOMI,37,45,100,"1,255.00","125,500.00"
2020-03-01,2020030101039059,WOMI,13,45,10,"1,256.00","12,560.00"
2020-03-01,2020030101038788,ADBL,56,49,200,452.00,"90,400.00"
2020-03-01,2020030101038646,ADBL,56,13,394,452.00,"178,088.00"
2020-03-01,2020030101038645,ADBL,41,13,106,452.00,"47,912.00"
2020-03-01,2020030101038379,ADBL,26,51,28,455.00,"12,740.00"
2020-03-01,2020030101038378,ADBL,26,51,121,455.00,"55,055.00"
2020-03-01,2020030101038377,ADBL,26,48,51,454.00,"23,154.00"
2020-03-01,2020030101038527,AHPC,53,41,"2,500",107.00,"267,500.00"
2020-03-01,2020030101038298,AHPC,29,39,"1,000",107.00,"107,000.00"
2020-03-01,2020030101038375,AKJCL,48,29,10,57.00,570.00
2020-03-01,2020030101038374,AKJCL,45,29,30,57.00,"1,710.00"
2020-03-01,2020030101038588,AKPL,26,41,500,134.00,"67,000.00"
2020-03-01,2020030101038731,ALBSL,41,22,10,818.00,"8,180.00"
2020-03-01,2020030101038623,ALBSL,41,32,11,818.00,"8,998.00"
2020-03-01,2020030101038366,ALBSL,5,36,10,819.00,"8,190.00"
2020-03-01,2020030101038774,ALICL,54,14,50,658.00,"32,900.00"
2020-03-01,2020030101038662,ALICL,26,49,100,650.00,"65,000.00"
2020-03-01,2020030101038661,ALICL,5,49,100,650.00,"65,000.00"
2020-03-01,2020030101038660,ALICL,43,49,300,650.00,"195,000.00"
2020-03-01,2020030101038659,ALICL,55,49,500,650.00,"325,000.00"
2020-03-01,2020030101038658,ALICL,57,49,700,650.00,"455,000.00"
2020-03-01,2020030101038507,ALICL,59,48,100,652.00,"65,200.00"
2020-03-01,2020030101038506,ALICL,58,48,416,652.00,"271,232.00"
2020-03-01,2020030101038477,ALICL,21,50,50,655.00,"32,750.00"
2020-03-01,2020030101038651,ALICL,39,49,500,651.00,"325,500.00"
2020-03-01,2020030101038650,ALICL,32,49,171,651.00,"111,321.00"
2020-03-01,2020030101038649,ALICL,32,49,216,652.00,"140,832.00"
2020-03-01,2020030101038563,ALICL,32,35,284,652.00,"185,168.00"
2020-03-01,2020030101038562,ALICL,38,35,16,652.00,"10,432.00"
2020-03-01,2020030101038508,ALICL,38,48,84,652.00,"54,768.00"
2020-03-01,2020030101038657,ALICL,54,49,200,650.00,"130,000.00"
2020-03-01,2020030101038656,ALICL,51,49,100,650.00,"65,000.00"
2020-03-01,2020030101038655,ALICL,51,49,100,650.00,"65,000.00"
2020-03-01,2020030101038654,ALICL,57,49,500,650.00,"325,000.00"
2020-03-01,2020030101038653,ALICL,45,49,50,650.00,"32,500.00"
2020-03-01,2020030101038652,ALICL,38,49,500,651.00,"325,500.00"
2020-03-01,2020030101038628,API,38,38,30,144.00,"4,320.00"
2020-03-01,2020030101038514,API,7,46,50,144.00,"7,200.00"
2020-03-01,2020030101038461,API,25,1,30,145.00,"4,350.00"
2020-03-01,2020030101038338,API,7,49,50,144.00,"7,200.00"
2020-03-01,2020030101038643,BPCL,43,44,22,390.00,"8,580.00"
2020-03-01,2020030101038598,BPCL,43,58,50,390.00,"19,500.00"
2020-03-01,2020030101038597,BPCL,28,58,50,391.00,"19,550.00"
2020-03-01,2020030101038435,BPCL,52,37,92,391.00,"35,972.00"
2020-03-01,2020030101038434,BPCL,46,37,50,391.00,"19,550.00"
2020-03-01,2020030101038433,BPCL,43,37,28,391.00,"10,948.00"
2020-03-01,2020030101038383,BPCL,43,17,22,391.00,"8,602.00"
2020-03-01,2020030101038702,CBBL,4,26,50,"1,250.00","62,500.00"
2020-03-01,2020030101038701,CBBL,4,47,10,"1,250.00","12,500.00"
2020-03-01,2020030101038720,CBL,33,36,67,159.00,"10,653.00"
2020-03-01,2020030101038719,CBL,17,36,100,159.00,"15,900.00"
2020-03-01,2020030101038718,CBL,40,36,100,159.00,"15,900.00"
2020-03-01,2020030101038717,CBL,11,36,100,159.00,"15,900.00"
2020-03-01,2020030101038716,CBL,55,36,133,159.00,"21,147.00"
2020-03-01,2020030101038705,CBL,43,59,10,160.00,"1,600.00"
2020-03-01,2020030101038671,CBL,32,34,"1,683",159.00,"267,597.00"
2020-03-01,2020030101038677,CBL,55,34,317,159.00,"50,403.00"
2020-03-01,2020030101038676,CBL,34,34,200,159.00,"31,800.00"
2020-03-01,2020030101038675,CBL,57,34,200,159.00,"31,800.00"
2020-03-01,2020030101038674,CBL,22,34,"1,100",159.00,"174,900.00"
2020-03-01,2020030101038673,CBL,13,34,500,159.00,"79,500.00"
2020-03-01,2020030101038672,CBL,43,34,"1,000",159.00,"159,000.00"
2020-03-01,2020030101038568,CCBL,59,58,600,198.00,"118,800.00"
2020-03-01,2020030101038567,CCBL,21,58,500,198.00,"99,000.00"
2020-03-01,2020030101038365,CCBL,11,16,98,198.00,"19,404.00"
2020-03-01,2020030101038364,CCBL,16,16,153,198.00,"30,294.00"
2020-03-01,2020030101038737,CHCL,38,49,30,446.00,"13,380.00"
2020-03-01,2020030101038707,CHCL,54,57,44,445.00,"19,580.00"
2020-03-01,2020030101038499,CHCL,43,49,100,446.00,"44,600.00"
2020-03-01,2020030101038498,CHCL,10,49,200,446.00,"89,200.00"
2020-03-01,2020030101038497,CHCL,14,49,100,446.00,"44,600.00"
2020-03-01,2020030101038509,CZBIL,58,36,"1,000",224.00,"224,000.00"
2020-03-01,2020030101038466,CZBIL,19,45,50,225.00,"11,250.00"
2020-03-01,2020030101038414,CZBIL,22,45,100,225.00,"22,500.00"
2020-03-01,2020030101038304,CZBIL,58,25,369,224.00,"82,656.00"
2020-03-01,2020030101038303,CZBIL,1,25,350,224.00,"78,400.00"
2020-03-01,2020030101038302,CZBIL,49,25,100,224.00,"22,400.00"
2020-03-01,2020030101038301,CZBIL,41,25,100,224.00,"22,400.00"
2020-03-01,2020030101038300,CZBIL,19,25,67,224.00,"15,008.00"
2020-03-01,2020030101038299,CZBIL,13,25,50,225.00,"11,250.00"
2020-03-01,2020030101038296,CZBIL,13,25,450,225.00,"101,250.00"
2020-03-01,2020030101038584,DDBL,51,38,10,985.00,"9,850.00"
2020-03-01,2020030101038438,DDBL,35,25,40,980.00,"39,200.00"
2020-03-01,2020030101038437,DDBL,42,25,60,980.00,"58,800.00"
2020-03-01,2020030101038297,DDBL,59,38,20,985.00,"19,700.00"
2020-03-01,2020030101038786,EBL,26,6,500,865.00,"432,500.00"
2020-03-01,2020030101038785,EBL,26,34,73,865.00,"63,145.00"
2020-03-01,2020030101038784,EBL,26,42,50,865.00,"43,250.00"
2020-03-01,2020030101038783,EBL,26,19,12,864.00,"10,368.00"
2020-03-01,2020030101038696,EBL,4,36,800,856.00,"684,800.00"
2020-03-01,2020030101038354,EBL,4,34,137,856.00,"117,272.00"
2020-03-01,2020030101038353,EBL,14,34,33,856.00,"28,248.00"
2020-03-01,2020030101038352,EBL,49,34,30,857.00,"25,710.00"
2020-03-01,2020030101038351,EBL,52,34,100,858.00,"85,800.00"
2020-03-01,2020030101038510,EDBL,14,52,300,435.00,"130,500.00"
2020-03-01,2020030101038593,EIC,46,36,11,450.00,"4,950.00"
2020-03-01,2020030101038592,EIC,44,36,39,450.00,"17,550.00"
2020-03-01,2020030101038678,FMDBL,39,48,200,637.00,"127,400.00"
2020-03-01,2020030101038625,FMDBL,39,49,300,637.00,"191,100.00"
2020-03-01,2020030101038624,FMDBL,25,49,200,638.00,"127,600.00"
2020-03-01,2020030101038787,GBBL,4,50,32,277.00,"8,864.00"
2020-03-01,2020030101038700,GBBL,45,56,111,273.00,"30,303.00"
2020-03-01,2020030101038699,GBBL,35,56,39,274.00,"10,686.00"
2020-03-01,2020030101038698,GBBL,4,56,100,276.00,"27,600.00"
2020-03-01,2020030101038473,GBBL,19,50,100,277.00,"27,700.00"
2020-03-01,2020030101038753,GBIME,28,50,16,312.00,"4,992.00"
2020-03-01,2020030101038722,GBIME,6,50,84,312.00,"26,208.00"
2020-03-01,2020030101038721,GBIME,6,13,16,312.00,"4,992.00"
2020-03-01,2020030101038710,GBIME,14,13,60,312.00,"18,720.00"
2020-03-01,2020030101038629,GBIME,42,42,"1,000",311.00,"311,000.00"
2020-03-01,2020030101038536,GBIME,42,51,150,311.00,"46,650.00"
2020-03-01,2020030101038448,GBIME,42,54,48,311.00,"14,928.00"
2020-03-01,2020030101038337,GBIME,42,34,65,311.00,"20,215.00"
2020-03-01,2020030101038765,GBLBS,52,58,100,599.00,"59,900.00"
2020-03-01,2020030101038620,GBLBS,41,59,154,595.00,"91,630.00"
2020-03-01,2020030101038619,GBLBS,5,59,236,595.00,"140,420.00"
2020-03-01,2020030101038319,GBLBS,57,35,30,596.00,"17,880.00"
2020-03-01,2020030101038363,GFCL,43,38,400,171.00,"68,400.00"
2020-03-01,2020030101038789,GGBSL,45,41,10,910.00,"9,100.00"
2020-03-01,2020030101038744,GGBSL,45,58,10,898.00,"8,980.00"
2020-03-01,2020030101038743,GGBSL,17,58,40,900.00,"36,000.00"
2020-03-01,2020030101038735,GLICL,42,57,50,967.00,"48,350.00"
2020-03-01,2020030101038695,GLICL,42,5,546,967.00,"527,982.00"
2020-03-01,2020030101038533,GUFL,32,36,40,143.00,"5,720.00"
2020-03-01,2020030101038532,GUFL,32,38,350,142.00,"49,700.00"
2020-03-01,2020030101038531,GUFL,32,29,160,142.00,"22,720.00"
2020-03-01,2020030101038462,HBL,14,49,100,681.00,"68,100.00"
2020-03-01,2020030101038752,HDL,47,3,100,"1,759.00","175,900.00"
2020-03-01,2020030101038728,HDL,58,57,100,"1,760.00","176,000.00"
2020-03-01,2020030101038476,HGI,17,6,25,447.00,"11,175.00"
2020-03-01,2020030101038335,HIDCL,11,32,11,148.00,"1,628.00"
2020-03-01,2020030101038367,HPPL,56,32,10,159.00,"1,590.00"
2020-03-01,2020030101038691,ICFC,51,41,100,203.00,"20,300.00"
2020-03-01,2020030101038690,ICFC,47,41,200,203.00,"40,600.00"
2020-03-01,2020030101038739,IGI,4,41,50,490.00,"24,500.00"
2020-03-01,2020030101038777,JBBL,35,56,231,206.00,"47,586.00"
2020-03-01,2020030101038741,JBBL,35,58,500,206.00,"103,000.00"
2020-03-01,2020030101038740,JBBL,36,58,"1,000",206.00,"206,000.00"
2020-03-01,2020030101038633,JBBL,34,39,150,207.00,"31,050.00"
2020-03-01,2020030101038632,JBBL,41,39,10,207.00,"2,070.00"
2020-03-01,2020030101038631,JBBL,17,39,250,207.00,"51,750.00"
2020-03-01,2020030101038630,JBBL,26,39,100,207.00,"20,700.00"
2020-03-01,2020030101038522,JBBL,55,39,490,208.00,"101,920.00"
2020-03-01,2020030101038465,JBBL,55,25,100,208.00,"20,800.00"
2020-03-01,2020030101038559,KBL,58,54,50,228.00,"11,400.00"
2020-03-01,2020030101038530,KBL,58,13,500,228.00,"114,000.00"
2020-03-01,2020030101038452,KBL,58,43,500,228.00,"114,000.00"
2020-03-01,2020030101038439,KBL,58,11,"1,000",228.00,"228,000.00"
2020-03-01,2020030101038751,KMCDB,59,19,10,"1,030.00","10,300.00"
2020-03-01,2020030101038447,KMCDB,48,57,10,"1,050.00","10,500.00"
2020-03-01,2020030101038446,KMCDB,48,56,10,"1,045.00","10,450.00"
2020-03-01,2020030101038445,KMCDB,48,21,10,"1,045.00","10,450.00"
2020-03-01,2020030101038444,KMCDB,48,13,10,"1,040.00","10,400.00"
2020-03-01,2020030101038334,KMCDB,59,38,10,"1,030.00","10,300.00"
2020-03-01,2020030101038504,KSBBL,47,10,200,182.00,"36,400.00"
2020-03-01,2020030101038460,KSBBL,33,10,"1,000",182.00,"182,000.00"
2020-03-01,2020030101038459,KSBBL,3,10,"1,000",182.00,"182,000.00"
2020-03-01,2020030101038458,KSBBL,33,10,"1,000",182.00,"182,000.00"
2020-03-01,2020030101038457,KSBBL,41,10,714,183.00,"130,662.00"
2020-03-01,2020030101038450,KSBBL,41,25,286,183.00,"52,338.00"
2020-03-01,2020030101038449,KSBBL,3,25,156,183.00,"28,548.00"
2020-03-01,2020030101038776,LBBL,28,16,"2,000",212.00,"424,000.00"
2020-03-01,2020030101038760,LBBL,40,16,200,212.00,"42,400.00"
2020-03-01,2020030101038614,LBBL,34,41,114,211.00,"24,054.00"
2020-03-01,2020030101038603,LBBL,34,58,948,211.00,"200,028.00"
2020-03-01,2020030101038602,LBBL,54,58,52,211.00,"10,972.00"
2020-03-01,2020030101038545,LBBL,25,16,100,212.00,"21,200.00"
2020-03-01,2020030101038544,LBBL,22,16,20,212.00,"4,240.00"
2020-03-01,2020030101038715,LBL,55,28,100,257.00,"25,700.00"
2020-03-01,2020030101038382,LBL,10,45,28,258.00,"7,224.00"
2020-03-01,2020030101038313,LBL,10,14,322,258.00,"83,076.00"
2020-03-01,2020030101038775,LICN,39,45,192,"1,635.00","313,920.00"
2020-03-01,2020030101038350,LICN,38,26,10,"1,650.00","16,500.00"
2020-03-01,2020030101038496,LLBS,19,52,50,"1,245.00","62,250.00"
2020-03-01,2020030101038759,MBL,57,7,200,274.00,"54,800.00"
2020-03-01,2020030101038758,MBL,47,7,500,274.00,"137,000.00"
2020-03-01,2020030101038757,MBL,52,7,39,274.00,"10,686.00"
2020-03-01,2020030101038684,MBL,26,14,40,275.00,"11,000.00"
2020-03-01,2020030101038561,MBL,26,40,100,275.00,"27,500.00"
2020-03-01,2020030101038467,MBL,26,16,210,275.00,"57,750.00"
2020-03-01,2020030101038380,MDB,4,59,500,455.00,"227,500.00"
2020-03-01,2020030101038781,MEGA,14,36,10,259.00,"2,590.00"
2020-03-01,2020030101038773,MEGA,5,33,402,260.00,"104,520.00"
2020-03-01,2020030101038772,MEGA,5,51,98,260.00,"25,480.00"
2020-03-01,2020030101038771,MEGA,5,32,500,259.00,"129,500.00"
2020-03-01,2020030101038692,MEGA,14,34,490,259.00,"126,910.00"
2020-03-01,2020030101038468,MEGA,43,51,10,260.00,"2,600.00"
2020-03-01,2020030101038395,MEGA,43,51,648,259.00,"167,832.00"
2020-03-01,2020030101038331,MEGA,43,51,10,259.00,"2,590.00"
2020-03-01,2020030101038573,MEGA,50,28,418,258.00,"107,844.00"
2020-03-01,2020030101038572,MEGA,49,28,500,258.00,"129,000.00"
2020-03-01,2020030101038571,MEGA,38,28,50,258.00,"12,900.00"
2020-03-01,2020030101038570,MEGA,43,28,32,259.00,"8,288.00"
2020-03-01,2020030101038564,MEGA,43,49,300,259.00,"77,700.00"
2020-03-01,2020030101038502,MEGA,43,19,20,259.00,"5,180.00"
2020-03-01,2020030101038664,MEGA,43,34,10,259.00,"2,590.00"
2020-03-01,2020030101038617,MEGA,40,58,298,257.00,"76,586.00"
2020-03-01,2020030101038616,MEGA,50,58,82,258.00,"21,156.00"
2020-03-01,2020030101038523,MERO,45,28,42,757.00,"31,794.00"
2020-03-01,2020030101038436,MFIL,28,32,403,278.00,"112,034.00"
2020-03-01,2020030101038644,MHNL,49,19,230,96.00,"22,080.00"
2020-03-01,2020030101038750,MSMBS,50,45,183,895.00,"163,785.00"
2020-03-01,2020030101038749,MSMBS,48,45,200,895.00,"179,000.00"
2020-03-01,2020030101038748,MSMBS,46,45,55,895.00,"49,225.00"
2020-03-01,2020030101038747,MSMBS,48,45,50,896.00,"44,800.00"
2020-03-01,2020030101038746,MSMBS,26,45,190,896.00,"170,240.00"
2020-03-01,2020030101038745,MSMBS,48,45,22,897.00,"19,734.00"
2020-03-01,2020030101038764,NABIL,45,14,100,937.00,"93,700.00"
2020-03-01,2020030101038736,NABIL,45,14,100,937.00,"93,700.00"
2020-03-01,2020030101038713,NABIL,49,41,100,942.00,"94,200.00"
2020-03-01,2020030101038712,NABIL,49,25,200,942.00,"188,400.00"
2020-03-01,2020030101038711,NABIL,49,52,200,941.00,"188,200.00"
2020-03-01,2020030101038390,NABIL,22,14,66,937.00,"61,842.00"
2020-03-01,2020030101038389,NABIL,49,14,20,937.00,"18,740.00"
2020-03-01,2020030101038388,NABIL,11,14,14,937.00,"13,118.00"
2020-03-01,2020030101038470,NADEP,52,22,36,770.00,"27,720.00"
2020-03-01,2020030101038469,NADEP,44,22,14,770.00,"10,780.00"
2020-03-01,2020030101038332,NBB,43,57,30,250.00,"7,500.00"
2020-03-01,2020030101038443,NBB,58,14,88,249.00,"21,912.00"
2020-03-01,2020030101038442,NBB,40,14,200,250.00,"50,000.00"
2020-03-01,2020030101038441,NBB,19,14,500,250.00,"125,000.00"
2020-03-01,2020030101038440,NBB,43,14,212,250.00,"53,000.00"
2020-03-01,2020030101038756,NBL,49,43,190,310.00,"58,900.00"
2020-03-01,2020030101038755,NBL,43,43,10,310.00,"3,100.00"
2020-03-01,2020030101038501,NBL,33,49,149,309.00,"46,041.00"
2020-03-01,2020030101038362,NBL,33,16,290,309.00,"89,610.00"
2020-03-01,2020030101038361,NBL,33,16,20,310.00,"6,200.00"
2020-03-01,2020030101038546,NCCB,47,57,301,218.00,"65,618.00"
2020-03-01,2020030101038524,NCCB,47,16,199,218.00,"43,382.00"
2020-03-01,2020030101038349,NCCB,56,58,525,217.00,"113,925.00"
2020-03-01,2020030101038348,NCCB,29,58,400,217.00,"86,800.00"
2020-03-01,2020030101038347,NCCB,36,58,100,217.00,"21,700.00"
2020-03-01,2020030101038346,NCCB,36,58,100,217.00,"21,700.00"
2020-03-01,2020030101038345,NCCB,16,58,"1,000",217.00,"217,000.00"
2020-03-01,2020030101038344,NCCB,13,58,500,218.00,"109,000.00"
2020-03-01,2020030101038306,NFS,38,41,118,155.00,"18,290.00"
2020-03-01,2020030101038318,NGPL,37,19,47,130.00,"6,110.00"
2020-03-01,2020030101038317,NGPL,39,19,400,130.00,"52,000.00"
2020-03-01,2020030101038316,NGPL,22,19,300,131.00,"39,300.00"
2020-03-01,2020030101038315,NGPL,45,19,53,131.00,"6,943.00"
2020-03-01,2020030101038738,NIB,36,14,80,466.00,"37,280.00"
2020-03-01,2020030101038647,NIB,34,14,50,467.00,"23,350.00"
2020-03-01,2020030101038479,NIBLPF,25,42,"1,000",8.76,"8,760.00"
2020-03-01,2020030101038670,NICA,37,45,100,638.00,"63,800.00"
2020-03-01,2020030101038668,NICA,55,45,200,638.00,"127,600.00"
2020-03-01,2020030101038667,NICA,58,45,100,638.00,"63,800.00"
2020-03-01,2020030101038666,NICA,22,45,330,638.00,"210,540.00"
2020-03-01,2020030101038665,NICA,40,45,263,639.00,"168,057.00"
2020-03-01,2020030101038599,NICA,32,36,100,640.00,"64,000.00"
2020-03-01,2020030101038312,NICA,14,38,20,639.00,"12,780.00"
2020-03-01,2020030101038471,NICA,6,44,116,640.00,"74,240.00"
2020-03-01,2020030101038386,NICA,35,54,20,638.00,"12,760.00"
2020-03-01,2020030101038385,NICA,17,54,50,638.00,"31,900.00"
2020-03-01,2020030101038384,NICA,41,54,130,638.00,"82,940.00"
2020-03-01,2020030101038321,NICA,41,44,20,638.00,"12,760.00"
2020-03-01,2020030101038320,NICA,14,44,480,639.00,"306,720.00"
2020-03-01,2020030101038575,NICA,38,36,184,640.00,"117,760.00"
2020-03-01,2020030101038574,NICA,38,41,16,640.00,"10,240.00"
2020-03-01,2020030101038569,NICA,40,57,100,639.00,"63,900.00"
2020-03-01,2020030101038513,NICA,22,49,170,638.00,"108,460.00"
2020-03-01,2020030101038512,NICA,35,49,30,638.00,"19,140.00"
2020-03-01,2020030101038472,NICA,6,41,34,640.00,"21,760.00"
2020-03-01,2020030101038622,NICL,11,29,10,510.00,"5,100.00"
2020-03-01,2020030101038621,NICL,32,29,150,510.00,"76,500.00"
2020-03-01,2020030101038505,NICL,43,44,10,514.00,"5,140.00"
2020-03-01,2020030101038780,NIL,29,28,285,641.00,"182,685.00"
2020-03-01,2020030101038779,NIL,36,28,15,641.00,"9,615.00"
2020-03-01,2020030101038626,NIL,54,14,50,642.00,"32,100.00"
2020-03-01,2020030101038560,NIL,35,4,30,644.00,"19,320.00"
2020-03-01,2020030101038327,NIL,42,4,44,644.00,"28,336.00"
2020-03-01,2020030101038326,NIL,42,4,56,644.00,"36,064.00"
2020-03-01,2020030101038305,NIL,45,5,100,643.00,"64,300.00"
2020-03-01,2020030101038641,NLBBL,16,17,127,854.00,"108,458.00"
2020-03-01,2020030101038640,NLBBL,21,17,20,855.00,"17,100.00"
2020-03-01,2020030101038639,NLBBL,41,17,53,860.00,"45,580.00"
2020-03-01,2020030101038596,NLBBL,41,49,61,860.00,"52,460.00"
2020-03-01,2020030101038595,NLBBL,41,6,36,859.00,"30,924.00"
2020-03-01,2020030101038683,NLIC,10,42,43,"1,392.00","59,856.00"
2020-03-01,2020030101038682,NLIC,22,42,20,"1,392.00","27,840.00"
2020-03-01,2020030101038681,NLIC,26,42,17,"1,402.00","23,834.00"
2020-03-01,2020030101038663,NLIC,26,45,50,"1,402.00","70,100.00"
2020-03-01,2020030101038634,NLIC,49,57,100,"1,405.00","140,500.00"
2020-03-01,2020030101038591,NLIC,26,29,33,"1,400.00","46,200.00"
2020-03-01,2020030101038391,NLIC,40,5,50,"1,402.00","70,100.00"
2020-03-01,2020030101038359,NLIC,40,55,50,"1,402.00","70,100.00"
2020-03-01,2020030101038328,NLIC,57,55,50,"1,402.00","70,100.00"
2020-03-01,2020030101038511,NLIC,26,29,100,"1,400.00","140,000.00"
2020-03-01,2020030101038475,NLIC,57,29,50,"1,400.00","70,000.00"
2020-03-01,2020030101038474,NLIC,49,29,17,"1,400.00","23,800.00"
2020-03-01,2020030101038394,NLIC,49,5,183,"1,400.00","256,200.00"
2020-03-01,2020030101038393,NLIC,55,5,167,"1,400.00","233,800.00"
2020-03-01,2020030101038392,NLIC,42,5,100,"1,401.00","140,100.00"
2020-03-01,2020030101038521,NLIC,22,36,280,"1,392.00","389,760.00"
2020-03-01,2020030101038520,NLIC,53,36,50,"1,392.00","69,600.00"
2020-03-01,2020030101038519,NLIC,29,36,100,"1,394.00","139,400.00"
2020-03-01,2020030101038518,NLIC,10,36,50,"1,394.00","69,700.00"
2020-03-01,2020030101038517,NLIC,29,36,100,"1,395.00","139,500.00"
2020-03-01,2020030101038516,NLIC,46,36,20,"1,395.00","27,900.00"
2020-03-01,2020030101038732,NLICL,6,5,50,805.00,"40,250.00"
2020-03-01,2020030101038638,NLICL,6,36,50,805.00,"40,250.00"
2020-03-01,2020030101038558,NLICL,43,34,10,809.00,"8,090.00"
2020-03-01,2020030101038381,NLICL,6,49,100,805.00,"80,500.00"
2020-03-01,2020030101038754,NMB,28,16,100,497.00,"49,700.00"
2020-03-01,2020030101038734,NMB,28,49,100,497.00,"49,700.00"
2020-03-01,2020030101038733,NMB,21,49,100,497.00,"49,700.00"
2020-03-01,2020030101038697,NMB,28,6,200,498.00,"99,600.00"
2020-03-01,2020030101038642,NMB,43,6,"2,000",498.00,"996,000.00"
2020-03-01,2020030101038601,NMB,40,6,100,498.00,"49,800.00"
2020-03-01,2020030101038293,NMB,32,28,30,499.00,"14,970.00"
2020-03-01,2020030101038421,NMB,56,6,50,498.00,"24,900.00"
2020-03-01,2020030101038420,NMB,16,6,500,498.00,"249,000.00"
2020-03-01,2020030101038419,NMB,32,6,166,498.00,"82,668.00"
2020-03-01,2020030101038333,NMB,32,39,34,498.00,"16,932.00"
2020-03-01,2020030101038329,NMB,49,43,200,498.00,"99,600.00"
2020-03-01,2020030101038294,NMB,49,35,23,498.00,"11,454.00"
2020-03-01,2020030101038427,NMB,36,6,200,498.00,"99,600.00"
2020-03-01,2020030101038426,NMB,26,6,500,498.00,"249,000.00"
2020-03-01,2020030101038425,NMB,35,6,"1,000",498.00,"498,000.00"
2020-03-01,2020030101038424,NMB,57,6,200,498.00,"99,600.00"
2020-03-01,2020030101038423,NMB,25,6,500,498.00,"249,000.00"
2020-03-01,2020030101038422,NMB,56,6,200,498.00,"99,600.00"
2020-03-01,2020030101038534,NMB,51,6,"1,000",498.00,"498,000.00"
2020-03-01,2020030101038432,NMB,21,6,200,498.00,"99,600.00"
2020-03-01,2020030101038431,NMB,45,6,10,498.00,"4,980.00"
2020-03-01,2020030101038430,NMB,14,6,50,498.00,"24,900.00"
2020-03-01,2020030101038429,NMB,45,6,10,498.00,"4,980.00"
2020-03-01,2020030101038428,NMB,21,6,10,498.00,"4,980.00"
2020-03-01,2020030101038648,NTC,28,10,280,706.00,"197,680.00"
2020-03-01,2020030101038583,NTC,58,10,"2,000",707.00,"1,414,000.00"
2020-03-01,2020030101038582,NTC,28,10,"2,000",708.00,"1,416,000.00"
2020-03-01,2020030101038581,NTC,58,10,450,708.00,"318,600.00"
2020-03-01,2020030101038580,NTC,28,10,"1,710",709.00,"1,212,390.00"
2020-03-01,2020030101038579,NTC,7,10,200,710.00,"142,000.00"
2020-03-01,2020030101038376,NTC,57,7,30,710.00,"21,300.00"
2020-03-01,2020030101038578,NTC,59,10,50,710.00,"35,500.00"
2020-03-01,2020030101038577,NTC,57,10,10,710.00,"7,100.00"
2020-03-01,2020030101038550,OHL,41,54,69,500.00,"34,500.00"
2020-03-01,2020030101038549,OHL,32,54,50,500.00,"25,000.00"
2020-03-01,2020030101038548,OHL,42,54,"2,246",501.00,"1,125,246.00"
2020-03-01,2020030101038547,OHL,52,54,50,503.00,"25,150.00"
2020-03-01,2020030101038608,PCBL,48,35,18,334.00,"6,012.00"
2020-03-01,2020030101038607,PCBL,21,35,342,334.00,"114,228.00"
2020-03-01,2020030101038557,PCBL,21,34,158,334.00,"52,772.00"
2020-03-01,2020030101038556,PCBL,13,34,50,334.00,"16,700.00"
2020-03-01,2020030101038555,PCBL,57,34,50,334.00,"16,700.00"
2020-03-01,2020030101038554,PCBL,42,34,742,334.00,"247,828.00"
2020-03-01,2020030101038480,PCBL,42,58,250,334.00,"83,500.00"
2020-03-01,2020030101038415,PCBL,42,45,500,334.00,"167,000.00"
2020-03-01,2020030101038336,PCBL,1,6,10,336.00,"3,360.00"
2020-03-01,2020030101038727,PIC,50,34,50,694.00,"34,700.00"
2020-03-01,2020030101038553,PIC,50,25,100,698.00,"69,800.00"
2020-03-01,2020030101038552,PIC,50,34,150,697.00,"104,550.00"
2020-03-01,2020030101038464,PIC,50,29,145,694.00,"100,630.00"
2020-03-01,2020030101038463,PIC,44,29,39,694.00,"27,066.00"
2020-03-01,2020030101038413,PIC,32,34,50,697.00,"34,850.00"
2020-03-01,2020030101038417,PICL,28,38,47,535.00,"25,145.00"
2020-03-01,2020030101038322,PICL,28,5,100,535.00,"53,500.00"
2020-03-01,2020030101038708,PLIC,21,35,150,656.00,"98,400.00"
2020-03-01,2020030101038295,PLIC,39,35,300,655.00,"196,500.00"
2020-03-01,2020030101038669,PPCL,56,32,10,124.00,"1,240.00"
2020-03-01,2020030101038543,PRIN,57,5,10,502.00,"5,020.00"
2020-03-01,2020030101038679,PRVU,29,36,481,278.00,"133,718.00"
2020-03-01,2020030101038493,PRVU,29,39,25,278.00,"6,950.00"
2020-03-01,2020030101038729,RHPL,50,47,30,169.00,"5,070.00"
2020-03-01,2020030101038723,RHPL,50,32,10,169.00,"1,690.00"
2020-03-01,2020030101038537,RHPL,50,47,30,169.00,"5,070.00"
2020-03-01,2020030101038412,RHPL,50,56,95,171.00,"16,245.00"
2020-03-01,2020030101038411,RHPL,50,3,40,171.00,"6,840.00"
2020-03-01,2020030101038410,RHPL,50,56,500,171.00,"85,500.00"
2020-03-01,2020030101038314,RHPL,34,52,40,168.00,"6,720.00"
2020-03-01,2020030101038291,RHPL,34,35,40,168.00,"6,720.00"
2020-03-01,2020030101038403,RHPL,50,16,40,169.00,"6,760.00"
2020-03-01,2020030101038402,RHPL,50,33,120,169.00,"20,280.00"
2020-03-01,2020030101038401,RHPL,50,55,40,169.00,"6,760.00"
2020-03-01,2020030101038400,RHPL,50,38,15,169.00,"2,535.00"
2020-03-01,2020030101038399,RHPL,50,32,10,169.00,"1,690.00"
2020-03-01,2020030101038358,RHPL,34,22,20,168.00,"3,360.00"
2020-03-01,2020030101038409,RHPL,50,14,10,171.00,"1,710.00"
2020-03-01,2020030101038408,RHPL,50,52,40,171.00,"6,840.00"
2020-03-01,2020030101038407,RHPL,50,52,50,170.00,"8,500.00"
2020-03-01,2020030101038406,RHPL,50,45,40,170.00,"6,800.00"
2020-03-01,2020030101038405,RHPL,50,40,"1,000",170.00,"170,000.00"
2020-03-01,2020030101038404,RHPL,50,7,"1,000",170.00,"170,000.00"
2020-03-01,2020030101038706,RLFL,32,25,439,143.00,"62,777.00"
2020-03-01,2020030101038618,RLFL,32,25,10,145.00,"1,450.00"
2020-03-01,2020030101038535,RLFL,7,25,10,146.00,"1,460.00"
2020-03-01,2020030101038453,RMDC,28,21,10,824.00,"8,240.00"
2020-03-01,2020030101038398,RMDC,28,34,94,819.00,"76,986.00"
2020-03-01,2020030101038397,RMDC,28,43,135,815.00,"110,025.00"
2020-03-01,2020030101038396,RMDC,28,41,481,814.00,"391,534.00"
2020-03-01,2020030101038714,RSDC,28,41,10,618.00,"6,180.00"
2020-03-01,2020030101038637,RSDC,47,47,100,618.00,"61,800.00"
2020-03-01,2020030101038636,RSDC,42,47,100,618.00,"61,800.00"
2020-03-01,2020030101038635,RSDC,8,47,197,618.00,"121,746.00"
2020-03-01,2020030101038612,RSDC,8,10,100,618.00,"61,800.00"
2020-03-01,2020030101038360,RSDC,8,51,50,618.00,"30,900.00"
2020-03-01,2020030101038606,SABSL,38,48,50,944.00,"47,200.00"
2020-03-01,2020030101038566,SABSL,38,39,10,944.00,"9,440.00"
2020-03-01,2020030101038528,SABSL,38,58,10,944.00,"9,440.00"
2020-03-01,2020030101038482,SABSL,38,17,10,944.00,"9,440.00"
2020-03-01,2020030101038627,SADBL,39,3,770,182.00,"140,140.00"
2020-03-01,2020030101038742,SANIMA,4,32,200,410.00,"82,000.00"
2020-03-01,2020030101038594,SANIMA,4,16,100,410.00,"41,000.00"
2020-03-01,2020030101038576,SANIMA,4,34,63,410.00,"25,830.00"
2020-03-01,2020030101038526,SANIMA,4,44,"1,000",410.00,"410,000.00"
2020-03-01,2020030101038418,SANIMA,44,48,800,411.00,"328,800.00"
2020-03-01,2020030101038355,SANIMA,39,28,100,413.00,"41,300.00"
2020-03-01,2020030101038290,SANIMA,44,33,200,411.00,"82,200.00"
2020-03-01,2020030101038778,SBI,55,6,12,535.00,"6,420.00"
2020-03-01,2020030101038515,SBI,55,26,100,535.00,"53,500.00"
2020-03-01,2020030101038478,SBI,17,35,170,534.00,"90,780.00"
2020-03-01,2020030101038416,SBI,21,35,50,535.00,"26,750.00"
2020-03-01,2020030101038343,SBI,35,35,150,535.00,"80,250.00"
2020-03-01,2020030101038342,SBI,35,44,50,535.00,"26,750.00"
2020-03-01,2020030101038689,SBL,14,54,58,366.00,"21,228.00"
2020-03-01,2020030101038688,SBL,45,54,200,366.00,"73,200.00"
2020-03-01,2020030101038687,SBL,38,54,30,366.00,"10,980.00"
2020-03-01,2020030101038686,SBL,11,54,200,366.00,"73,200.00"
2020-03-01,2020030101038685,SBL,36,54,12,366.00,"4,392.00"
2020-03-01,2020030101038373,SBL,36,56,188,366.00,"68,808.00"
2020-03-01,2020030101038372,SBL,8,56,"1,000",366.00,"366,000.00"
2020-03-01,2020030101038371,SBL,57,56,380,366.00,"139,080.00"
2020-03-01,2020030101038370,SBL,49,56,902,366.00,"330,132.00"
2020-03-01,2020030101038369,SBL,28,56,30,367.00,"11,010.00"
2020-03-01,2020030101038565,SEF,6,13,"1,000",9.95,"9,950.00"
2020-03-01,2020030101038525,SEF,56,13,"5,000",9.95,"49,750.00"
2020-03-01,2020030101038481,SHINE,44,57,19,327.00,"6,213.00"
2020-03-01,2020030101038782,SHIVM,25,45,380,670.00,"254,600.00"
2020-03-01,2020030101038763,SHIVM,29,36,550,668.00,"367,400.00"
2020-03-01,2020030101038762,SHIVM,36,36,700,668.00,"467,600.00"
2020-03-01,2020030101038761,SHIVM,20,36,50,669.00,"33,450.00"
2020-03-01,2020030101038730,SHIVM,17,45,50,670.00,"33,500.00"
2020-03-01,2020030101038704,SHIVM,36,46,300,668.00,"200,400.00"
2020-03-01,2020030101038309,SHIVM,50,29,50,669.00,"33,450.00"
2020-03-01,2020030101038308,SHIVM,38,29,500,669.00,"334,500.00"
2020-03-01,2020030101038307,SHIVM,8,29,200,669.00,"133,800.00"
2020-03-01,2020030101038539,SHIVM,45,32,50,669.00,"33,450.00"
2020-03-01,2020030101038503,SHIVM,20,45,50,670.00,"33,500.00"
2020-03-01,2020030101038455,SHIVM,49,45,100,670.00,"67,000.00"
2020-03-01,2020030101038330,SHIVM,38,49,25,671.00,"16,775.00"
2020-03-01,2020030101038311,SHIVM,45,29,150,669.00,"100,350.00"
2020-03-01,2020030101038310,SHIVM,3,29,100,669.00,"66,900.00"
2020-03-01,2020030101038703,SHIVM,39,46,200,668.00,"133,600.00"
2020-03-01,2020030101038586,SHIVM,19,45,420,670.00,"281,400.00"
2020-03-01,2020030101038585,SHIVM,19,32,80,669.00,"53,520.00"
2020-03-01,2020030101038542,SHIVM,32,32,300,669.00,"200,700.00"
2020-03-01,2020030101038541,SHIVM,1,32,20,669.00,"13,380.00"
2020-03-01,2020030101038540,SHIVM,26,32,50,669.00,"33,450.00"
2020-03-01,2020030101038538,SHL,5,22,192,196.00,"37,632.00"
2020-03-01,2020030101038680,SICL,20,50,44,"1,109.00","48,796.00"
2020-03-01,2020030101038587,SICL,46,26,10,"1,108.00","11,080.00"
2020-03-01,2020030101038451,SICL,35,26,30,"1,108.00","33,240.00"
2020-03-01,2020030101038325,SICL,49,26,10,"1,108.00","11,080.00"
2020-03-01,2020030101038726,SIL,44,44,969,640.00,"620,160.00"
2020-03-01,2020030101038725,SIL,44,44,31,640.00,"19,840.00"
2020-03-01,2020030101038724,SJCL,43,55,20,160.00,"3,200.00"
2020-03-01,2020030101038292,SJCL,43,22,20,160.00,"3,200.00"
2020-03-01,2020030101038500,SJCL,43,55,20,160.00,"3,200.00"
2020-03-01,2020030101038387,SJCL,43,55,20,160.00,"3,200.00"
2020-03-01,2020030101038356,SJCL,43,47,20,160.00,"3,200.00"
2020-03-01,2020030101038615,SJCL,43,55,20,160.00,"3,200.00"
2020-03-01,2020030101038604,SJCL,43,47,20,160.00,"3,200.00"
2020-03-01,2020030101038589,SJCL,43,44,20,160.00,"3,200.00"
2020-03-01,2020030101038770,SLICL,37,33,20,527.00,"10,540.00"
2020-03-01,2020030101038694,SLICL,16,25,200,525.00,"105,000.00"
2020-03-01,2020030101038693,SLICL,16,25,800,525.00,"420,000.00"
2020-03-01,2020030101038529,SLICL,8,38,51,525.00,"26,775.00"
2020-03-01,2020030101038495,SLICL,42,38,150,525.00,"78,750.00"
2020-03-01,2020030101038494,SLICL,42,39,50,525.00,"26,250.00"
2020-03-01,2020030101038341,SLICL,32,53,200,526.00,"105,200.00"
2020-03-01,2020030101038340,SLICL,32,46,100,526.00,"52,600.00"
2020-03-01,2020030101038339,SLICL,32,43,50,525.00,"26,250.00"
2020-03-01,2020030101038613,SMFBS,51,6,10,"1,208.00","12,080.00"
2020-03-01,2020030101038605,SMFBS,51,55,40,"1,208.00","48,320.00"
2020-03-01,2020030101038456,SRBL,42,3,200,297.00,"59,400.00"
2020-03-01,2020030101038368,STC,44,7,100,"2,870.00","287,000.00"
2020-03-01,2020030101038769,UIC,21,10,60,412.00,"24,720.00"
2020-03-01,2020030101038768,UIC,43,10,10,413.00,"4,130.00"
2020-03-01,2020030101038767,UIC,45,10,30,413.00,"12,390.00"
2020-03-01,2020030101038600,UIC,6,14,200,415.00,"83,000.00"
2020-03-01,2020030101038357,UPCL,34,17,50,82.00,"4,100.00"
2020-03-01,2020030101038766,UPPER,14,32,50,250.00,"12,500.00"
2020-03-01,2020030101038590,UPPER,14,57,50,250.00,"12,500.00"
2020-03-01,2020030101038551,UPPER,41,44,40,252.00,"10,080.00"
2020-03-01,2020030101038492,UPPER,41,11,100,252.00,"25,200.00"
2020-03-01,2020030101038491,UPPER,41,33,293,252.00,"73,836.00"
2020-03-01,2020030101038484,UPPER,41,44,200,251.00,"50,200.00"
2020-03-01,2020030101038483,UPPER,41,6,35,251.00,"8,785.00"
2020-03-01,2020030101038324,UPPER,14,57,43,250.00,"10,750.00"
2020-03-01,2020030101038323,UPPER,36,57,957,250.00,"239,250.00"
2020-03-01,2020030101038490,UPPER,41,50,50,252.00,"12,600.00"
2020-03-01,2020030101038489,UPPER,41,32,50,252.00,"12,600.00"
2020-03-01,2020030101038488,UPPER,41,25,100,252.00,"25,200.00"
2020-03-01,2020030101038487,UPPER,41,52,40,252.00,"10,080.00"
2020-03-01,2020030101038486,UPPER,41,55,40,251.00,"10,040.00"
2020-03-01,2020030101038485,UPPER,41,32,50,251.00,"12,550.00"
2020-03-01,2020030101038709,WOMI,33,45,10,"1,270.00","12,700.00"
2020-03-01,2020030101038611,WOMI,16,45,20,"1,260.00","25,200.00"
2020-03-01,2020030101038610,WOMI,39,45,200,"1,260.00","252,000.00"
2020-03-01,2020030101038609,WOMI,34,45,12,"1,260.00","15,120.00"
2020-03-01,2020030101038454,WOMI,34,45,12,"1,270.00","15,240.00"
2020-03-01,2020030101038253,ADBL,41,16,100,452.00,"45,200.00"
2020-03-01,2020030101038049,ADBL,41,38,200,453.00,"90,600.00"
2020-03-01,2020030101037868,ADBL,11,51,50,455.00,"22,750.00"
2020-03-01,2020030101038187,AKPL,36,45,113,133.00,"15,029.00"
2020-03-01,2020030101038186,AKPL,36,45,"1,000",133.00,"133,000.00"
2020-03-01,2020030101038185,AKPL,37,45,"1,000",133.00,"133,000.00"
2020-03-01,2020030101038184,AKPL,45,45,287,133.00,"38,171.00"
2020-03-01,2020030101038153,AKPL,45,46,400,133.00,"53,200.00"
2020-03-01,2020030101037973,AKPL,36,41,500,134.00,"67,000.00"
2020-03-01,2020030101038124,ALBSL,58,36,190,819.00,"155,610.00"
2020-03-01,2020030101038123,ALBSL,58,45,10,819.00,"8,190.00"
2020-03-01,2020030101037976,ALBSL,50,35,11,818.00,"8,998.00"
2020-03-01,2020030101037792,ALBSL,50,18,181,818.00,"148,058.00"
2020-03-01,2020030101038193,ALICL,58,54,84,652.00,"54,768.00"
2020-03-01,2020030101038192,ALICL,34,54,16,653.00,"10,448.00"
2020-03-01,2020030101038112,ALICL,34,41,84,653.00,"54,852.00"
2020-03-01,2020030101038111,ALICL,46,41,237,653.00,"154,761.00"
2020-03-01,2020030101038084,ALICL,46,36,13,653.00,"8,489.00"
2020-03-01,2020030101038083,ALICL,19,36,50,653.00,"32,650.00"
2020-03-01,2020030101038070,ALICL,38,50,200,655.00,"131,000.00"
2020-03-01,2020030101038036,ALICL,38,50,100,655.00,"65,500.00"
2020-03-01,2020030101037816,ALICL,44,5,100,654.00,"65,400.00"
2020-03-01,2020030101037815,ALICL,6,5,490,654.00,"320,460.00"
2020-03-01,2020030101037852,API,25,1,16,145.00,"2,320.00"
2020-03-01,2020030101037851,API,25,48,30,144.00,"4,320.00"
2020-03-01,2020030101037850,API,25,33,458,144.00,"65,952.00"
2020-03-01,2020030101038177,BOKL,53,38,100,277.00,"27,700.00"
2020-03-01,2020030101038069,BOKL,22,7,100,279.00,"27,900.00"
2020-03-01,2020030101038201,BPCL,25,42,20,392.00,"7,840.00"
2020-03-01,2020030101038200,BPCL,46,42,150,392.00,"58,800.00"
2020-03-01,2020030101038056,CBBL,4,47,10,"1,243.00","12,430.00"
2020-03-01,2020030101037992,CBBL,4,45,10,"1,243.00","12,430.00"
2020-03-01,2020030101037987,CBBL,4,47,10,"1,250.00","12,500.00"
2020-03-01,2020030101037986,CBBL,4,26,50,"1,249.00","62,450.00"
2020-03-01,2020030101037985,CBBL,4,25,40,"1,248.00","49,920.00"
2020-03-01,2020030101037903,CBBL,4,37,430,"1,243.00","534,490.00"
2020-03-01,2020030101037902,CBBL,13,37,89,"1,244.00","110,716.00"
2020-03-01,2020030101038183,CBL,43,59,10,160.00,"1,600.00"
2020-03-01,2020030101038137,CBL,32,34,"1,317",159.00,"209,403.00"
2020-03-01,2020030101038136,CBL,18,34,100,159.00,"15,900.00"
2020-03-01,2020030101038135,CBL,34,34,583,159.00,"92,697.00"
2020-03-01,2020030101038066,CBL,28,59,50,160.00,"8,000.00"
2020-03-01,2020030101038005,CBL,8,59,552,160.00,"88,320.00"
2020-03-01,2020030101037840,CBL,56,11,92,160.00,"14,720.00"
2020-03-01,2020030101037858,CBL,38,58,"1,000",160.00,"160,000.00"
2020-03-01,2020030101037857,CBL,32,58,"2,000",160.00,"320,000.00"
2020-03-01,2020030101037856,CBL,56,58,"3,000",160.00,"480,000.00"
2020-03-01,2020030101037855,CBL,29,58,100,160.00,"16,000.00"
2020-03-01,2020030101037854,CBL,25,58,25,160.00,"4,000.00"
2020-03-01,2020030101037853,CBL,3,58,30,160.00,"4,800.00"
2020-03-01,2020030101037864,CBL,8,58,448,160.00,"71,680.00"
2020-03-01,2020030101037863,CBL,41,58,"2,000",160.00,"320,000.00"
2020-03-01,2020030101037862,CBL,51,58,160,160.00,"25,600.00"
2020-03-01,2020030101037861,CBL,56,58,"3,000",160.00,"480,000.00"
2020-03-01,2020030101037860,CBL,21,58,300,160.00,"48,000.00"
2020-03-01,2020030101037859,CBL,45,58,500,160.00,"80,000.00"
2020-03-01,2020030101038134,CCBL,16,56,"1,847",198.00,"365,706.00"
2020-03-01,2020030101038133,CCBL,33,56,500,199.00,"99,500.00"
2020-03-01,2020030101038132,CCBL,11,56,100,199.00,"19,900.00"
2020-03-01,2020030101038131,CCBL,13,56,"1,253",199.00,"249,347.00"
2020-03-01,2020030101038008,CCBL,13,14,500,199.00,"99,500.00"
2020-03-01,2020030101037922,CFCL,6,58,52,150.00,"7,800.00"
2020-03-01,2020030101038250,CIT,53,3,10,"2,950.00","29,500.00"
2020-03-01,2020030101038249,CIT,33,3,100,"2,950.00","295,000.00"
2020-03-01,2020030101038248,CIT,1,3,60,"2,950.00","177,000.00"
2020-03-01,2020030101038247,CIT,35,3,20,"2,951.00","59,020.00"
2020-03-01,2020030101038246,CIT,49,3,10,"2,951.00","29,510.00"
2020-03-01,2020030101038245,CIT,14,3,15,"2,951.00","44,265.00"
2020-03-01,2020030101038027,CIT,41,59,50,"2,955.00","147,750.00"
2020-03-01,2020030101038026,CIT,34,59,10,"2,955.00","29,550.00"
2020-03-01,2020030101038025,CIT,32,59,10,"2,955.00","29,550.00"
2020-03-01,2020030101038024,CIT,57,59,10,"2,956.00","29,560.00"
2020-03-01,2020030101038244,CIT,47,3,25,"2,952.00","73,800.00"
2020-03-01,2020030101038243,CIT,35,3,58,"2,953.00","171,274.00"
2020-03-01,2020030101038224,CIT,21,42,20,"2,955.00","59,100.00"
2020-03-01,2020030101038127,CIT,52,22,50,"2,955.00","147,750.00"
2020-03-01,2020030101038029,CIT,35,59,142,"2,953.00","419,326.00"
2020-03-01,2020030101038028,CIT,58,59,20,"2,954.00","59,080.00"
2020-03-01,2020030101038235,CZBIL,19,57,30,224.00,"6,720.00"
2020-03-01,2020030101038220,CZBIL,28,25,50,225.00,"11,250.00"
2020-03-01,2020030101037837,CZBIL,13,58,100,225.00,"22,500.00"
2020-03-01,2020030101037836,CZBIL,13,4,150,225.00,"33,750.00"
2020-03-01,2020030101038217,DDBL,42,25,240,980.00,"235,200.00"
2020-03-01,2020030101038216,DDBL,40,25,160,980.00,"156,800.00"
2020-03-01,2020030101037824,EBL,14,29,467,856.00,"399,752.00"
2020-03-01,2020030101037823,EBL,36,29,33,860.00,"28,380.00"
2020-03-01,2020030101037814,EBL,36,13,133,860.00,"114,380.00"
2020-03-01,2020030101038160,EDBL,14,41,40,435.00,"17,400.00"
2020-03-01,2020030101038156,EDBL,14,35,120,435.00,"52,200.00"
2020-03-01,2020030101038130,EDBL,14,41,10,435.00,"4,350.00"
2020-03-01,2020030101038168,FMDBL,39,47,100,645.00,"64,500.00"
2020-03-01,2020030101038167,FMDBL,39,5,100,644.00,"64,400.00"
2020-03-01,2020030101038139,FMDBL,28,53,28,636.00,"17,808.00"
2020-03-01,2020030101038105,FMDBL,39,38,400,640.00,"256,000.00"
2020-03-01,2020030101038104,FMDBL,39,38,170,639.00,"108,630.00"
2020-03-01,2020030101038091,FMDBL,28,3,20,636.00,"12,720.00"
2020-03-01,2020030101038090,FMDBL,44,3,50,636.00,"31,800.00"
2020-03-01,2020030101038089,FMDBL,40,3,130,636.00,"82,680.00"
2020-03-01,2020030101038054,FMDBL,40,45,200,636.00,"127,200.00"
2020-03-01,2020030101037826,FMDBL,40,13,170,636.00,"108,120.00"
2020-03-01,2020030101037825,FMDBL,48,13,22,637.00,"14,014.00"
2020-03-01,2020030101038158,FOWAD,49,36,85,"1,862.00","158,270.00"
2020-03-01,2020030101038157,FOWAD,46,36,61,"1,862.00","113,582.00"
2020-03-01,2020030101038034,FOWAD,46,51,20,"1,862.00","37,240.00"
2020-03-01,2020030101037971,FOWAD,46,43,19,"1,862.00","35,378.00"
2020-03-01,2020030101037804,FOWAD,56,41,50,"1,870.00","93,500.00"
2020-03-01,2020030101037803,FOWAD,6,41,30,"1,872.00","56,160.00"
2020-03-01,2020030101037802,FOWAD,50,41,81,"1,873.00","151,713.00"
2020-03-01,2020030101037828,GBBL,35,40,"1,161",274.00,"318,114.00"
2020-03-01,2020030101038122,GBIME,14,56,50,312.00,"15,600.00"
2020-03-01,2020030101038121,GBIME,14,35,"1,000",312.00,"312,000.00"
2020-03-01,2020030101038120,GBIME,14,29,"1,000",312.00,"312,000.00"
2020-03-01,2020030101038119,GBIME,14,54,"1,183",312.00,"369,096.00"
2020-03-01,2020030101038118,GBIME,14,37,500,312.00,"156,000.00"
2020-03-01,2020030101038117,GBIME,14,32,43,312.00,"13,416.00"
2020-03-01,2020030101037798,GBIME,46,49,78,311.00,"24,258.00"
2020-03-01,2020030101037797,GBIME,59,49,322,311.00,"100,142.00"
2020-03-01,2020030101037972,GBIME,42,40,500,311.00,"155,500.00"
2020-03-01,2020030101037940,GBIME,42,52,"1,000",311.00,"311,000.00"
2020-03-01,2020030101037897,GBIME,42,42,278,311.00,"86,458.00"
2020-03-01,2020030101037896,GBIME,48,42,200,311.00,"62,200.00"
2020-03-01,2020030101037895,GBIME,59,42,"1,500",311.00,"466,500.00"
2020-03-01,2020030101037894,GBIME,46,42,22,311.00,"6,842.00"
2020-03-01,2020030101038116,GBIME,14,26,300,312.00,"93,600.00"
2020-03-01,2020030101038115,GBIME,14,38,13,312.00,"4,056.00"
2020-03-01,2020030101038076,GBIME,42,50,201,311.00,"62,511.00"
2020-03-01,2020030101038059,GBIME,42,14,782,311.00,"243,202.00"
2020-03-01,2020030101038004,GBIME,42,35,100,311.00,"31,100.00"
2020-03-01,2020030101038003,GBIME,42,14,300,311.00,"93,300.00"
2020-03-01,2020030101038051,GBLBS,5,43,15,595.00,"8,925.00"
2020-03-01,2020030101038020,GBLBS,57,47,15,596.00,"8,940.00"
2020-03-01,2020030101037916,GBLBS,5,5,100,595.00,"59,500.00"
2020-03-01,2020030101037845,GBLBS,5,25,20,595.00,"11,900.00"
2020-03-01,2020030101038215,GFCL,20,26,500,172.00,"86,000.00"
2020-03-01,2020030101037866,GILB,44,16,35,"1,524.00","53,340.00"
2020-03-01,2020030101037899,GLBSL,5,55,57,790.00,"45,030.00"
2020-03-01,2020030101037795,GLBSL,14,55,20,791.00,"15,820.00"
2020-03-01,2020030101038261,GLICL,7,58,300,969.00,"290,700.00"
2020-03-01,2020030101038260,GLICL,25,58,22,969.00,"21,318.00"
2020-03-01,2020030101038233,GLICL,25,49,75,969.00,"72,675.00"
2020-03-01,2020030101038175,GLICL,6,7,200,973.00,"194,600.00"
2020-03-01,2020030101038174,GLICL,6,5,200,973.00,"194,600.00"
2020-03-01,2020030101038172,GLICL,25,44,860,969.00,"833,340.00"
2020-03-01,2020030101037806,GLICL,51,14,20,970.00,"19,400.00"
2020-03-01,2020030101037805,GLICL,42,14,984,970.00,"954,480.00"
2020-03-01,2020030101037796,GLICL,42,42,100,970.00,"97,000.00"
2020-03-01,2020030101037881,GLICL,53,35,100,970.00,"97,000.00"
2020-03-01,2020030101037880,GLICL,54,35,81,970.00,"78,570.00"
2020-03-01,2020030101037835,GLICL,54,37,119,970.00,"115,430.00"
2020-03-01,2020030101037834,GLICL,51,37,11,970.00,"10,670.00"
2020-03-01,2020030101037808,GLICL,51,14,489,970.00,"474,330.00"
2020-03-01,2020030101037807,GLICL,51,14,20,970.00,"19,400.00"
2020-03-01,2020030101038171,GLICL,28,44,10,970.00,"9,700.00"
2020-03-01,2020030101038170,GLICL,56,44,130,970.00,"126,100.00"
2020-03-01,2020030101038081,GLICL,56,6,70,970.00,"67,900.00"
2020-03-01,2020030101037884,GLICL,25,35,43,969.00,"41,667.00"
2020-03-01,2020030101037883,GLICL,22,35,176,969.00,"170,544.00"
2020-03-01,2020030101037882,GLICL,34,35,100,970.00,"97,000.00"
2020-03-01,2020030101037898,GMFBS,6,28,100,990.00,"99,000.00"
2020-03-01,2020030101038269,GMFIL,32,13,10,140.00,"1,400.00"
2020-03-01,2020030101037933,HDL,39,35,72,"1,756.00","126,432.00"
2020-03-01,2020030101037932,HDL,53,35,50,"1,756.00","87,800.00"
2020-03-01,2020030101037931,HDL,14,35,78,"1,756.00","136,968.00"
2020-03-01,2020030101037930,HDL,4,35,50,"1,758.00","87,900.00"
2020-03-01,2020030101038223,HGI,38,28,250,446.00,"111,500.00"
2020-03-01,2020030101037983,HGI,34,28,75,446.00,"33,450.00"
2020-03-01,2020030101037982,HGI,34,53,600,445.00,"267,000.00"
2020-03-01,2020030101037981,HGI,34,46,200,445.00,"89,000.00"
2020-03-01,2020030101037980,HGI,34,51,125,444.00,"55,500.00"
2020-03-01,2020030101038099,HIDCL,11,7,296,148.00,"43,808.00"
2020-03-01,2020030101038098,HIDCL,58,7,50,149.00,"7,450.00"
2020-03-01,2020030101038097,HIDCL,44,7,200,149.00,"29,800.00"
2020-03-01,2020030101038096,HIDCL,50,7,500,149.00,"74,500.00"
2020-03-01,2020030101038095,HIDCL,17,7,161,149.00,"23,989.00"
2020-03-01,2020030101038094,HIDCL,11,7,500,150.00,"75,000.00"
2020-03-01,2020030101038093,HIDCL,34,7,393,150.00,"58,950.00"
2020-03-01,2020030101037935,HIDCL,34,16,11,150.00,"1,650.00"
2020-03-01,2020030101038258,ILBS,35,57,10,882.00,"8,820.00"
2020-03-01,2020030101037874,ILBS,32,57,10,882.00,"8,820.00"
2020-03-01,2020030101037873,ILBS,10,57,50,883.00,"44,150.00"
2020-03-01,2020030101037872,ILBS,11,57,80,900.00,"72,000.00"
2020-03-01,2020030101038207,KBL,58,7,110,228.00,"25,080.00"
2020-03-01,2020030101038197,KBL,28,38,50,229.00,"11,450.00"
2020-03-01,2020030101038101,KBL,58,25,543,228.00,"123,804.00"
2020-03-01,2020030101038100,KBL,35,25,257,228.00,"58,596.00"
2020-03-01,2020030101038055,KBL,35,48,"1,500",228.00,"342,000.00"
2020-03-01,2020030101038063,KMCDB,59,55,10,"1,030.00","10,300.00"
2020-03-01,2020030101038061,KMCDB,59,58,10,"1,030.00","10,300.00"
2020-03-01,2020030101038035,KMCDB,59,25,10,"1,030.00","10,300.00"
2020-03-01,2020030101037991,KMCDB,59,25,10,"1,030.00","10,300.00"
2020-03-01,2020030101038276,KSBBL,3,10,44,183.00,"8,052.00"
2020-03-01,2020030101038275,KSBBL,29,10,"1,000",183.00,"183,000.00"
2020-03-01,2020030101038274,KSBBL,34,10,25,184.00,"4,600.00"
2020-03-01,2020030101038273,KSBBL,33,10,593,184.00,"109,112.00"
2020-03-01,2020030101038272,KSBBL,25,10,800,185.00,"148,000.00"
2020-03-01,2020030101038271,KSBBL,33,10,538,185.00,"99,530.00"
2020-03-01,2020030101038214,KSBBL,33,57,17,185.00,"3,145.00"
2020-03-01,2020030101038014,KSBBL,38,10,500,186.00,"93,000.00"
2020-03-01,2020030101038013,KSBBL,38,10,"1,000",186.00,"186,000.00"
2020-03-01,2020030101038012,KSBBL,44,10,300,186.00,"55,800.00"
2020-03-01,2020030101038011,KSBBL,57,10,100,187.00,"18,700.00"
2020-03-01,2020030101038001,KSBBL,59,16,21,188.00,"3,948.00"
2020-03-01,2020030101038064,LBL,42,14,200,258.00,"51,600.00"
2020-03-01,2020030101037830,LBL,6,6,250,260.00,"65,000.00"
2020-03-01,2020030101037829,LBL,6,16,50,259.00,"12,950.00"
2020-03-01,2020030101037799,LGIL,45,53,40,550.00,"22,000.00"
2020-03-01,2020030101038086,LICN,25,26,10,"1,650.00","16,500.00"
2020-03-01,2020030101037999,LICN,59,48,204,"1,631.00","332,724.00"
2020-03-01,2020030101038065,LLBS,41,16,17,"1,244.00","21,148.00"
2020-03-01,2020030101038228,MBL,52,25,261,274.00,"71,514.00"
2020-03-01,2020030101038227,MBL,53,25,100,275.00,"27,500.00"
2020-03-01,2020030101038226,MBL,29,25,100,275.00,"27,500.00"
2020-03-01,2020030101038225,MBL,54,25,179,275.00,"49,225.00"
2020-03-01,2020030101038154,MBL,54,47,50,275.00,"13,750.00"
2020-03-01,2020030101038199,MDB,4,41,10,455.00,"4,550.00"
2020-03-01,2020030101038221,MEGA,46,16,91,257.00,"23,387.00"
2020-03-01,2020030101038194,MEGA,46,57,109,257.00,"28,013.00"
2020-03-01,2020030101038148,MEGA,20,51,342,259.00,"88,578.00"
2020-03-01,2020030101038147,MEGA,20,38,50,259.00,"12,950.00"
2020-03-01,2020030101038146,MEGA,20,52,225,259.00,"58,275.00"
2020-03-01,2020030101038145,MEGA,20,58,383,259.00,"99,197.00"
2020-03-01,2020030101037937,MEGA,22,52,55,259.00,"14,245.00"
2020-03-01,2020030101037936,MEGA,22,59,145,259.00,"37,555.00"
2020-03-01,2020030101037978,MFIL,28,6,"1,000",278.00,"278,000.00"
2020-03-01,2020030101037867,MFIL,28,32,50,278.00,"13,900.00"
2020-03-01,2020030101037938,MHNL,49,17,30,96.00,"2,880.00"
2020-03-01,2020030101038102,MNBBL,33,47,70,383.00,"26,810.00"
2020-03-01,2020030101038068,MNBBL,33,16,200,383.00,"76,600.00"
2020-03-01,2020030101037915,MNBBL,33,43,121,383.00,"46,343.00"
2020-03-01,2020030101037914,MNBBL,35,43,400,383.00,"153,200.00"
2020-03-01,2020030101037844,MNBBL,35,26,100,383.00,"38,300.00"
2020-03-01,2020030101038237,NABIL,11,45,86,937.00,"80,582.00"
2020-03-01,2020030101038236,NABIL,45,45,14,937.00,"13,118.00"
2020-03-01,2020030101038129,NABIL,38,41,103,939.00,"96,717.00"
2020-03-01,2020030101038114,NABIL,45,49,127,937.00,"118,999.00"
2020-03-01,2020030101038113,NABIL,52,49,73,937.00,"68,401.00"
2020-03-01,2020030101038060,NABIL,37,41,47,939.00,"44,133.00"
2020-03-01,2020030101038007,NABIL,37,47,10,937.00,"9,370.00"
2020-03-01,2020030101037989,NABIL,37,13,73,937.00,"68,401.00"
2020-03-01,2020030101037891,NABIL,49,13,30,937.00,"28,110.00"
2020-03-01,2020030101038234,NADEP,44,22,48,770.00,"36,960.00"
2020-03-01,2020030101037879,NADEP,44,18,138,770.00,"106,260.00"
2020-03-01,2020030101037878,NADEP,21,18,412,770.00,"317,240.00"
2020-03-01,2020030101038092,NBB,43,45,"1,000",250.00,"250,000.00"
2020-03-01,2020030101038077,NBB,43,49,60,250.00,"15,000.00"
2020-03-01,2020030101038045,NBB,43,6,698,250.00,"174,500.00"
2020-03-01,2020030101038044,NBB,57,6,200,250.00,"50,000.00"
2020-03-01,2020030101038043,NBB,44,6,200,250.00,"50,000.00"
2020-03-01,2020030101038042,NBB,41,6,100,250.00,"25,000.00"
2020-03-01,2020030101037820,NBB,44,58,500,250.00,"125,000.00"
2020-03-01,2020030101037819,NBB,6,58,"1,000",250.00,"250,000.00"
2020-03-01,2020030101037818,NBB,1,58,500,250.00,"125,000.00"
2020-03-01,2020030101037817,NBB,38,58,600,250.00,"150,000.00"
2020-03-01,2020030101037994,NBB,43,33,900,251.00,"225,900.00"
2020-03-01,2020030101037988,NBB,43,46,100,251.00,"25,100.00"
2020-03-01,2020030101037893,NBB,43,6,"1,000",251.00,"251,000.00"
2020-03-01,2020030101037838,NBB,44,58,100,252.00,"25,200.00"
2020-03-01,2020030101037822,NBB,57,58,249,250.00,"62,250.00"
2020-03-01,2020030101037821,NBB,52,58,50,250.00,"12,500.00"
2020-03-01,2020030101038041,NBB,32,6,50,250.00,"12,500.00"
2020-03-01,2020030101038040,NBB,1,6,51,250.00,"12,750.00"
2020-03-01,2020030101037998,NBB,1,33,149,250.00,"37,250.00"
2020-03-01,2020030101037997,NBB,41,33,"1,000",250.00,"250,000.00"
2020-03-01,2020030101037996,NBB,40,33,200,250.00,"50,000.00"
2020-03-01,2020030101037995,NBB,57,33,751,250.00,"187,750.00"
2020-03-01,2020030101038190,NBL,33,7,100,309.00,"30,900.00"
2020-03-01,2020030101038189,NBL,33,46,80,308.00,"24,640.00"
2020-03-01,2020030101038169,NBL,34,45,200,307.00,"61,400.00"
2020-03-01,2020030101038053,NBL,6,46,20,308.00,"6,160.00"
2020-03-01,2020030101038037,NBL,22,7,100,309.00,"30,900.00"
2020-03-01,2020030101037977,NBL,44,28,500,308.00,"154,000.00"
2020-03-01,2020030101037790,NBL,34,52,200,307.00,"61,400.00"
2020-03-01,2020030101038039,NCCB,43,6,185,220.00,"40,700.00"
2020-03-01,2020030101038038,NCCB,43,58,815,220.00,"179,300.00"
2020-03-01,2020030101037913,NCCB,55,58,386,220.00,"84,920.00"
2020-03-01,2020030101037912,NCCB,55,52,200,220.00,"44,000.00"
2020-03-01,2020030101037911,NCCB,55,51,500,220.00,"110,000.00"
2020-03-01,2020030101037910,NCCB,55,34,407,220.00,"89,540.00"
2020-03-01,2020030101037909,NCCB,55,6,365,220.00,"80,300.00"
2020-03-01,2020030101037908,NCCB,55,19,666,219.00,"145,854.00"
2020-03-01,2020030101037907,NCCB,55,51,500,219.00,"109,500.00"
2020-03-01,2020030101037906,NCCB,55,58,"1,976",219.00,"432,744.00"
2020-03-01,2020030101037839,NCCB,22,58,200,219.00,"43,800.00"
2020-03-01,2020030101038176,NHDL,56,44,10,161.00,"1,610.00"
2020-03-01,2020030101037928,NIB,36,59,"1,878",466.00,"875,148.00"
2020-03-01,2020030101037927,NIB,21,59,100,467.00,"46,700.00"
2020-03-01,2020030101037926,NIB,4,59,12,467.00,"5,604.00"
2020-03-01,2020030101037925,NIB,55,59,10,467.00,"4,670.00"
2020-03-01,2020030101038010,NIBPO,22,28,170,394.00,"66,980.00"
2020-03-01,2020030101038009,NIBPO,45,28,30,395.00,"11,850.00"
2020-03-01,2020030101038082,NICA,51,38,80,639.00,"51,120.00"
2020-03-01,2020030101037975,NICA,10,44,150,640.00,"96,000.00"
2020-03-01,2020030101037800,NICAD8283,47,47,60,990.00,"59,400.00"
2020-03-01,2020030101038143,NICL,32,36,50,510.00,"25,500.00"
2020-03-01,2020030101038128,NICL,43,51,10,515.00,"5,150.00"
2020-03-01,2020030101037990,NICL,5,14,190,514.00,"97,660.00"
2020-03-01,2020030101038242,NIL,36,35,35,641.00,"22,435.00"
2020-03-01,2020030101038241,NIL,14,35,200,641.00,"128,200.00"
2020-03-01,2020030101038240,NIL,32,35,15,641.00,"9,615.00"
2020-03-01,2020030101038023,NIL,45,4,28,644.00,"18,032.00"
2020-03-01,2020030101038022,NIL,45,4,122,644.00,"78,568.00"
2020-03-01,2020030101037794,NIL,32,43,35,641.00,"22,435.00"
2020-03-01,2020030101037793,NIL,49,43,50,644.00,"32,200.00"
2020-03-01,2020030101038088,NLBBL,14,49,54,860.00,"46,440.00"
2020-03-01,2020030101038087,NLBBL,58,49,85,860.00,"73,100.00"
2020-03-01,2020030101038254,NLG,17,53,25,703.00,"17,575.00"
2020-03-01,2020030101038232,NLG,33,35,50,704.00,"35,200.00"
2020-03-01,2020030101038021,NLG,44,35,50,704.00,"35,200.00"
2020-03-01,2020030101037813,NLG,44,26,450,704.00,"316,800.00"
2020-03-01,2020030101038259,NLIC,42,33,200,"1,406.00","281,200.00"
2020-03-01,2020030101038142,NLIC,42,42,100,"1,405.00","140,500.00"
2020-03-01,2020030101038141,NLIC,42,32,100,"1,404.00","140,400.00"
2020-03-01,2020030101038052,NLIC,55,41,100,"1,400.00","140,000.00"
2020-03-01,2020030101038031,NLIC,55,7,13,"1,400.00","18,200.00"
2020-03-01,2020030101038030,NLIC,39,7,87,"1,403.00","122,061.00"
2020-03-01,2020030101037945,NLIC,17,25,40,"1,400.00","56,000.00"
2020-03-01,2020030101037944,NLIC,56,25,100,"1,400.00","140,000.00"
2020-03-01,2020030101037943,NLIC,35,25,35,"1,400.00","49,000.00"
2020-03-01,2020030101037942,NLIC,17,25,100,"1,400.00","140,000.00"
2020-03-01,2020030101037941,NLIC,57,25,41,"1,400.00","57,400.00"
2020-03-01,2020030101037939,NLIC,34,45,280,"1,400.00","392,000.00"
2020-03-01,2020030101037951,NLIC,26,25,200,"1,398.00","279,600.00"
2020-03-01,2020030101037950,NLIC,10,25,50,"1,398.00","69,900.00"
2020-03-01,2020030101037949,NLIC,42,25,50,"1,398.00","69,900.00"
2020-03-01,2020030101037948,NLIC,34,25,50,"1,399.00","69,950.00"
2020-03-01,2020030101037947,NLIC,44,25,100,"1,399.00","139,900.00"
2020-03-01,2020030101037946,NLIC,43,25,100,"1,399.00","139,900.00"
2020-03-01,2020030101037957,NLIC,26,25,100,"1,396.00","139,600.00"
2020-03-01,2020030101037956,NLIC,52,25,100,"1,396.00","139,600.00"
2020-03-01,2020030101037955,NLIC,16,25,100,"1,396.00","139,600.00"
2020-03-01,2020030101037954,NLIC,34,25,50,"1,397.00","69,850.00"
2020-03-01,2020030101037953,NLIC,42,25,500,"1,397.00","698,500.00"
2020-03-01,2020030101037952,NLIC,43,25,"1,000","1,397.00","1,397,000.00"
2020-03-01,2020030101037963,NLIC,49,25,100,"1,395.00","139,500.00"
2020-03-01,2020030101037962,NLIC,42,25,20,"1,395.00","27,900.00"
2020-03-01,2020030101037961,NLIC,6,25,200,"1,395.00","279,000.00"
2020-03-01,2020030101037960,NLIC,29,25,560,"1,395.00","781,200.00"
2020-03-01,2020030101037959,NLIC,29,25,"1,000","1,396.00","1,396,000.00"
2020-03-01,2020030101037958,NLIC,49,25,100,"1,396.00","139,600.00"
2020-03-01,2020030101037969,NLIC,25,25,300,"1,395.00","418,500.00"
2020-03-01,2020030101037968,NLIC,14,25,114,"1,395.00","159,030.00"
2020-03-01,2020030101037967,NLIC,42,25,50,"1,395.00","69,750.00"
2020-03-01,2020030101037966,NLIC,56,25,50,"1,395.00","69,750.00"
2020-03-01,2020030101037965,NLIC,55,25,107,"1,395.00","149,265.00"
2020-03-01,2020030101037964,NLIC,43,25,100,"1,395.00","139,500.00"
2020-03-01,2020030101038019,NLIC,39,51,100,"1,403.00","140,300.00"
2020-03-01,2020030101038018,NLIC,39,36,600,"1,403.00","841,800.00"
2020-03-01,2020030101038017,NLIC,39,51,100,"1,403.00","140,300.00"
2020-03-01,2020030101038016,NLIC,39,6,72,"1,403.00","101,016.00"
2020-03-01,2020030101038015,NLIC,39,7,41,"1,401.00","57,441.00"
2020-03-01,2020030101037970,NLIC,52,25,83,"1,395.00","115,785.00"
2020-03-01,2020030101038270,NLICL,43,42,10,810.00,"8,100.00"
2020-03-01,2020030101038209,NLICL,26,34,80,806.00,"64,480.00"
2020-03-01,2020030101038181,NLICL,6,49,100,805.00,"80,500.00"
2020-03-01,2020030101038180,NLICL,6,49,100,806.00,"80,600.00"
2020-03-01,2020030101038072,NMB,28,28,470,499.00,"234,530.00"
2020-03-01,2020030101038071,NMB,28,32,30,499.00,"14,970.00"
2020-03-01,2020030101038062,NMB,21,32,500,499.00,"249,500.00"
2020-03-01,2020030101038057,NMB,28,32,500,499.00,"249,500.00"
2020-03-01,2020030101038002,NMB,49,51,100,498.00,"49,800.00"
2020-03-01,2020030101037929,NMB,58,32,100,499.00,"49,900.00"
2020-03-01,2020030101037924,NMB,49,38,175,498.00,"87,150.00"
2020-03-01,2020030101037923,NMB,26,38,25,498.00,"12,450.00"
2020-03-01,2020030101037877,NMB,42,6,923,500.00,"461,500.00"
2020-03-01,2020030101037876,NMB,42,44,77,499.00,"38,423.00"
2020-03-01,2020030101037843,NMB,14,44,100,499.00,"49,900.00"
2020-03-01,2020030101037827,NMB,59,44,23,499.00,"11,477.00"
2020-03-01,2020030101038144,NUBL,4,7,101,"1,152.00","116,352.00"
2020-03-01,2020030101038085,NUBL,59,14,20,"1,153.00","23,060.00"
2020-03-01,2020030101038033,NUBL,4,50,500,"1,152.00","576,000.00"
2020-03-01,2020030101037901,NUBL,4,14,180,"1,153.00","207,540.00"
2020-03-01,2020030101037865,NUBL,4,37,400,"1,153.00","461,200.00"
2020-03-01,2020030101038256,PCBL,50,6,50,336.00,"16,800.00"
2020-03-01,2020030101038255,PCBL,50,53,100,336.00,"33,600.00"
2020-03-01,2020030101038182,PCBL,50,45,50,336.00,"16,800.00"
2020-03-01,2020030101038138,PCBL,28,45,50,336.00,"16,800.00"
2020-03-01,2020030101038126,PCBL,45,53,100,335.00,"33,500.00"
2020-03-01,2020030101037810,PFL,13,22,39,175.00,"6,825.00"
2020-03-01,2020030101037809,PFL,13,13,537,175.00,"93,975.00"
2020-03-01,2020030101038000,PIC,32,44,50,696.00,"34,800.00"
2020-03-01,2020030101037890,PIC,29,44,50,696.00,"34,800.00"
2020-03-01,2020030101038166,PLIC,39,49,693,655.00,"453,915.00"
2020-03-01,2020030101038165,PLIC,48,49,100,656.00,"65,600.00"
2020-03-01,2020030101038164,PLIC,29,49,200,656.00,"131,200.00"
2020-03-01,2020030101037833,PLIC,38,48,100,656.00,"65,600.00"
2020-03-01,2020030101037832,PLIC,45,48,50,656.00,"32,800.00"
2020-03-01,2020030101037831,PLIC,45,48,50,658.00,"32,900.00"
2020-03-01,2020030101038285,PRIN,58,56,290,502.00,"145,580.00"
2020-03-01,2020030101038284,PRIN,47,56,300,502.00,"150,600.00"
2020-03-01,2020030101038283,PRIN,33,56,200,502.00,"100,400.00"
2020-03-01,2020030101038282,PRIN,7,56,500,502.00,"251,000.00"
2020-03-01,2020030101038281,PRIN,44,56,100,503.00,"50,300.00"
2020-03-01,2020030101038280,PRIN,53,56,10,503.00,"5,030.00"
2020-03-01,2020030101038279,PRIN,22,56,300,503.00,"150,900.00"
2020-03-01,2020030101038278,PRIN,3,56,200,503.00,"100,600.00"
2020-03-01,2020030101038277,PRIN,59,56,100,503.00,"50,300.00"
2020-03-01,2020030101038239,PROFL,49,49,"80,000",115.00,"9,200,000.00"
2020-03-01,2020030101038159,PROFL,49,49,"82,000",115.00,"9,430,000.00"
2020-03-01,2020030101038046,PROFL,49,49,"100,000",115.00,"11,500,000.00"
2020-03-01,2020030101037979,PROFL,49,49,"100,000",115.00,"11,500,000.00"
2020-03-01,2020030101038268,PRVU,46,25,200,279.00,"55,800.00"
2020-03-01,2020030101038251,PRVU,44,25,200,279.00,"55,800.00"
2020-03-01,2020030101038078,PRVU,28,25,50,279.00,"13,950.00"
2020-03-01,2020030101037984,PRVU,48,25,50,279.00,"13,950.00"
2020-03-01,2020030101037842,PRVU,29,43,300,278.00,"83,400.00"
2020-03-01,2020030101037841,PRVU,7,43,100,279.00,"27,900.00"
2020-03-01,2020030101037889,RBCL,35,43,10,"11,500.00","115,000.00"
2020-03-01,2020030101038210,RHPL,34,47,30,168.00,"5,040.00"
2020-03-01,2020030101038198,RHPL,34,52,40,168.00,"6,720.00"
2020-03-01,2020030101038032,RHPL,34,47,30,168.00,"5,040.00"
2020-03-01,2020030101037993,RHPL,34,52,40,168.00,"6,720.00"
2020-03-01,2020030101037875,RHPL,34,52,40,168.00,"6,720.00"
2020-03-01,2020030101037812,RHPL,34,47,30,168.00,"5,040.00"
2020-03-01,2020030101038222,RSDC,28,58,150,619.00,"92,850.00"
2020-03-01,2020030101038079,RSDC,8,45,200,618.00,"123,600.00"
2020-03-01,2020030101037801,SABSL,38,39,10,944.00,"9,440.00"
2020-03-01,2020030101037904,SADBL,44,17,56,183.00,"10,248.00"
2020-03-01,2020030101038212,SANIMA,54,35,100,413.00,"41,300.00"
2020-03-01,2020030101038211,SANIMA,54,32,99,413.00,"40,887.00"
2020-03-01,2020030101038206,SANIMA,51,48,125,411.00,"51,375.00"
2020-03-01,2020030101038205,SANIMA,44,48,200,411.00,"82,200.00"
2020-03-01,2020030101038204,SANIMA,35,48,200,411.00,"82,200.00"
2020-03-01,2020030101038203,SANIMA,45,48,100,412.00,"41,200.00"
2020-03-01,2020030101038202,SANIMA,45,48,100,412.00,"41,200.00"
2020-03-01,2020030101037920,SANIMA,26,32,401,413.00,"165,613.00"
2020-03-01,2020030101037919,SANIMA,26,34,99,413.00,"40,887.00"
2020-03-01,2020030101037849,SANIMA,44,34,500,413.00,"206,500.00"
2020-03-01,2020030101037848,SANIMA,44,7,500,412.00,"206,000.00"
2020-03-01,2020030101038163,SBI,21,44,100,535.00,"53,500.00"
2020-03-01,2020030101038162,SBI,22,44,50,537.00,"26,850.00"
2020-03-01,2020030101038252,SBL,28,7,20,367.00,"7,340.00"
2020-03-01,2020030101038080,SCB,40,33,20,814.00,"16,280.00"
2020-03-01,2020030101037918,SCB,40,16,38,814.00,"30,932.00"
2020-03-01,2020030101037847,SCB,21,16,62,814.00,"50,468.00"
2020-03-01,2020030101037846,SCB,21,25,38,814.00,"30,932.00"
2020-03-01,2020030101037791,SCB,49,25,10,813.00,"8,130.00"
2020-03-01,2020030101038213,SHINE,44,40,237,327.00,"77,499.00"
2020-03-01,2020030101038289,SHIVM,41,39,100,670.00,"67,000.00"
2020-03-01,2020030101038288,SHIVM,49,39,20,670.00,"13,400.00"
2020-03-01,2020030101038287,SHIVM,40,39,10,670.00,"6,700.00"
2020-03-01,2020030101038238,SHIVM,37,49,50,671.00,"33,550.00"
2020-03-01,2020030101038178,SHIVM,32,49,300,671.00,"201,300.00"
2020-03-01,2020030101037934,SHIVM,3,56,40,672.00,"26,880.00"
2020-03-01,2020030101038006,SHPC,37,7,108,245.00,"26,460.00"
2020-03-01,2020030101038058,SIC,42,53,36,796.00,"28,656.00"
2020-03-01,2020030101038208,SICL,21,10,100,"1,096.00","109,600.00"
2020-03-01,2020030101038075,SICL,55,43,279,"1,095.00","305,505.00"
2020-03-01,2020030101038074,SICL,35,43,10,"1,096.00","10,960.00"
2020-03-01,2020030101038073,SICL,50,43,111,"1,096.00","121,656.00"
2020-03-01,2020030101037921,SICL,50,45,309,"1,096.00","338,664.00"
2020-03-01,2020030101038286,SIL,44,55,98,640.00,"62,720.00"
2020-03-01,2020030101038218,SIL,44,55,500,640.00,"320,000.00"
2020-03-01,2020030101037871,SIL,44,58,371,640.00,"237,440.00"
2020-03-01,2020030101037870,SIL,44,58,579,640.00,"370,560.00"
2020-03-01,2020030101037869,SIL,56,58,50,641.00,"32,050.00"
2020-03-01,2020030101038191,SINDU,32,58,200,144.00,"28,800.00"
2020-03-01,2020030101038231,SJCL,43,55,20,160.00,"3,200.00"
2020-03-01,2020030101038161,SJCL,43,55,20,160.00,"3,200.00"
2020-03-01,2020030101037905,SJCL,43,47,20,160.00,"3,200.00"
2020-03-01,2020030101037892,SJCL,17,52,20,161.00,"3,220.00"
2020-03-01,2020030101037885,SJCL,43,17,20,160.00,"3,200.00"
2020-03-01,2020030101038067,SJCL,43,47,20,160.00,"3,200.00"
2020-03-01,2020030101037974,SJCL,43,19,20,160.00,"3,200.00"
2020-03-01,2020030101038257,SLBBL,16,34,100,960.00,"96,000.00"
2020-03-01,2020030101038110,SLBBL,7,34,150,956.00,"143,400.00"
2020-03-01,2020030101038109,SLBBL,35,34,200,956.00,"191,200.00"
2020-03-01,2020030101038108,SLBBL,35,34,50,956.00,"47,800.00"
2020-03-01,2020030101038107,SLBBL,35,34,50,956.00,"47,800.00"
2020-03-01,2020030101038106,SLBBL,47,34,50,957.00,"47,850.00"
2020-03-01,2020030101038188,SLICL,20,43,100,525.00,"52,500.00"
2020-03-01,2020030101038179,SLICL,29,43,250,525.00,"131,250.00"
2020-03-01,2020030101038125,SLICL,29,45,200,525.00,"105,000.00"
2020-03-01,2020030101038050,SLICL,29,39,50,525.00,"26,250.00"
2020-03-01,2020030101038263,SMFBS,26,19,10,"1,209.00","12,090.00"
2020-03-01,2020030101038262,SMFBS,14,19,10,"1,210.00","12,100.00"
2020-03-01,2020030101038219,SMFBS,41,19,10,"1,211.00","12,110.00"
2020-03-01,2020030101038173,SRBL,28,52,50,300.00,"15,000.00"
2020-03-01,2020030101038048,SRBL,42,45,20,297.00,"5,940.00"
2020-03-01,2020030101038047,SRBL,17,45,60,298.00,"17,880.00"
2020-03-01,2020030101037888,TRH,8,38,120,297.00,"35,640.00"
2020-03-01,2020030101037887,TRH,43,38,500,297.00,"148,500.00"
2020-03-01,2020030101037886,TRH,26,38,200,299.00,"59,800.00"
2020-03-01,2020030101037917,UIC,34,4,50,417.00,"20,850.00"
2020-03-01,2020030101038155,UPCL,17,55,50,83.00,"4,150.00"
2020-03-01,2020030101038152,UPCL,34,17,50,82.00,"4,100.00"
2020-03-01,2020030101038267,UPPER,36,49,43,250.00,"10,750.00"
2020-03-01,2020030101038266,UPPER,14,49,30,250.00,"7,500.00"
2020-03-01,2020030101038265,UPPER,38,49,100,250.00,"25,000.00"
2020-03-01,2020030101038264,UPPER,56,49,127,250.00,"31,750.00"
2020-03-01,2020030101038230,UPPER,56,45,373,250.00,"93,250.00"
2020-03-01,2020030101038103,UPPER,45,16,40,250.00,"10,000.00"
2020-03-01,2020030101037811,UPPER,33,6,124,251.00,"31,124.00"
2020-03-01,2020030101038229,UPPER,45,45,627,250.00,"156,750.00"
2020-03-01,2020030101038151,VLBS,47,42,51,"1,170.00","59,670.00"
2020-03-01,2020030101038150,VLBS,45,42,23,"1,170.00","26,910.00"
2020-03-01,2020030101038149,VLBS,13,42,76,"1,170.00","88,920.00"
2020-03-01,2020030101038196,WOMI,34,5,12,"1,275.00","15,300.00"
2020-03-01,2020030101038195,WOMI,34,55,38,"1,275.00","48,450.00"
2020-03-01,2020030101038140,WOMI,47,55,50,"1,275.00","63,750.00"
2020-03-01,2020030101037900,WOMI,34,55,12,"1,275.00","15,300.00"
2020-03-01,2020030101037769,ADBL,48,51,29,455.00,"13,195.00"
2020-03-01,2020030101037768,ADBL,48,8,21,455.00,"9,555.00"
2020-03-01,2020030101037565,AKPL,36,36,"2,480",134.00,"332,320.00"
2020-03-01,2020030101037460,ALBSL,40,47,11,816.00,"8,976.00"
2020-03-01,2020030101037673,ALICL,16,50,500,655.00,"327,500.00"
2020-03-01,2020030101037635,API,38,33,12,144.00,"1,728.00"
2020-03-01,2020030101037555,API,25,33,15,144.00,"2,160.00"
2020-03-01,2020030101037486,API,38,16,11,142.00,"1,562.00"
2020-03-01,2020030101037401,API,25,33,15,144.00,"2,160.00"
2020-03-01,2020030101037400,API,25,48,100,144.00,"14,400.00"
2020-03-01,2020030101037368,API,25,34,399,143.00,"57,057.00"
2020-03-01,2020030101037347,API,25,25,474,141.00,"66,834.00"
2020-03-01,2020030101037309,API,32,25,300,141.00,"42,300.00"
2020-03-01,2020030101037344,BNT,57,7,10,"7,712.00","77,120.00"
2020-03-01,2020030101037448,BOKL,53,52,25,277.00,"6,925.00"
2020-03-01,2020030101037447,BOKL,40,52,87,278.00,"24,186.00"
2020-03-01,2020030101037732,BPCL,46,52,150,392.00,"58,800.00"
2020-03-01,2020030101037731,BPCL,17,52,200,392.00,"78,400.00"
2020-03-01,2020030101037730,BPCL,47,52,200,392.00,"78,400.00"
2020-03-01,2020030101037729,BPCL,52,52,200,392.00,"78,400.00"
2020-03-01,2020030101037728,BPCL,13,52,200,392.00,"78,400.00"
2020-03-01,2020030101037727,BPCL,41,52,50,393.00,"19,650.00"
2020-03-01,2020030101037417,CBBL,13,8,11,"1,244.00","13,684.00"
2020-03-01,2020030101037643,CBL,56,11,500,160.00,"80,000.00"
2020-03-01,2020030101037542,CBL,38,25,333,161.00,"53,613.00"
2020-03-01,2020030101037529,CBL,44,52,350,162.00,"56,700.00"
2020-03-01,2020030101037514,CBL,38,52,15,161.00,"2,415.00"
2020-03-01,2020030101037317,CBL,38,35,50,161.00,"8,050.00"
2020-03-01,2020030101037558,CCBL,13,52,100,199.00,"19,900.00"
2020-03-01,2020030101037405,CCBL,13,58,213,199.00,"42,387.00"
2020-03-01,2020030101037350,CCBL,13,4,934,199.00,"185,866.00"
2020-03-01,2020030101037349,CCBL,33,4,66,199.00,"13,134.00"
2020-03-01,2020030101037687,CFCL,14,58,275,150.00,"41,250.00"
2020-03-01,2020030101037420,CHCL,13,36,51,448.00,"22,848.00"
2020-03-01,2020030101037332,CHCL,57,36,500,448.00,"224,000.00"
2020-03-01,2020030101037331,CHCL,6,36,10,448.00,"4,480.00"
2020-03-01,2020030101037330,CHCL,21,36,239,448.00,"107,072.00"
2020-03-01,2020030101037563,CIT,32,53,10,"2,960.00","29,600.00"
2020-03-01,2020030101037378,CIT,56,22,10,"2,961.00","29,610.00"
2020-03-01,2020030101037458,CLBSL,13,53,120,"1,349.00","161,880.00"
2020-03-01,2020030101037450,CMF1,26,54,500,9.81,"4,905.00"
2020-03-01,2020030101037672,CZBIL,19,51,500,224.00,"112,000.00"
2020-03-01,2020030101037539,CZBIL,21,4,100,225.00,"22,500.00"
2020-03-01,2020030101037505,CZBIL,48,4,100,225.00,"22,500.00"
2020-03-01,2020030101037369,CZBIL,19,40,100,224.00,"22,400.00"
2020-03-01,2020030101037339,CZBIL,19,52,100,224.00,"22,400.00"
2020-03-01,2020030101037297,CZBIL,55,4,100,225.00,"22,500.00"
2020-03-01,2020030101037296,CZBIL,51,4,50,225.00,"11,250.00"
2020-03-01,2020030101037292,DDBL,40,26,90,980.00,"88,200.00"
2020-03-01,2020030101037291,DDBL,35,26,10,980.00,"9,800.00"
2020-03-01,2020030101037290,DDBL,21,26,100,981.00,"98,100.00"
2020-03-01,2020030101037726,EBL,45,45,50,862.00,"43,100.00"
2020-03-01,2020030101037658,EBL,36,41,10,860.00,"8,600.00"
2020-03-01,2020030101037650,EBL,36,45,10,860.00,"8,600.00"
2020-03-01,2020030101037579,EBL,36,44,614,860.00,"528,040.00"
2020-03-01,2020030101037578,EBL,36,45,200,857.00,"171,400.00"
2020-03-01,2020030101037533,EBL,11,44,50,856.00,"42,800.00"
2020-03-01,2020030101037485,EBL,52,44,50,856.00,"42,800.00"
2020-03-01,2020030101037559,EDBL,47,50,400,434.00,"173,600.00"
2020-03-01,2020030101037681,EIC,17,26,100,452.00,"45,200.00"
2020-03-01,2020030101037551,EIC,44,21,11,450.00,"4,950.00"
2020-03-01,2020030101037550,EIC,58,21,150,450.00,"67,500.00"
2020-03-01,2020030101037549,EIC,51,21,39,450.00,"17,550.00"
2020-03-01,2020030101037788,FMDBL,48,18,78,637.00,"49,686.00"
2020-03-01,2020030101037787,FMDBL,44,18,222,637.00,"141,414.00"
2020-03-01,2020030101037746,FMDBL,44,18,778,637.00,"495,586.00"
2020-03-01,2020030101037745,FMDBL,33,18,222,638.00,"141,636.00"
2020-03-01,2020030101037721,FMDBL,33,14,400,638.00,"255,200.00"
2020-03-01,2020030101037704,FMDBL,33,57,255,638.00,"162,690.00"
2020-03-01,2020030101037362,FMDBL,34,57,65,644.00,"41,860.00"
2020-03-01,2020030101037632,FMDBL,33,38,300,640.00,"192,000.00"
2020-03-01,2020030101037620,FMDBL,45,13,100,641.00,"64,100.00"
2020-03-01,2020030101037612,FMDBL,33,36,50,640.00,"32,000.00"
2020-03-01,2020030101037573,FMDBL,57,26,"1,000",641.00,"641,000.00"
2020-03-01,2020030101037557,FMDBL,28,36,200,642.00,"128,400.00"
2020-03-01,2020030101037556,FMDBL,58,36,24,642.00,"15,408.00"
2020-03-01,2020030101037689,FMDBL,33,56,123,638.00,"78,474.00"
2020-03-01,2020030101037688,FMDBL,38,56,177,638.00,"112,926.00"
2020-03-01,2020030101037641,FMDBL,7,38,100,640.00,"64,000.00"
2020-03-01,2020030101037640,FMDBL,36,38,100,640.00,"64,000.00"
2020-03-01,2020030101037634,FMDBL,37,38,100,640.00,"64,000.00"
2020-03-01,2020030101037633,FMDBL,44,38,100,640.00,"64,000.00"
2020-03-01,2020030101037754,GBIME,33,38,200,312.00,"62,400.00"
2020-03-01,2020030101037651,GBIME,59,48,100,311.00,"31,100.00"
2020-03-01,2020030101037543,GBIME,59,36,100,311.00,"31,100.00"
2020-03-01,2020030101037528,GBIME,59,40,978,311.00,"304,158.00"
2020-03-01,2020030101037527,GBIME,59,40,22,311.00,"6,842.00"
2020-03-01,2020030101037506,GBIME,59,35,200,311.00,"62,200.00"
2020-03-01,2020030101037325,GBIME,42,26,82,311.00,"25,502.00"
2020-03-01,2020030101037313,GBIME,42,57,18,311.00,"5,598.00"
2020-03-01,2020030101037312,GBIME,59,57,12,311.00,"3,732.00"
2020-03-01,2020030101037504,GBIME,59,39,100,311.00,"31,100.00"
2020-03-01,2020030101037449,GBIME,59,40,"1,150",311.00,"357,650.00"
2020-03-01,2020030101037435,GBIME,59,58,279,311.00,"86,769.00"
2020-03-01,2020030101037343,GBIME,59,38,20,312.00,"6,240.00"
2020-03-01,2020030101037327,GBIME,59,26,249,311.00,"77,439.00"
2020-03-01,2020030101037326,GBIME,44,26,200,311.00,"62,200.00"
2020-03-01,2020030101037644,GBLBS,5,36,50,595.00,"29,750.00"
2020-03-01,2020030101037530,GBLBS,13,39,100,596.00,"59,600.00"
2020-03-01,2020030101037437,GBLBS,11,39,100,597.00,"59,700.00"
