Date,Transact. No.,Symbol,Buyer,Seller,Quantity,Rate,Amount
2019-11-11,2019111101006448,ADBL,14,54,10,421.00,"4,210.00"
2019-11-11,2019111101006447,ADBL,14,35,200,420.00,"84,000.00"
2019-11-11,2019111101006446,ADBL,14,35,200,420.00,"84,000.00"
2019-11-11,2019111101006445,ADBL,14,41,50,420.00,"21,000.00"
2019-11-11,2019111101006444,ADBL,14,35,59,420.00,"24,780.00"
2019-11-11,2019111101006154,ALBSL,38,52,160,403.00,"64,480.00"
2019-11-11,2019111101006614,ALICL,14,16,133,312.00,"41,496.00"
2019-11-11,2019111101006613,ALICL,34,16,17,313.00,"5,321.00"
2019-11-11,2019111101006282,ALICL,5,36,20,313.00,"6,260.00"
2019-11-11,2019111101006450,API,25,41,12,108.00,"1,296.00"
2019-11-11,2019111101006449,API,25,33,28,107.00,"2,996.00"
2019-11-11,2019111101006385,API,54,52,20,106.00,"2,120.00"
2019-11-11,2019111101006149,API,54,41,100,108.00,"10,800.00"
2019-11-11,2019111101006322,BOKL,44,55,"1,000",227.00,"227,000.00"
2019-11-11,2019111101006321,BOKL,44,25,705,227.00,"160,035.00"
2019-11-11,2019111101006294,BOKL,21,25,45,227.00,"10,215.00"
2019-11-11,2019111101006293,BOKL,21,7,115,227.00,"26,105.00"
2019-11-11,2019111101006292,BOKL,21,45,40,227.00,"9,080.00"
2019-11-11,2019111101006537,BPCL,33,56,10,367.00,"3,670.00"
2019-11-11,2019111101006573,CBBL,33,4,10,974.00,"9,740.00"
2019-11-11,2019111101006572,CBBL,43,4,350,975.00,"341,250.00"
2019-11-11,2019111101006343,CBBL,43,4,100,975.00,"97,500.00"
2019-11-11,2019111101006335,CBBL,11,35,10,985.00,"9,850.00"
2019-11-11,2019111101006612,CBL,38,6,10,140.00,"1,400.00"
2019-11-11,2019111101006547,CBL,48,4,"1,102",139.00,"153,178.00"
2019-11-11,2019111101006197,CBL,21,4,100,140.00,"14,000.00"
2019-11-11,2019111101006196,CBL,28,4,100,140.00,"14,000.00"
2019-11-11,2019111101006195,CBL,8,4,420,140.00,"58,800.00"
2019-11-11,2019111101006481,CCBL,6,44,243,155.00,"37,665.00"
2019-11-11,2019111101006480,CCBL,43,44,793,155.00,"122,915.00"
2019-11-11,2019111101006479,CCBL,45,44,422,155.00,"65,410.00"
2019-11-11,2019111101006203,CCBL,45,6,25,155.00,"3,875.00"
2019-11-11,2019111101006161,CCBL,14,44,42,156.00,"6,552.00"
2019-11-11,2019111101006356,CHCL,6,19,100,453.00,"45,300.00"
2019-11-11,2019111101006634,CZBIL,48,37,200,191.00,"38,200.00"
2019-11-11,2019111101006552,CZBIL,19,45,50,192.00,"9,600.00"
2019-11-11,2019111101006505,CZBIL,38,45,63,192.00,"12,096.00"
2019-11-11,2019111101006504,CZBIL,38,10,138,191.00,"26,358.00"
2019-11-11,2019111101006320,CZBIL,16,7,35,190.00,"6,650.00"
2019-11-11,2019111101006318,CZBIL,16,7,364,190.00,"69,160.00"
2019-11-11,2019111101006317,CZBIL,17,7,100,190.00,"19,000.00"
2019-11-11,2019111101006316,CZBIL,17,7,436,190.00,"82,840.00"
2019-11-11,2019111101006227,CZBIL,20,10,300,191.00,"57,300.00"
2019-11-11,2019111101006226,CZBIL,52,10,382,191.00,"72,962.00"
2019-11-11,2019111101006216,CZBIL,52,22,118,191.00,"22,538.00"
2019-11-11,2019111101006215,CZBIL,52,22,382,191.00,"72,962.00"
2019-11-11,2019111101006187,DBBL,17,29,500,125.00,"62,500.00"
2019-11-11,2019111101006186,DBBL,57,29,200,125.00,"25,000.00"
2019-11-11,2019111101006185,DBBL,32,29,400,125.00,"50,000.00"
2019-11-11,2019111101006439,EBL,38,58,301,555.00,"167,055.00"
2019-11-11,2019111101006426,EBL,44,6,100,554.00,"55,400.00"
2019-11-11,2019111101006284,EBL,38,58,699,555.00,"387,945.00"
2019-11-11,2019111101006281,EBL,38,58,200,555.00,"111,000.00"
2019-11-11,2019111101006232,EBL,38,6,101,555.00,"56,055.00"
2019-11-11,2019111101006181,EBL,38,58,"1,000",555.00,"555,000.00"
2019-11-11,2019111101006168,EBL,44,58,449,555.00,"249,195.00"
2019-11-11,2019111101006152,EBL,19,58,128,555.00,"71,040.00"
2019-11-11,2019111101006553,FMDBL,55,59,14,307.00,"4,298.00"
2019-11-11,2019111101006421,FMDBL,55,59,10,312.00,"3,120.00"
2019-11-11,2019111101006512,FOWAD,26,37,29,"1,360.00","39,440.00"
2019-11-11,2019111101006432,GBBL,14,4,23,221.00,"5,083.00"
2019-11-11,2019111101006431,GBBL,14,4,177,220.00,"38,940.00"
2019-11-11,2019111101006365,GBBL,29,4,50,220.00,"11,000.00"
2019-11-11,2019111101006364,GBBL,47,4,43,220.00,"9,460.00"
2019-11-11,2019111101006341,GBBL,47,4,190,220.00,"41,800.00"
2019-11-11,2019111101006340,GBBL,10,4,10,220.00,"2,200.00"
2019-11-11,2019111101006339,GBBL,10,13,990,220.00,"217,800.00"
2019-11-11,2019111101006223,GBBL,47,4,200,220.00,"44,000.00"
2019-11-11,2019111101006201,GBBL,47,4,380,220.00,"83,600.00"
2019-11-11,2019111101006574,GBLBS,56,40,10,316.00,"3,160.00"
2019-11-11,2019111101006482,GBLBS,56,35,15,315.00,"4,725.00"
2019-11-11,2019111101006350,GBLBS,29,35,785,315.00,"247,275.00"
2019-11-11,2019111101006349,GBLBS,29,56,15,315.00,"4,725.00"
2019-11-11,2019111101006348,GBLBS,29,58,100,315.00,"31,500.00"
2019-11-11,2019111101006302,GILB,22,47,17,749.00,"12,733.00"
2019-11-11,2019111101006378,GLBSL,36,47,40,454.00,"18,160.00"
2019-11-11,2019111101006377,GLBSL,36,38,60,454.00,"27,240.00"
2019-11-11,2019111101006443,GRDBL,43,22,10,105.00,"1,050.00"
2019-11-11,2019111101006588,HBL,56,52,20,487.00,"9,740.00"
2019-11-11,2019111101006485,HBL,18,5,500,485.00,"242,500.00"
2019-11-11,2019111101006252,HBL,50,6,54,484.00,"26,136.00"
2019-11-11,2019111101006433,HURJA,59,52,20,101.00,"2,020.00"
2019-11-11,2019111101006637,ILBS,16,14,10,480.00,"4,800.00"
2019-11-11,2019111101006627,ILBS,56,34,20,479.00,"9,580.00"
2019-11-11,2019111101006442,ILBS,48,45,10,475.00,"4,750.00"
2019-11-11,2019111101006334,ILBS,48,41,10,475.00,"4,750.00"
2019-11-11,2019111101006217,ILBS,7,57,10,472.00,"4,720.00"
2019-11-11,2019111101006200,ILBS,7,34,170,472.00,"80,240.00"
2019-11-11,2019111101006199,ILBS,14,34,90,475.00,"42,750.00"
2019-11-11,2019111101006179,ILBS,14,47,10,475.00,"4,750.00"
2019-11-11,2019111101006626,KBL,58,56,20,185.00,"3,700.00"
2019-11-11,2019111101006610,KBL,33,49,"2,000",184.00,"368,000.00"
2019-11-11,2019111101006591,KBL,28,22,11,184.00,"2,024.00"
2019-11-11,2019111101006435,KBL,54,58,400,183.00,"73,200.00"
2019-11-11,2019111101006338,KBL,54,19,50,183.00,"9,150.00"
2019-11-11,2019111101006308,KBL,54,16,330,183.00,"60,390.00"
2019-11-11,2019111101006263,KBL,54,6,43,183.00,"7,869.00"
2019-11-11,2019111101006214,KBL,54,37,300,183.00,"54,900.00"
2019-11-11,2019111101006213,KBL,26,37,200,183.00,"36,600.00"
2019-11-11,2019111101006541,LBBL,26,35,85,174.00,"14,790.00"
2019-11-11,2019111101006540,LBBL,26,46,110,174.00,"19,140.00"
2019-11-11,2019111101006483,LBBL,33,46,10,174.00,"1,740.00"
2019-11-11,2019111101006640,LLBS,18,52,10,707.00,"7,070.00"
2019-11-11,2019111101006569,LLBS,18,41,48,705.00,"33,840.00"
2019-11-11,2019111101006278,MBL,14,39,200,233.00,"46,600.00"
2019-11-11,2019111101006277,MBL,14,48,200,233.00,"46,600.00"
2019-11-11,2019111101006276,MBL,14,47,100,233.00,"23,300.00"
2019-11-11,2019111101006275,MBL,14,49,450,233.00,"104,850.00"
2019-11-11,2019111101006469,MEGA,22,17,50,187.00,"9,350.00"
2019-11-11,2019111101006468,MEGA,28,17,"1,069",187.00,"199,903.00"
2019-11-11,2019111101006405,MEGA,28,32,100,187.00,"18,700.00"
2019-11-11,2019111101006367,MEGA,14,8,50,188.00,"9,400.00"
2019-11-11,2019111101006511,MEGA,14,8,50,188.00,"9,400.00"
2019-11-11,2019111101006470,MEGA,42,17,100,187.00,"18,700.00"
2019-11-11,2019111101006269,MERO,32,37,92,435.00,"40,020.00"
2019-11-11,2019111101006218,MFIL,53,4,110,126.00,"13,860.00"
2019-11-11,2019111101006526,MLBL,33,35,10,189.00,"1,890.00"
2019-11-11,2019111101006570,NABIL,58,42,10,753.00,"7,530.00"
2019-11-11,2019111101006403,NABIL,41,16,100,750.00,"75,000.00"
2019-11-11,2019111101006394,NABIL,52,16,500,750.00,"375,000.00"
2019-11-11,2019111101006344,NABIL,6,58,200,750.00,"150,000.00"
2019-11-11,2019111101006300,NABIL,41,58,50,750.00,"37,500.00"
2019-11-11,2019111101006298,NABIL,32,58,50,750.00,"37,500.00"
2019-11-11,2019111101006285,NABIL,32,58,20,750.00,"15,000.00"
2019-11-11,2019111101006625,NADEP,42,39,30,403.00,"12,090.00"
2019-11-11,2019111101006260,NADEP,13,32,170,400.00,"68,000.00"
2019-11-11,2019111101006253,NADEP,13,58,250,399.00,"99,750.00"
2019-11-11,2019111101006249,NBB,39,35,168,205.00,"34,440.00"
2019-11-11,2019111101006166,NBB,48,35,200,205.00,"41,000.00"
2019-11-11,2019111101006165,NBB,29,35,100,205.00,"20,500.00"
2019-11-11,2019111101006164,NBB,17,35,362,205.00,"74,210.00"
2019-11-11,2019111101006638,NBL,33,29,10,309.00,"3,090.00"
2019-11-11,2019111101006623,NBL,40,29,10,309.00,"3,090.00"
2019-11-11,2019111101006592,NBL,20,22,25,307.00,"7,675.00"
2019-11-11,2019111101006577,NBL,20,25,50,307.00,"15,350.00"
2019-11-11,2019111101006576,NBL,58,25,150,307.00,"46,050.00"
2019-11-11,2019111101006549,NBL,14,29,50,309.00,"15,450.00"
2019-11-11,2019111101006171,NBL,35,10,400,308.00,"123,200.00"
2019-11-11,2019111101006393,NBL,43,22,175,308.00,"53,900.00"
2019-11-11,2019111101006389,NBL,14,29,100,309.00,"30,900.00"
2019-11-11,2019111101006368,NBL,43,46,100,308.00,"30,800.00"
2019-11-11,2019111101006244,NBL,28,46,900,308.00,"277,200.00"
2019-11-11,2019111101006173,NBL,28,10,100,308.00,"30,800.00"
2019-11-11,2019111101006172,NBL,20,10,500,308.00,"154,000.00"
2019-11-11,2019111101006475,NBL,41,13,"1,000",308.00,"308,000.00"
2019-11-11,2019111101006474,NBL,58,22,350,307.00,"107,450.00"
2019-11-11,2019111101006473,NBL,25,22,150,307.00,"46,050.00"
2019-11-11,2019111101006419,NBL,25,34,350,307.00,"107,450.00"
2019-11-11,2019111101006418,NBL,28,34,100,307.00,"30,700.00"
2019-11-11,2019111101006417,NBL,18,34,50,307.00,"15,350.00"
2019-11-11,2019111101006534,NCCB,49,44,500,206.00,"103,000.00"
2019-11-11,2019111101006533,NCCB,40,44,500,206.00,"103,000.00"
2019-11-11,2019111101006532,NCCB,4,44,150,206.00,"30,900.00"
2019-11-11,2019111101006531,NCCB,4,44,100,206.00,"20,600.00"
2019-11-11,2019111101006530,NCCB,4,44,50,206.00,"10,300.00"
2019-11-11,2019111101006529,NCCB,49,44,322,206.00,"66,332.00"
2019-11-11,2019111101006231,NCCB,49,17,110,207.00,"22,770.00"
2019-11-11,2019111101006230,NCCB,49,45,250,207.00,"51,750.00"
2019-11-11,2019111101006212,NCCB,54,58,120,206.00,"24,720.00"
2019-11-11,2019111101006328,NCCB,4,10,100,206.00,"20,600.00"
2019-11-11,2019111101006327,NCCB,49,10,"1,000",206.00,"206,000.00"
2019-11-11,2019111101006326,NCCB,54,10,880,206.00,"181,280.00"
2019-11-11,2019111101006325,NCCB,52,10,42,206.00,"8,652.00"
2019-11-11,2019111101006246,NCCB,52,39,58,206.00,"11,948.00"
2019-11-11,2019111101006245,NCCB,49,39,17,206.00,"3,502.00"
2019-11-11,2019111101006502,NCCB,49,11,"2,000",206.00,"412,000.00"
2019-11-11,2019111101006333,NCCB,49,10,678,206.00,"139,668.00"
2019-11-11,2019111101006332,NCCB,4,10,50,206.00,"10,300.00"
2019-11-11,2019111101006331,NCCB,4,10,50,206.00,"10,300.00"
2019-11-11,2019111101006330,NCCB,4,10,100,206.00,"20,600.00"
2019-11-11,2019111101006329,NCCB,4,10,100,206.00,"20,600.00"
2019-11-11,2019111101006503,NEF,56,5,"2,414",7.70,"18,587.80"
2019-11-11,2019111101006387,NHPC,38,58,90,54.00,"4,860.00"
2019-11-11,2019111101006580,NIB,38,37,10,445.00,"4,450.00"
2019-11-11,2019111101006563,NIB,51,37,200,445.00,"89,000.00"
2019-11-11,2019111101006311,NIBLPF,56,17,"2,273",6.78,"15,410.94"
2019-11-11,2019111101006315,NIBPO,42,4,100,410.00,"41,000.00"
2019-11-11,2019111101006314,NIBPO,56,4,300,410.00,"123,000.00"
2019-11-11,2019111101006313,NIBPO,14,4,269,410.00,"110,290.00"
2019-11-11,2019111101006312,NIBPO,22,4,30,412.00,"12,360.00"
2019-11-11,2019111101006583,NICA,4,59,150,404.00,"60,600.00"
2019-11-11,2019111101006582,NICA,4,59,250,404.00,"101,000.00"
2019-11-11,2019111101006581,NICA,4,59,100,404.00,"40,400.00"
2019-11-11,2019111101006550,NICA,4,45,100,404.00,"40,400.00"
2019-11-11,2019111101006506,NICA,4,34,150,404.00,"60,600.00"
2019-11-11,2019111101006478,NICA,4,34,50,404.00,"20,200.00"
2019-11-11,2019111101006271,NICA,52,29,200,403.00,"80,600.00"
2019-11-11,2019111101006270,NICA,28,29,100,403.00,"40,300.00"
2019-11-11,2019111101006256,NICA,28,55,900,403.00,"362,700.00"
2019-11-11,2019111101006255,NICA,58,55,100,403.00,"40,300.00"
2019-11-11,2019111101006208,NICA,48,29,200,404.00,"80,800.00"
2019-11-11,2019111101006477,NICA,4,59,100,404.00,"40,400.00"
2019-11-11,2019111101006471,NICA,4,59,150,404.00,"60,600.00"
2019-11-11,2019111101006460,NICA,4,59,50,404.00,"20,200.00"
2019-11-11,2019111101006456,NICA,4,59,200,404.00,"80,800.00"
2019-11-11,2019111101006290,NICA,52,6,91,403.00,"36,673.00"
2019-11-11,2019111101006272,NICA,52,29,247,403.00,"99,541.00"
2019-11-11,2019111102000003,NICBF,14,14,"4,000",10.30,"41,200.00"
2019-11-11,2019111102000002,NICBF,14,14,"45,000",10.10,"454,500.00"
2019-11-11,2019111102000001,NICBF,14,14,"1,000",10.00,"10,000.00"
2019-11-11,2019111101006351,NLG,25,25,10,548.00,"5,480.00"
2019-11-11,2019111101006484,NLIC,52,44,19,794.00,"15,086.00"
2019-11-11,2019111101006464,NLIC,52,56,171,793.00,"135,603.00"
2019-11-11,2019111101006463,NLIC,6,56,19,793.00,"15,067.00"
2019-11-11,2019111101006462,NLIC,6,39,62,793.00,"49,166.00"
2019-11-11,2019111101006388,NLIC,6,34,19,792.00,"15,048.00"
2019-11-11,2019111101006347,NLIC,55,11,20,790.00,"15,800.00"
2019-11-11,2019111101006336,NLIC,56,34,11,792.00,"8,712.00"
2019-11-11,2019111101006307,NLICL,56,25,70,425.00,"29,750.00"
2019-11-11,2019111101006643,NMB,17,34,200,383.00,"76,600.00"
2019-11-11,2019111101006633,NMB,49,34,700,383.00,"268,100.00"
2019-11-11,2019111101006632,NMB,41,34,100,383.00,"38,300.00"
2019-11-11,2019111101006631,NMB,22,34,300,383.00,"114,900.00"
2019-11-11,2019111101006630,NMB,58,34,14,383.00,"5,362.00"
2019-11-11,2019111101006629,NMB,46,34,30,385.00,"11,550.00"
2019-11-11,2019111101006167,NMB,49,49,60,388.00,"23,280.00"
2019-11-11,2019111101006163,NMB,25,49,500,388.00,"194,000.00"
2019-11-11,2019111101006265,NMB,39,35,50,387.00,"19,350.00"
2019-11-11,2019111101006264,NMB,55,35,418,387.00,"161,766.00"
2019-11-11,2019111101006262,NMB,26,49,199,388.00,"77,212.00"
2019-11-11,2019111101006247,NMB,55,34,"1,000",387.00,"387,000.00"
2019-11-11,2019111101006234,NMB,32,49,100,388.00,"38,800.00"
2019-11-11,2019111101006210,NMB,25,49,100,388.00,"38,800.00"
2019-11-11,2019111101006299,NMB,57,37,11,386.00,"4,246.00"
2019-11-11,2019111101006287,NMB,26,43,50,387.00,"19,350.00"
2019-11-11,2019111101006286,NMB,57,43,68,387.00,"26,316.00"
2019-11-11,2019111101006274,NMB,57,25,400,387.00,"154,800.00"
2019-11-11,2019111101006273,NMB,41,25,100,387.00,"38,700.00"
2019-11-11,2019111101006266,NMB,57,35,32,387.00,"12,384.00"
2019-11-11,2019111101006372,NMB,28,58,600,386.00,"231,600.00"
2019-11-11,2019111101006371,NMB,35,58,500,386.00,"193,000.00"
2019-11-11,2019111101006370,NMB,6,58,100,386.00,"38,600.00"
2019-11-11,2019111101006369,NMB,57,58,67,386.00,"25,862.00"
2019-11-11,2019111101006357,NMB,57,43,100,386.00,"38,600.00"
2019-11-11,2019111101006310,NMB,6,43,200,387.00,"77,400.00"
2019-11-11,2019111101006452,NMB,41,57,100,386.00,"38,600.00"
2019-11-11,2019111101006420,NMB,51,43,327,387.00,"126,549.00"
2019-11-11,2019111101006386,NMB,5,43,50,387.00,"19,350.00"
2019-11-11,2019111101006375,NMB,51,58,673,386.00,"259,778.00"
2019-11-11,2019111101006374,NMB,16,58,10,386.00,"3,860.00"
2019-11-11,2019111101006373,NMB,34,58,50,386.00,"19,300.00"
2019-11-11,2019111101006489,NMB,45,57,500,385.00,"192,500.00"
2019-11-11,2019111101006488,NMB,45,57,555,385.00,"213,675.00"
2019-11-11,2019111101006472,NMB,45,43,37,385.00,"14,245.00"
2019-11-11,2019111101006455,NMB,29,57,200,386.00,"77,200.00"
2019-11-11,2019111101006454,NMB,22,57,200,386.00,"77,200.00"
2019-11-11,2019111101006453,NMB,26,57,200,386.00,"77,200.00"
2019-11-11,2019111101006495,NMB,16,57,50,385.00,"19,250.00"
2019-11-11,2019111101006494,NMB,34,57,200,385.00,"77,000.00"
2019-11-11,2019111101006493,NMB,39,57,500,385.00,"192,500.00"
2019-11-11,2019111101006492,NMB,42,57,500,385.00,"192,500.00"
2019-11-11,2019111101006491,NMB,46,57,"2,000",385.00,"770,000.00"
2019-11-11,2019111101006490,NMB,44,57,100,385.00,"38,500.00"
2019-11-11,2019111101006536,NMB,29,59,10,384.00,"3,840.00"
2019-11-11,2019111101006527,NMB,32,57,100,385.00,"38,500.00"
2019-11-11,2019111101006499,NMB,41,57,300,385.00,"115,500.00"
2019-11-11,2019111101006498,NMB,55,57,"2,000",385.00,"770,000.00"
2019-11-11,2019111101006497,NMB,54,57,100,385.00,"38,500.00"
2019-11-11,2019111101006496,NMB,58,57,25,385.00,"9,625.00"
2019-11-11,2019111101006545,NMB,49,32,500,384.00,"192,000.00"
2019-11-11,2019111101006544,NMB,41,32,100,384.00,"38,400.00"
2019-11-11,2019111101006543,NMB,32,32,200,384.00,"76,800.00"
2019-11-11,2019111101006542,NMB,29,32,40,384.00,"15,360.00"
2019-11-11,2019111101006539,NMB,29,40,60,384.00,"23,040.00"
2019-11-11,2019111101006538,NMB,29,40,90,384.00,"34,560.00"
2019-11-11,2019111101006559,NMB,38,57,300,383.00,"114,900.00"
2019-11-11,2019111101006558,NMB,5,57,45,383.00,"17,235.00"
2019-11-11,2019111101006557,NMB,16,57,"3,000",383.00,"1,149,000.00"
2019-11-11,2019111101006556,NMB,29,57,100,383.00,"38,300.00"
2019-11-11,2019111101006555,NMB,42,57,340,384.00,"130,560.00"
2019-11-11,2019111101006548,NMB,42,32,160,384.00,"61,440.00"
2019-11-11,2019111101006615,NMB,46,57,70,385.00,"26,950.00"
2019-11-11,2019111101006579,NMB,58,57,11,383.00,"4,213.00"
2019-11-11,2019111101006575,NMB,45,57,300,383.00,"114,900.00"
2019-11-11,2019111101006562,NMB,25,57,50,383.00,"19,150.00"
2019-11-11,2019111101006561,NMB,39,57,100,383.00,"38,300.00"
2019-11-11,2019111101006560,NMB,56,57,54,383.00,"20,682.00"
2019-11-11,2019111101006594,NMBHF1,5,43,"2,000",8.55,"17,100.00"
2019-11-11,2019111101006584,NMFBS,6,47,18,"1,760.00","31,680.00"
2019-11-11,2019111101006578,NMFBS,6,39,15,"1,760.00","26,400.00"
2019-11-11,2019111101006500,NMFBS,6,47,15,"1,760.00","26,400.00"
2019-11-11,2019111101006461,NMFBS,6,47,22,"1,760.00","38,720.00"
2019-11-11,2019111101006416,NMFBS,6,48,10,"1,760.00","17,600.00"
2019-11-11,2019111101006401,NMFBS,6,16,10,"1,760.00","17,600.00"
2019-11-11,2019111101006400,NMFBS,6,16,10,"1,750.00","17,500.00"
2019-11-11,2019111101006587,NNLB,40,58,20,490.00,"9,800.00"
2019-11-11,2019111101006404,NNLB,7,37,38,486.00,"18,468.00"
2019-11-11,2019111101006396,NNLB,7,39,50,486.00,"24,300.00"
2019-11-11,2019111101006391,NNLB,7,1,200,486.00,"97,200.00"
2019-11-11,2019111101006346,NNLB,21,57,50,487.00,"24,350.00"
2019-11-11,2019111101006509,NTC,19,59,200,618.00,"123,600.00"
2019-11-11,2019111101006156,NTC,10,33,20,620.00,"12,400.00"
2019-11-11,2019111101006155,NTC,10,44,490,620.00,"303,800.00"
2019-11-11,2019111101006642,NUBL,58,28,10,910.00,"9,100.00"
2019-11-11,2019111101006628,NUBL,38,4,400,899.00,"359,600.00"
2019-11-11,2019111101006624,NUBL,58,4,100,899.00,"89,900.00"
2019-11-11,2019111101006379,NUBL,58,28,50,910.00,"45,500.00"
2019-11-11,2019111101006160,NUBL,34,28,200,900.00,"180,000.00"
2019-11-11,2019111101006159,NUBL,58,28,100,901.00,"90,100.00"
2019-11-11,2019111101006402,OHL,34,56,50,464.00,"23,200.00"
2019-11-11,2019111101006425,OHL,17,56,100,456.00,"45,600.00"
2019-11-11,2019111101006476,OHL,7,56,25,449.00,"11,225.00"
2019-11-11,2019111101006458,OHL,17,56,300,449.00,"134,700.00"
2019-11-11,2019111101006457,OHL,5,56,100,450.00,"45,000.00"
2019-11-11,2019111101006568,PCBL,52,47,10,269.00,"2,690.00"
2019-11-11,2019111101006434,PCBL,44,13,"1,572",267.00,"419,724.00"
2019-11-11,2019111101006390,PCBL,44,6,116,267.00,"30,972.00"
2019-11-11,2019111101006360,PCBL,52,13,418,268.00,"112,024.00"
2019-11-11,2019111101006359,PCBL,52,26,32,268.00,"8,576.00"
2019-11-11,2019111101006289,PCBL,52,13,10,268.00,"2,680.00"
2019-11-11,2019111101006280,PCBL,44,8,86,267.00,"22,962.00"
2019-11-11,2019111101006279,PCBL,57,8,14,267.00,"3,738.00"
2019-11-11,2019111101006620,PIC,18,22,100,362.00,"36,200.00"
2019-11-11,2019111101006324,PMHPL,51,58,10,89.00,890.00
2019-11-11,2019111101006397,PPCL,42,52,20,93.00,"1,860.00"
2019-11-11,2019111101006382,PPCL,45,41,20,94.00,"1,880.00"
2019-11-11,2019111101006381,PPCL,45,6,10,94.00,940.00
2019-11-11,2019111101006257,PPCL,42,51,20,93.00,"1,860.00"
2019-11-11,2019111101006295,PRIN,57,41,50,315.00,"15,750.00"
2019-11-11,2019111101006644,PRVU,36,44,500,267.00,"133,500.00"
2019-11-11,2019111101006641,PRVU,48,44,500,267.00,"133,500.00"
2019-11-11,2019111101006602,PRVU,22,44,21,267.00,"5,607.00"
2019-11-11,2019111101006601,PRVU,22,58,479,267.00,"127,893.00"
2019-11-11,2019111101006600,PRVU,36,58,521,267.00,"139,107.00"
2019-11-11,2019111101006599,PRVU,36,33,179,267.00,"47,793.00"
2019-11-11,2019111101006207,PRVU,5,45,129,267.00,"34,443.00"
2019-11-11,2019111101006206,PRVU,5,45,"1,000",267.00,"267,000.00"
2019-11-11,2019111101006205,PRVU,37,45,370,267.00,"98,790.00"
2019-11-11,2019111101006204,PRVU,13,45,501,267.00,"133,767.00"
2019-11-11,2019111101006177,PRVU,13,40,302,267.00,"80,634.00"
2019-11-11,2019111101006169,PRVU,49,28,80,268.00,"21,440.00"
2019-11-11,2019111101006237,PRVU,57,45,250,267.00,"66,750.00"
2019-11-11,2019111101006236,PRVU,56,45,200,267.00,"53,400.00"
2019-11-11,2019111101006235,PRVU,5,45,115,267.00,"30,705.00"
2019-11-11,2019111101006229,PRVU,52,28,100,268.00,"26,800.00"
2019-11-11,2019111101006228,PRVU,5,21,756,267.00,"201,852.00"
2019-11-11,2019111101006225,PRVU,58,28,100,268.00,"26,800.00"
2019-11-11,2019111101006243,PRVU,32,8,59,267.00,"15,753.00"
2019-11-11,2019111101006242,PRVU,43,8,41,267.00,"10,947.00"
2019-11-11,2019111101006241,PRVU,43,45,"1,135",267.00,"303,045.00"
2019-11-11,2019111101006240,PRVU,11,45,100,267.00,"26,700.00"
2019-11-11,2019111101006239,PRVU,5,45,"1,000",267.00,"267,000.00"
2019-11-11,2019111101006238,PRVU,57,45,200,267.00,"53,400.00"
2019-11-11,2019111101006319,PRVU,57,28,200,268.00,"53,600.00"
2019-11-11,2019111101006267,PRVU,32,33,200,267.00,"53,400.00"
2019-11-11,2019111101006261,PRVU,29,28,100,268.00,"26,800.00"
2019-11-11,2019111101006251,PRVU,10,28,155,268.00,"41,540.00"
2019-11-11,2019111101006250,PRVU,57,28,10,268.00,"2,680.00"
2019-11-11,2019111101006406,PRVU,49,43,"1,652",267.00,"441,084.00"
2019-11-11,2019111101006363,PRVU,49,57,65,267.00,"17,355.00"
2019-11-11,2019111101006362,PRVU,59,57,250,267.00,"66,750.00"
2019-11-11,2019111101006361,PRVU,32,57,41,267.00,"10,947.00"
2019-11-11,2019111101006323,PRVU,38,28,100,268.00,"26,800.00"
2019-11-11,2019111101006412,PRVU,45,43,100,267.00,"26,700.00"
2019-11-11,2019111101006411,PRVU,22,43,300,267.00,"80,100.00"
2019-11-11,2019111101006410,PRVU,43,43,"1,000",267.00,"267,000.00"
2019-11-11,2019111101006409,PRVU,45,43,"1,400",267.00,"373,800.00"
2019-11-11,2019111101006408,PRVU,5,43,"1,000",267.00,"267,000.00"
2019-11-11,2019111101006407,PRVU,5,43,"1,000",267.00,"267,000.00"
2019-11-11,2019111101006430,PRVU,42,43,600,267.00,"160,200.00"
2019-11-11,2019111101006423,PRVU,5,43,"1,000",267.00,"267,000.00"
2019-11-11,2019111101006415,PRVU,44,43,500,267.00,"133,500.00"
2019-11-11,2019111101006414,PRVU,52,43,30,267.00,"8,010.00"
2019-11-11,2019111101006413,PRVU,44,43,500,267.00,"133,500.00"
2019-11-11,2019111101006451,PRVU,34,43,16,267.00,"4,272.00"
2019-11-11,2019111101006440,PRVU,44,43,300,267.00,"80,100.00"
2019-11-11,2019111101006437,PRVU,26,43,100,267.00,"26,700.00"
2019-11-11,2019111101006567,PRVU,5,19,500,267.00,"133,500.00"
2019-11-11,2019111101006566,PRVU,5,25,500,267.00,"133,500.00"
2019-11-11,2019111101006546,PRVU,59,16,200,266.00,"53,200.00"
2019-11-11,2019111101006528,PRVU,34,52,500,266.00,"133,000.00"
2019-11-11,2019111101006508,PRVU,51,19,421,267.00,"112,407.00"
2019-11-11,2019111101006507,PRVU,51,43,79,267.00,"21,093.00"
2019-11-11,2019111101006597,PRVU,13,33,200,267.00,"53,400.00"
2019-11-11,2019111101006596,PRVU,5,33,621,267.00,"165,807.00"
2019-11-11,2019111101006595,PRVU,5,19,379,267.00,"101,193.00"
2019-11-11,2019111101006590,PRVU,25,19,200,267.00,"53,400.00"
2019-11-11,2019111101006589,PRVU,22,19,500,267.00,"133,500.00"
2019-11-11,2019111101006585,PRVU,59,6,151,266.00,"40,166.00"
2019-11-11,2019111101006301,RBCL,11,37,15,"8,200.00","123,000.00"
2019-11-11,2019111101006222,RBCL,11,25,20,"8,200.00","164,000.00"
2019-11-11,2019111101006221,RBCL,41,25,10,"8,201.00","82,010.00"
2019-11-11,2019111101006220,RBCL,22,25,10,"8,202.00","82,020.00"
2019-11-11,2019111101006211,RBCL,40,25,10,"8,247.00","82,470.00"
2019-11-11,2019111101006436,RBCLPO,32,34,10,"7,397.00","73,970.00"
2019-11-11,2019111101006354,RBCLPO,11,37,20,"7,265.00","145,300.00"
2019-11-11,2019111101006639,RHPL,59,16,20,170.00,"3,400.00"
2019-11-11,2019111101006635,RHPL,59,45,40,170.00,"6,800.00"
2019-11-11,2019111101006551,RHPL,59,1,300,170.00,"51,000.00"
2019-11-11,2019111101006487,RHPL,59,45,10,170.00,"1,700.00"
2019-11-11,2019111101006486,RHPL,59,45,30,170.00,"5,100.00"
2019-11-11,2019111101006459,RHPL,59,45,40,170.00,"6,800.00"
2019-11-11,2019111101006157,RHPL,59,13,20,170.00,"3,400.00"
2019-11-11,2019111101006202,RHPL,59,13,40,170.00,"6,800.00"
2019-11-11,2019111101006194,RHPL,59,13,40,170.00,"6,800.00"
2019-11-11,2019111101006180,RHPL,59,13,40,170.00,"6,800.00"
2019-11-11,2019111101006174,RHPL,59,13,40,170.00,"6,800.00"
2019-11-11,2019111101006162,RHPL,59,26,20,170.00,"3,400.00"
2019-11-11,2019111101006158,RHPL,59,13,20,170.00,"3,400.00"
2019-11-11,2019111101006392,RHPL,59,45,40,170.00,"6,800.00"
2019-11-11,2019111101006380,RHPL,59,45,40,170.00,"6,800.00"
2019-11-11,2019111101006353,RHPL,59,45,40,170.00,"6,800.00"
2019-11-11,2019111101006254,RHPL,59,45,40,170.00,"6,800.00"
2019-11-11,2019111101006233,RHPL,59,57,40,170.00,"6,800.00"
2019-11-11,2019111101006209,RHPL,59,44,30,170.00,"5,100.00"
2019-11-11,2019111101006170,RLFL,26,39,112,110.00,"12,320.00"
2019-11-11,2019111101006619,RRHP,22,47,10,102.00,"1,020.00"
2019-11-11,2019111101006618,RRHP,22,57,10,101.00,"1,010.00"
2019-11-11,2019111101006617,RRHP,22,41,10,101.00,"1,010.00"
2019-11-11,2019111101006609,SANIMA,14,49,132,308.00,"40,656.00"
2019-11-11,2019111101006608,SANIMA,56,49,200,309.00,"61,800.00"
2019-11-11,2019111101006607,SANIMA,33,49,500,309.00,"154,500.00"
2019-11-11,2019111101006606,SANIMA,28,49,50,309.00,"15,450.00"
2019-11-11,2019111101006605,SANIMA,41,49,200,309.00,"61,800.00"
2019-11-11,2019111101006604,SANIMA,56,49,48,309.00,"14,832.00"
2019-11-11,2019111101006603,SANIMA,51,49,50,309.00,"15,450.00"
2019-11-11,2019111101006399,SBL,14,32,20,294.00,"5,880.00"
2019-11-11,2019111101006398,SBL,14,21,50,294.00,"14,700.00"
2019-11-11,2019111101006345,SBL,33,37,100,292.00,"29,200.00"
2019-11-11,2019111101006342,SBL,33,48,250,292.00,"73,000.00"
2019-11-11,2019111101006291,SBL,33,41,117,292.00,"34,164.00"
2019-11-11,2019111101006554,SDESI,46,25,10,658.00,"6,580.00"
2019-11-11,2019111101006422,SHINE,28,28,975,256.00,"249,600.00"
2019-11-11,2019111101006645,SHIVM,48,39,10,495.00,"4,950.00"
2019-11-11,2019111101006636,SHIVM,7,34,150,493.00,"73,950.00"
2019-11-11,2019111101006564,SHIVM,7,14,130,493.00,"64,090.00"
2019-11-11,2019111101006337,SHIVM,59,56,500,492.00,"246,000.00"
2019-11-11,2019111101006283,SHIVM,34,34,200,493.00,"98,600.00"
2019-11-11,2019111101006259,SHIVM,34,34,300,493.00,"147,900.00"
2019-11-11,2019111101006598,SHL,26,59,100,209.00,"20,900.00"
2019-11-11,2019111101006622,SHPC,16,34,100,190.00,"19,000.00"
2019-11-11,2019111101006621,SHPC,52,58,"1,000",190.00,"190,000.00"
2019-11-11,2019111101006593,SIC,53,52,30,465.00,"13,950.00"
2019-11-11,2019111101006268,SIC,25,52,10,465.00,"4,650.00"
2019-11-11,2019111101006175,SICL,44,41,630,736.00,"463,680.00"
2019-11-11,2019111101006151,SICL,1,41,100,737.00,"73,700.00"
2019-11-11,2019111101006150,SICL,57,41,50,737.00,"36,850.00"
2019-11-11,2019111101006535,SJCL,35,4,10,168.00,"1,680.00"
2019-11-11,2019111101006520,SJCL,35,26,20,167.00,"3,340.00"
2019-11-11,2019111101006519,SJCL,35,22,20,167.00,"3,340.00"
2019-11-11,2019111101006518,SJCL,35,22,10,167.00,"1,670.00"
2019-11-11,2019111101006517,SJCL,35,22,20,167.00,"3,340.00"
2019-11-11,2019111101006516,SJCL,35,45,20,167.00,"3,340.00"
2019-11-11,2019111101006182,SJCL,35,10,210,165.00,"34,650.00"
2019-11-11,2019111101006176,SJCL,35,44,20,165.00,"3,300.00"
2019-11-11,2019111101006366,SJCL,58,45,20,164.00,"3,280.00"
2019-11-11,2019111101006355,SJCL,58,45,20,164.00,"3,280.00"
2019-11-11,2019111101006258,SJCL,58,45,20,164.00,"3,280.00"
2019-11-11,2019111101006248,SJCL,58,57,20,164.00,"3,280.00"
2019-11-11,2019111101006219,SJCL,58,44,20,164.00,"3,280.00"
2019-11-11,2019111101006183,SJCL,35,10,"1,200",165.00,"198,000.00"
2019-11-11,2019111101006427,SJCL,58,45,20,164.00,"3,280.00"
2019-11-11,2019111101006395,SJCL,58,45,20,164.00,"3,280.00"
2019-11-11,2019111101006515,SJCL,35,22,10,167.00,"1,670.00"
2019-11-11,2019111101006514,SJCL,35,58,100,166.00,"16,600.00"
2019-11-11,2019111101006513,SJCL,35,26,20,166.00,"3,320.00"
2019-11-11,2019111101006510,SJCL,58,45,20,164.00,"3,280.00"
2019-11-11,2019111101006465,SKBBL,42,44,100,945.00,"94,500.00"
2019-11-11,2019111101006384,SKBBL,47,22,100,942.00,"94,200.00"
2019-11-11,2019111101006383,SKBBL,55,22,100,943.00,"94,300.00"
2019-11-11,2019111101006352,SLBBL,58,29,10,615.00,"6,150.00"
2019-11-11,2019111101006224,SLBBL,45,45,10,603.00,"6,030.00"
2019-11-11,2019111101006188,SLBBL,50,25,50,610.00,"30,500.00"
2019-11-11,2019111101006306,SLBSL,14,37,10,744.00,"7,440.00"
2019-11-11,2019111101006305,SLBSL,14,22,10,734.00,"7,340.00"
2019-11-11,2019111101006304,SLBSL,14,42,10,732.00,"7,320.00"
2019-11-11,2019111101006303,SLBSL,14,18,44,730.00,"32,120.00"
2019-11-11,2019111101006193,SLBSL,55,18,195,730.00,"142,350.00"
2019-11-11,2019111101006192,SLBSL,55,18,50,729.00,"36,450.00"
2019-11-11,2019111101006191,SLBSL,55,42,10,727.00,"7,270.00"
2019-11-11,2019111101006190,SLBSL,55,53,10,726.00,"7,260.00"
2019-11-11,2019111101006189,SLBSL,55,47,35,725.00,"25,375.00"
2019-11-11,2019111101006438,SLICL,29,52,600,261.00,"156,600.00"
2019-11-11,2019111101006358,SLICL,29,22,300,261.00,"78,300.00"
2019-11-11,2019111101006296,SLICL,29,4,400,257.00,"102,800.00"
2019-11-11,2019111101006501,SMB,40,39,10,446.00,"4,460.00"
2019-11-11,2019111101006441,SMFDB,26,50,50,535.00,"26,750.00"
2019-11-11,2019111101006198,SMFDB,26,52,80,535.00,"42,800.00"
2019-11-11,2019111101006297,SPDL,29,56,10,76.00,760.00
2019-11-11,2019111101006429,SRBL,21,17,127,212.00,"26,924.00"
2019-11-11,2019111101006428,SRBL,50,17,23,212.00,"4,876.00"
2019-11-11,2019111101006178,SRBL,50,37,37,212.00,"7,844.00"
2019-11-11,2019111101006153,SRBL,50,35,40,212.00,"8,480.00"
2019-11-11,2019111101006611,SWBBL,55,36,10,949.00,"9,490.00"
2019-11-11,2019111101006571,SWBBL,55,6,10,942.00,"9,420.00"
2019-11-11,2019111101006525,SWBBL,55,4,37,932.00,"34,484.00"
2019-11-11,2019111101006524,SWBBL,21,4,100,933.00,"93,300.00"
2019-11-11,2019111101006523,SWBBL,33,4,63,933.00,"58,779.00"
2019-11-11,2019111101006376,UIC,49,35,10,253.00,"2,530.00"
2019-11-11,2019111101006288,UIC,49,35,10,249.00,"2,490.00"
2019-11-11,2019111101006616,UPPER,42,4,300,233.00,"69,900.00"
2019-11-11,2019111101006522,UPPER,25,26,20,235.00,"4,700.00"
2019-11-11,2019111101006521,UPPER,25,39,80,234.00,"18,720.00"
2019-11-11,2019111101006467,UPPER,26,39,20,234.00,"4,680.00"
2019-11-11,2019111101006466,UPPER,26,49,80,234.00,"18,720.00"
2019-11-11,2019111101006424,UPPER,25,49,20,234.00,"4,680.00"
2019-11-11,2019111101006184,UPPER,4,57,50,232.00,"11,600.00"
2019-11-11,2019111101006586,VLBS,45,33,80,604.00,"48,320.00"
2019-11-11,2019111101006565,VLBS,45,32,20,604.00,"12,080.00"
2019-11-11,2019111101006309,VLBS,7,6,100,606.00,"60,600.00"
2019-11-11,2019111101005976,ADBL,14,35,141,420.00,"59,220.00"
2019-11-11,2019111101005975,ADBL,14,44,111,420.00,"46,620.00"
2019-11-11,2019111101005973,ADBL,14,22,48,420.00,"20,160.00"
2019-11-11,2019111101005972,ADBL,14,22,140,420.00,"58,800.00"
2019-11-11,2019111101005768,ADBL,11,3,50,420.00,"21,000.00"
2019-11-11,2019111101005706,AKJCL,22,37,10,58.00,580.00
2019-11-11,2019111101005712,AKPL,45,25,10,129.00,"1,290.00"
2019-11-11,2019111101006044,ALBSL,38,29,40,403.00,"16,120.00"
2019-11-11,2019111101005772,ALBSL,38,58,250,409.00,"102,250.00"
2019-11-11,2019111101005771,ALBSL,38,47,40,409.00,"16,360.00"
2019-11-11,2019111101005770,ALBSL,38,56,10,408.00,"4,080.00"
2019-11-11,2019111101005874,BOKL,8,8,"1,094",226.00,"247,244.00"
2019-11-11,2019111101005811,BOKL,49,49,"1,817",224.00,"407,008.00"
2019-11-11,2019111101005805,BOKL,57,7,300,226.00,"67,800.00"
2019-11-11,2019111101005891,BPCL,50,33,100,362.00,"36,200.00"
2019-11-11,2019111101005890,BPCL,6,33,80,362.00,"28,960.00"
2019-11-11,2019111101005942,CBBL,47,37,50,980.00,"49,000.00"
2019-11-11,2019111101005924,CBBL,47,44,48,980.00,"47,040.00"
2019-11-11,2019111101005863,CBBL,43,4,20,973.00,"19,460.00"
2019-11-11,2019111101005862,CBBL,45,4,100,975.00,"97,500.00"
2019-11-11,2019111101005743,CBBL,42,44,30,980.00,"29,400.00"
2019-11-11,2019111101006033,CBL,8,41,580,140.00,"81,200.00"
2019-11-11,2019111101006032,CBL,29,41,300,140.00,"42,000.00"
2019-11-11,2019111101006031,CBL,3,41,120,140.00,"16,800.00"
2019-11-11,2019111101005711,CBL,3,29,80,140.00,"11,200.00"
2019-11-11,2019111101005689,CBL,40,4,178,141.00,"25,098.00"
2019-11-11,2019111101005738,CCBL,14,35,107,156.00,"16,692.00"
2019-11-11,2019111101005658,CCBL,14,47,200,156.00,"31,200.00"
2019-11-11,2019111101006140,CHCL,52,19,400,453.00,"181,200.00"
2019-11-11,2019111101006124,CHCL,52,52,50,452.00,"22,600.00"
2019-11-11,2019111101006123,CHCL,52,22,500,452.00,"226,000.00"
2019-11-11,2019111101006122,CHCL,52,56,250,452.00,"113,000.00"
2019-11-11,2019111101006112,CHCL,52,56,874,450.00,"393,300.00"
2019-11-11,2019111101006111,CHCL,22,56,"1,126",450.00,"506,700.00"
2019-11-11,2019111101006104,CHCL,22,22,74,450.00,"33,300.00"
2019-11-11,2019111101006103,CHCL,19,22,26,450.00,"11,700.00"
2019-11-11,2019111101006055,CHCL,19,44,50,450.00,"22,500.00"
2019-11-11,2019111101005992,CHCL,52,22,100,451.00,"45,100.00"
2019-11-11,2019111101005946,CHCL,19,56,150,452.00,"67,800.00"
2019-11-11,2019111101005864,CHCL,34,56,100,452.00,"45,200.00"
2019-11-11,2019111101005820,CHL,58,14,34,79.00,"2,686.00"
2019-11-11,2019111101005994,CIT,11,44,20,"1,775.00","35,500.00"
2019-11-11,2019111101006024,CZBIL,52,44,118,191.00,"22,538.00"
2019-11-11,2019111101005675,DBBL,46,29,86,126.00,"10,836.00"
2019-11-11,2019111101005662,DBBL,46,22,14,126.00,"1,764.00"
2019-11-11,2019111101006077,EBL,48,58,60,556.00,"33,360.00"
2019-11-11,2019111101006076,EBL,26,58,50,556.00,"27,800.00"
2019-11-11,2019111101006075,EBL,34,58,13,558.00,"7,254.00"
2019-11-11,2019111101006074,EBL,44,58,100,558.00,"55,800.00"
2019-11-11,2019111101006073,EBL,59,58,100,559.00,"55,900.00"
2019-11-11,2019111101006072,EBL,22,58,100,559.00,"55,900.00"
2019-11-11,2019111101006020,EBL,22,47,36,559.00,"20,124.00"
2019-11-11,2019111101005694,EBL,45,45,10,561.00,"5,610.00"
2019-11-11,2019111101005878,EIC,5,36,42,222.00,"9,324.00"
2019-11-11,2019111101005787,FOWAD,51,44,120,"1,350.00","162,000.00"
2019-11-11,2019111101006043,GBBL,47,4,200,221.00,"44,200.00"
2019-11-11,2019111101005977,GBBL,16,4,50,221.00,"11,050.00"
2019-11-11,2019111101005915,GBBL,28,13,247,222.00,"54,834.00"
2019-11-11,2019111101005871,GBBL,28,4,"1,000",222.00,"222,000.00"
2019-11-11,2019111101005740,GBBL,28,59,106,222.00,"23,532.00"
2019-11-11,2019111101005739,GBBL,28,22,147,222.00,"32,634.00"
2019-11-11,2019111101005762,GBLBS,56,32,25,315.00,"7,875.00"
2019-11-11,2019111101005672,GBLBS,56,40,50,316.00,"15,800.00"
2019-11-11,2019111101005659,GBLBS,56,36,"1,134",313.00,"354,942.00"
2019-11-11,2019111101005774,GLICL,19,56,91,363.00,"33,033.00"
2019-11-11,2019111101005773,GLICL,19,54,38,363.00,"13,794.00"
2019-11-11,2019111101006088,GMFBS,16,10,80,472.00,"37,760.00"
2019-11-11,2019111101006071,GMFBS,16,47,10,472.00,"4,720.00"
2019-11-11,2019111101006046,GMFBS,16,56,40,472.00,"18,880.00"
2019-11-11,2019111101006034,GMFBS,16,10,140,473.00,"66,220.00"
2019-11-11,2019111101006017,GMFBS,16,56,50,473.00,"23,650.00"
2019-11-11,2019111101006011,GMFBS,16,32,100,473.00,"47,300.00"
2019-11-11,2019111101005788,GMFBS,16,11,10,473.00,"4,730.00"
2019-11-11,2019111101005685,GRDBL,39,57,155,103.00,"15,965.00"
2019-11-11,2019111101006025,HBL,51,5,200,485.00,"97,000.00"
2019-11-11,2019111101005925,HBL,16,5,300,485.00,"145,500.00"
2019-11-11,2019111101005839,HBL,8,5,309,485.00,"149,865.00"
2019-11-11,2019111101005709,HGI,11,46,16,265.00,"4,240.00"
2019-11-11,2019111101005848,HIDCL,51,41,974,134.00,"130,516.00"
2019-11-11,2019111101005812,HIDCL,51,28,13,134.00,"1,742.00"
2019-11-11,2019111101005780,HIDCL,51,28,13,134.00,"1,742.00"
2019-11-11,2019111101005671,HURJA,13,33,20,102.00,"2,040.00"
2019-11-11,2019111101005670,HURJA,13,58,20,102.00,"2,040.00"
2019-11-11,2019111101005873,IGI,11,26,28,297.00,"8,316.00"
2019-11-11,2019111101005968,ILBS,21,11,10,477.00,"4,770.00"
2019-11-11,2019111101005708,ILBS,7,6,120,485.00,"58,200.00"
2019-11-11,2019111101005916,JBBL,47,13,200,158.00,"31,600.00"
2019-11-11,2019111101006114,JFL,57,3,77,195.00,"15,015.00"
2019-11-11,2019111101006098,JOSHI,33,25,20,59.00,"1,180.00"
2019-11-11,2019111101006097,JOSHI,33,39,20,59.00,"1,180.00"
2019-11-11,2019111101006096,JOSHI,33,39,20,59.00,"1,180.00"
2019-11-11,2019111101006095,JOSHI,33,39,20,59.00,"1,180.00"
2019-11-11,2019111101005815,KADBL,40,45,19,167.00,"3,173.00"
2019-11-11,2019111101005814,KADBL,38,45,500,168.00,"84,000.00"
2019-11-11,2019111101005930,KBL,54,17,758,184.00,"139,472.00"
2019-11-11,2019111101005763,KBL,36,8,98,184.00,"18,032.00"
2019-11-11,2019111101005736,KBL,58,8,102,184.00,"18,768.00"
2019-11-11,2019111101005735,KBL,58,44,"1,000",184.00,"184,000.00"
2019-11-11,2019111101005734,KBL,58,10,398,184.00,"73,232.00"
2019-11-11,2019111101005726,KBL,19,10,100,184.00,"18,400.00"
2019-11-11,2019111101005710,KBL,50,8,300,183.00,"54,900.00"
2019-11-11,2019111101005935,KRBL,34,17,379,99.00,"37,521.00"
2019-11-11,2019111101005934,KRBL,49,17,15,99.00,"1,485.00"
2019-11-11,2019111101005933,KRBL,21,17,40,99.00,"3,960.00"
2019-11-11,2019111101005932,KRBL,1,17,30,100.00,"3,000.00"
2019-11-11,2019111101005831,KSBBL,10,45,50,143.00,"7,150.00"
2019-11-11,2019111101005883,LBBL,16,22,32,173.00,"5,536.00"
2019-11-11,2019111101006010,LBL,46,43,479,219.00,"104,901.00"
2019-11-11,2019111101005737,LBL,43,28,"1,000",220.00,"220,000.00"
2019-11-11,2019111101005851,LGIL,21,36,100,323.00,"32,300.00"
2019-11-11,2019111101005731,LGIL,53,36,10,323.00,"3,230.00"
2019-11-11,2019111101005653,LICN,25,10,10,998.00,"9,980.00"
2019-11-11,2019111101006081,LLBS,7,25,40,696.00,"27,840.00"
2019-11-11,2019111101005920,LVF1,11,22,"2,000",9.16,"18,320.00"
2019-11-11,2019111101005687,MBL,20,14,50,234.00,"11,700.00"
2019-11-11,2019111101006057,MEGA,28,36,831,187.00,"155,397.00"
2019-11-11,2019111101006056,MEGA,41,36,169,187.00,"31,603.00"
2019-11-11,2019111101005777,MEGA,49,37,50,188.00,"9,400.00"
2019-11-11,2019111101005776,MEGA,29,37,100,188.00,"18,800.00"
2019-11-11,2019111101005775,MEGA,33,37,23,188.00,"4,324.00"
2019-11-11,2019111101005741,MEGA,33,6,200,188.00,"37,600.00"
2019-11-11,2019111101005882,MEGA,47,3,111,188.00,"20,868.00"
2019-11-11,2019111101005881,MEGA,47,34,162,188.00,"30,456.00"
2019-11-11,2019111101005880,MEGA,47,37,228,188.00,"42,864.00"
2019-11-11,2019111101005990,MEGA,38,8,411,188.00,"77,268.00"
2019-11-11,2019111101005989,MEGA,38,3,89,188.00,"16,732.00"
2019-11-11,2019111101005967,MEGA,41,37,131,187.00,"24,497.00"
2019-11-11,2019111101005966,MEGA,42,37,500,187.00,"93,500.00"
2019-11-11,2019111101005965,MEGA,1,37,369,187.00,"69,003.00"
2019-11-11,2019111101006110,MERO,6,37,100,435.00,"43,500.00"
2019-11-11,2019111101006070,MERO,21,37,67,435.00,"29,145.00"
2019-11-11,2019111101005886,MERO,41,32,20,436.00,"8,720.00"
2019-11-11,2019111101005885,MERO,6,32,30,437.00,"13,110.00"
2019-11-11,2019111101006013,MLBL,34,54,"4,000",187.00,"748,000.00"
2019-11-11,2019111101005893,MNBBL,47,6,80,319.00,"25,520.00"
2019-11-11,2019111101005892,MNBBL,47,28,80,319.00,"25,520.00"
2019-11-11,2019111101005764,MNBBL,38,45,50,318.00,"15,900.00"
2019-11-11,2019111101005755,MNBBL,51,28,20,319.00,"6,380.00"
2019-11-11,2019111101005733,MNBBL,29,6,99,318.00,"31,482.00"
2019-11-11,2019111101005655,MSLB,40,40,38,897.00,"34,086.00"
2019-11-11,2019111101006147,NABIL,11,58,100,750.00,"75,000.00"
2019-11-11,2019111101006146,NABIL,35,58,170,750.00,"127,500.00"
2019-11-11,2019111101006145,NABIL,22,58,100,750.00,"75,000.00"
2019-11-11,2019111101006144,NABIL,16,58,10,750.00,"7,500.00"
2019-11-11,2019111101006143,NABIL,22,58,130,753.00,"97,890.00"
2019-11-11,2019111101006094,NABIL,22,16,70,753.00,"52,710.00"
2019-11-11,2019111101005679,NABIL,35,16,50,754.00,"37,700.00"
2019-11-11,2019111101005889,NABIL,45,16,20,753.00,"15,060.00"
2019-11-11,2019111101005888,NABIL,34,16,20,753.00,"15,060.00"
2019-11-11,2019111101005855,NABIL,48,35,22,753.00,"16,566.00"
2019-11-11,2019111101005703,NABIL,35,16,10,754.00,"7,540.00"
2019-11-11,2019111101005697,NABIL,16,16,200,753.00,"150,600.00"
2019-11-11,2019111101005696,NABIL,16,16,10,753.00,"7,530.00"
2019-11-11,2019111101005900,NABIL,59,58,100,751.00,"75,100.00"
2019-11-11,2019111101005899,NABIL,49,58,100,751.00,"75,100.00"
2019-11-11,2019111101005898,NABIL,58,58,500,751.00,"375,500.00"
2019-11-11,2019111101005897,NABIL,14,58,10,752.00,"7,520.00"
2019-11-11,2019111101005896,NABIL,14,58,10,752.00,"7,520.00"
2019-11-11,2019111101005895,NABIL,14,58,10,752.00,"7,520.00"
2019-11-11,2019111101005908,NABIL,57,58,160,750.00,"120,000.00"
2019-11-11,2019111101005905,NABIL,57,58,40,750.00,"30,000.00"
2019-11-11,2019111101005904,NABIL,32,58,50,750.00,"37,500.00"
2019-11-11,2019111101005903,NABIL,17,58,170,750.00,"127,500.00"
2019-11-11,2019111101005902,NABIL,25,58,500,750.00,"375,000.00"
2019-11-11,2019111101005901,NABIL,16,58,10,751.00,"7,510.00"
2019-11-11,2019111101005991,NABIL,42,16,10,750.00,"7,500.00"
2019-11-11,2019111101005982,NABIL,28,16,50,753.00,"37,650.00"
2019-11-11,2019111101005912,NABIL,42,58,90,750.00,"67,500.00"
2019-11-11,2019111101005911,NABIL,57,58,100,750.00,"75,000.00"
2019-11-11,2019111101005910,NABIL,59,58,100,750.00,"75,000.00"
2019-11-11,2019111101005909,NABIL,59,58,50,750.00,"37,500.00"
2019-11-11,2019111101005907,NADEP,42,32,30,400.00,"12,000.00"
2019-11-11,2019111101005686,NADEP,45,16,17,404.00,"6,868.00"
2019-11-11,2019111101005998,NBB,46,35,300,206.00,"61,800.00"
2019-11-11,2019111101005997,NBB,28,35,70,208.00,"14,560.00"
2019-11-11,2019111101006091,NBL,1,29,900,309.00,"278,100.00"
2019-11-11,2019111101006090,NBL,1,22,100,309.00,"30,900.00"
2019-11-11,2019111101005652,NBL,25,55,50,309.00,"15,450.00"
2019-11-11,2019111101005651,NBL,25,22,200,309.00,"61,800.00"
2019-11-11,2019111101005650,NBL,25,56,400,309.00,"123,600.00"
2019-11-11,2019111101006131,NCCB,4,36,50,207.00,"10,350.00"
2019-11-11,2019111101006130,NCCB,4,36,50,207.00,"10,350.00"
2019-11-11,2019111101006129,NCCB,4,36,50,207.00,"10,350.00"
2019-11-11,2019111101006128,NCCB,4,36,50,207.00,"10,350.00"
2019-11-11,2019111101006127,NCCB,36,36,35,207.00,"7,245.00"
2019-11-11,2019111101006079,NCCB,36,45,165,207.00,"34,155.00"
2019-11-11,2019111101005919,NCCB,4,44,100,207.00,"20,700.00"
2019-11-11,2019111101005914,NCCB,4,44,50,207.00,"10,350.00"
2019-11-11,2019111101005906,NCCB,4,44,50,207.00,"10,350.00"
2019-11-11,2019111101005887,NCCB,4,44,50,207.00,"10,350.00"
2019-11-11,2019111101005875,NCCB,4,44,50,207.00,"10,350.00"
2019-11-11,2019111101005778,NCCB,49,32,158,206.00,"32,548.00"
2019-11-11,2019111101005961,NCCB,4,44,100,207.00,"20,700.00"
2019-11-11,2019111101005947,NCCB,4,44,50,207.00,"10,350.00"
2019-11-11,2019111101005943,NCCB,4,44,50,207.00,"10,350.00"
2019-11-11,2019111101005941,NCCB,4,44,100,207.00,"20,700.00"
2019-11-11,2019111101005928,NCCB,4,44,100,207.00,"20,700.00"
2019-11-11,2019111101005921,NCCB,4,44,50,207.00,"10,350.00"
2019-11-11,2019111101006006,NCCB,36,11,20,208.00,"4,160.00"
2019-11-11,2019111101005985,NCCB,36,33,200,207.00,"41,400.00"
2019-11-11,2019111101005984,NCCB,36,21,100,207.00,"20,700.00"
2019-11-11,2019111101005978,NCCB,4,21,50,207.00,"10,350.00"
2019-11-11,2019111101005964,NCCB,4,21,50,207.00,"10,350.00"
2019-11-11,2019111101005963,NCCB,4,44,50,207.00,"10,350.00"
2019-11-11,2019111101006069,NIB,38,55,"1,200",444.00,"532,800.00"
2019-11-11,2019111101006068,NIB,17,55,428,444.00,"190,032.00"
2019-11-11,2019111101006067,NIB,17,55,500,444.00,"222,000.00"
2019-11-11,2019111101006066,NIB,17,55,500,444.00,"222,000.00"
2019-11-11,2019111101006065,NIB,17,55,500,444.00,"222,000.00"
2019-11-11,2019111101006064,NIB,35,55,68,444.00,"30,192.00"
2019-11-11,2019111101005806,NIB,6,37,42,447.00,"18,774.00"
2019-11-11,2019111101005716,NIB,3,13,17,447.00,"7,599.00"
2019-11-11,2019111101005665,NIB,46,46,1,439.00,439.00
2019-11-11,2019111101006063,NIB,40,55,200,445.00,"89,000.00"
2019-11-11,2019111101006062,NIB,41,55,10,445.00,"4,450.00"
2019-11-11,2019111101006061,NIB,39,55,23,446.00,"10,258.00"
2019-11-11,2019111101006060,NIB,45,55,394,446.00,"175,724.00"
2019-11-11,2019111101005987,NIB,45,44,32,446.00,"14,272.00"
2019-11-11,2019111101005807,NIB,41,37,300,447.00,"134,100.00"
2019-11-11,2019111101006078,NIBPO,39,4,500,412.00,"206,000.00"
2019-11-11,2019111101005721,NIBPO,34,37,358,413.00,"147,854.00"
2019-11-11,2019111101005690,NIBPO,48,4,"1,000",414.00,"414,000.00"
2019-11-11,2019111101006119,NICA,34,29,35,404.00,"14,140.00"
2019-11-11,2019111101006118,NICA,11,29,218,404.00,"88,072.00"
2019-11-11,2019111101006036,NICA,11,44,59,404.00,"23,836.00"
2019-11-11,2019111101006027,NICA,11,59,"1,223",404.00,"494,092.00"
2019-11-11,2019111101006026,NICA,5,59,777,404.00,"313,908.00"
2019-11-11,2019111101006007,NICA,5,52,223,404.00,"90,092.00"
2019-11-11,2019111101005876,NICA,47,59,125,405.00,"50,625.00"
2019-11-11,2019111101005853,NICA,21,33,100,404.00,"40,400.00"
2019-11-11,2019111101005852,NICA,45,33,100,404.00,"40,400.00"
2019-11-11,2019111101005660,NICA,20,59,350,405.00,"141,750.00"
2019-11-11,2019111101005922,NIL,17,1,369,380.00,"140,220.00"
2019-11-11,2019111101005830,NIL,57,1,30,380.00,"11,400.00"
2019-11-11,2019111101005829,NIL,32,1,131,382.00,"50,042.00"
2019-11-11,2019111101005746,NIL,32,35,149,382.00,"56,918.00"
2019-11-11,2019111101005745,NIL,32,36,300,382.00,"114,600.00"
2019-11-11,2019111101005744,NIL,32,16,20,382.00,"7,640.00"
2019-11-11,2019111101005688,NIL,38,10,100,381.00,"38,100.00"
2019-11-11,2019111101005958,NLIC,34,14,52,790.00,"41,080.00"
2019-11-11,2019111101005957,NLIC,34,39,39,790.00,"30,810.00"
2019-11-11,2019111101005845,NLIC,34,39,200,790.00,"158,000.00"
2019-11-11,2019111101005844,NLIC,56,39,100,790.00,"79,000.00"
2019-11-11,2019111101005843,NLIC,6,39,60,790.00,"47,400.00"
2019-11-11,2019111101005842,NLIC,20,39,187,790.00,"147,730.00"
2019-11-11,2019111101005724,NLIC,20,52,13,790.00,"10,270.00"
2019-11-11,2019111101006086,NLICL,37,45,100,428.00,"42,800.00"
2019-11-11,2019111101006121,NMB,6,49,201,388.00,"77,988.00"
2019-11-11,2019111101006107,NMB,40,39,18,387.00,"6,966.00"
2019-11-11,2019111101006106,NMB,40,50,400,387.00,"154,800.00"
2019-11-11,2019111101006101,NMB,29,39,108,387.00,"41,796.00"
2019-11-11,2019111101006100,NMB,29,5,100,387.00,"38,700.00"
2019-11-11,2019111101006099,NMB,29,49,792,387.00,"306,504.00"
2019-11-11,2019111101005667,NMB,16,55,34,387.00,"13,158.00"
2019-11-11,2019111101005666,NMB,16,33,300,387.00,"116,100.00"
2019-11-11,2019111101005664,NMB,51,44,10,388.00,"3,880.00"
2019-11-11,2019111101005663,NMB,16,39,60,387.00,"23,220.00"
2019-11-11,2019111101005657,NMB,1,44,500,388.00,"194,000.00"
2019-11-11,2019111101005654,NMB,10,44,250,388.00,"97,000.00"
2019-11-11,2019111101005714,NMB,16,39,12,387.00,"4,644.00"
2019-11-11,2019111101005713,NMB,51,5,100,388.00,"38,800.00"
2019-11-11,2019111101005707,NMB,16,39,60,387.00,"23,220.00"
2019-11-11,2019111101005691,NMB,21,5,20,388.00,"7,760.00"
2019-11-11,2019111101005680,NMB,16,36,12,387.00,"4,644.00"
2019-11-11,2019111101005673,NMB,16,7,528,387.00,"204,336.00"
2019-11-11,2019111101005784,NMB,45,57,300,387.00,"116,100.00"
2019-11-11,2019111101005783,NMB,45,13,500,387.00,"193,500.00"
2019-11-11,2019111101005782,NMB,16,13,"1,500",387.00,"580,500.00"
2019-11-11,2019111101005781,NMB,16,44,19,387.00,"7,353.00"
2019-11-11,2019111101005766,NMB,34,43,20,388.00,"7,760.00"
2019-11-11,2019111101005765,NMB,34,5,60,388.00,"23,280.00"
2019-11-11,2019111101005822,NMB,50,22,400,388.00,"155,200.00"
2019-11-11,2019111101005821,NMB,50,43,480,388.00,"186,240.00"
2019-11-11,2019111101005809,NMB,43,35,462,387.00,"178,794.00"
2019-11-11,2019111101005808,NMB,29,35,170,387.00,"65,790.00"
2019-11-11,2019111101005786,NMB,29,50,12,387.00,"4,644.00"
2019-11-11,2019111101005785,NMB,29,57,318,387.00,"123,066.00"
2019-11-11,2019111101005834,NMB,21,26,50,387.00,"19,350.00"
2019-11-11,2019111101005833,NMB,43,26,28,387.00,"10,836.00"
2019-11-11,2019111101005827,NMB,26,49,10,388.00,"3,880.00"
2019-11-11,2019111101005825,NMB,50,49,830,388.00,"322,040.00"
2019-11-11,2019111101005824,NMB,50,59,200,388.00,"77,600.00"
2019-11-11,2019111101005823,NMB,50,41,90,388.00,"34,920.00"
2019-11-11,2019111101005859,NMB,50,49,334,387.00,"129,258.00"
2019-11-11,2019111101005854,NMB,50,41,307,387.00,"118,809.00"
2019-11-11,2019111101005846,NMB,50,46,500,387.00,"193,500.00"
2019-11-11,2019111101005840,NMB,50,38,300,387.00,"116,100.00"
2019-11-11,2019111101005836,NMB,50,26,559,387.00,"216,333.00"
2019-11-11,2019111101005835,NMB,43,26,40,387.00,"15,480.00"
2019-11-11,2019111101005929,NMB,57,34,101,386.00,"38,986.00"
2019-11-11,2019111101005923,NMB,39,49,100,387.00,"38,700.00"
2019-11-11,2019111101005879,NMB,57,39,12,386.00,"4,632.00"
2019-11-11,2019111101005877,NMB,57,39,209,386.00,"80,674.00"
2019-11-11,2019111101005870,NMB,49,49,250,387.00,"96,750.00"
2019-11-11,2019111101005865,NMB,21,49,100,387.00,"38,700.00"
2019-11-11,2019111101006083,NMB,34,49,50,387.00,"19,350.00"
2019-11-11,2019111101005962,NMB,34,49,100,387.00,"38,700.00"
2019-11-11,2019111101005948,NMB,42,49,24,387.00,"9,288.00"
2019-11-11,2019111101005945,NMB,25,49,34,387.00,"13,158.00"
2019-11-11,2019111101005944,NMB,25,49,166,387.00,"64,242.00"
2019-11-11,2019111101005936,NMB,17,49,50,387.00,"19,350.00"
2019-11-11,2019111101005799,NMFBS,26,34,25,"1,759.00","43,975.00"
2019-11-11,2019111101005798,NMFBS,26,47,13,"1,759.00","22,867.00"
2019-11-11,2019111101005797,NMFBS,26,53,15,"1,759.00","26,385.00"
2019-11-11,2019111101005796,NMFBS,26,5,10,"1,759.00","17,590.00"
2019-11-11,2019111101005795,NMFBS,26,56,25,"1,750.00","43,750.00"
2019-11-11,2019111101005794,NMFBS,26,56,110,"1,750.00","192,500.00"
2019-11-11,2019111101005793,NMFBS,26,16,17,"1,733.00","29,461.00"
2019-11-11,2019111101005792,NMFBS,26,48,30,"1,727.00","51,810.00"
2019-11-11,2019111101005791,NMFBS,26,10,33,"1,725.00","56,925.00"
2019-11-11,2019111101005790,NMFBS,26,5,15,"1,725.00","25,875.00"
2019-11-11,2019111101005789,NMFBS,26,16,20,"1,724.00","34,480.00"
2019-11-11,2019111101005754,NNLB,7,26,50,495.00,"24,750.00"
2019-11-11,2019111101005753,NNLB,7,32,50,495.00,"24,750.00"
2019-11-11,2019111101005752,NNLB,7,33,40,495.00,"19,800.00"
2019-11-11,2019111101005751,NNLB,7,33,100,495.00,"49,500.00"
2019-11-11,2019111101005750,NNLB,7,37,50,495.00,"24,750.00"
2019-11-11,2019111101005749,NNLB,7,33,100,490.00,"49,000.00"
2019-11-11,2019111101005748,NNLB,7,48,172,489.00,"84,108.00"
2019-11-11,2019111101005747,NNLB,7,33,80,488.00,"39,040.00"
2019-11-11,2019111101005700,NNLB,40,33,20,488.00,"9,760.00"
2019-11-11,2019111101006022,NSEWA,47,47,20,385.00,"7,700.00"
2019-11-11,2019111101005702,NSEWA,26,42,20,389.00,"7,780.00"
2019-11-11,2019111101006054,NTC,19,59,87,615.00,"53,505.00"
2019-11-11,2019111101006053,NTC,22,59,18,615.00,"11,070.00"
2019-11-11,2019111101006052,NTC,49,59,200,615.00,"123,000.00"
2019-11-11,2019111101006051,NTC,49,59,40,615.00,"24,600.00"
2019-11-11,2019111101006050,NTC,48,59,15,616.00,"9,240.00"
2019-11-11,2019111101006049,NTC,49,59,40,616.00,"24,640.00"
2019-11-11,2019111101006048,NTC,42,59,200,617.00,"123,400.00"
2019-11-11,2019111101005810,NTC,49,43,35,615.00,"21,525.00"
2019-11-11,2019111101006041,NUBL,58,4,100,901.00,"90,100.00"
2019-11-11,2019111101006012,NUBL,58,11,90,910.00,"81,900.00"
2019-11-11,2019111101005940,NUBL,58,11,10,910.00,"9,100.00"
2019-11-11,2019111101005939,NUBL,58,6,10,905.00,"9,050.00"
2019-11-11,2019111101005858,PCBL,56,20,100,268.00,"26,800.00"
2019-11-11,2019111101005837,PCBL,44,32,19,267.00,"5,073.00"
2019-11-11,2019111101005728,PCBL,57,41,348,267.00,"92,916.00"
2019-11-11,2019111101005720,PIC,51,32,86,360.00,"30,960.00"
2019-11-11,2019111101005719,PIC,29,32,100,361.00,"36,100.00"
2019-11-11,2019111101005718,PIC,29,32,100,361.00,"36,100.00"
2019-11-11,2019111101005717,PIC,42,32,50,362.00,"18,100.00"
2019-11-11,2019111101006008,PMHPL,51,57,10,89.00,890.00
2019-11-11,2019111101005698,PPCL,42,54,20,93.00,"1,860.00"
2019-11-11,2019111101006135,PRVU,45,28,250,268.00,"67,000.00"
2019-11-11,2019111101006126,PRVU,13,42,197,267.00,"52,599.00"
2019-11-11,2019111101006125,PRVU,1,42,453,267.00,"120,951.00"
2019-11-11,2019111101006109,PRVU,1,42,547,267.00,"146,049.00"
2019-11-11,2019111101006108,PRVU,14,42,223,267.00,"59,541.00"
2019-11-11,2019111101006105,PRVU,26,28,300,268.00,"80,400.00"
2019-11-11,2019111101005682,PRVU,10,34,"1,000",267.00,"267,000.00"
2019-11-11,2019111101005661,PRVU,45,34,"1,000",267.00,"267,000.00"
2019-11-11,2019111101005779,PRVU,16,34,"1,000",267.00,"267,000.00"
2019-11-11,2019111101005761,PRVU,16,34,150,267.00,"40,050.00"
2019-11-11,2019111101005725,PRVU,47,34,140,267.00,"37,380.00"
2019-11-11,2019111101005722,PRVU,46,34,243,267.00,"64,881.00"
2019-11-11,2019111101005705,PRVU,36,34,773,267.00,"206,391.00"
2019-11-11,2019111101005704,PRVU,36,34,477,267.00,"127,359.00"
2019-11-11,2019111101005828,PRVU,59,44,94,267.00,"25,098.00"
2019-11-11,2019111101005813,PRVU,55,44,"1,000",267.00,"267,000.00"
2019-11-11,2019111101005803,PRVU,55,25,"1,500",267.00,"400,500.00"
2019-11-11,2019111101005802,PRVU,55,25,566,267.00,"151,122.00"
2019-11-11,2019111101005801,PRVU,55,56,80,267.00,"21,360.00"
2019-11-11,2019111101005800,PRVU,55,34,444,267.00,"118,548.00"
2019-11-11,2019111101005868,PRVU,5,44,"1,000",267.00,"267,000.00"
2019-11-11,2019111101005856,PRVU,5,44,"1,000",267.00,"267,000.00"
2019-11-11,2019111101005850,PRVU,5,44,"1,000",267.00,"267,000.00"
2019-11-11,2019111101005847,PRVU,5,44,"1,000",267.00,"267,000.00"
2019-11-11,2019111101005838,PRVU,5,44,"1,000",267.00,"267,000.00"
2019-11-11,2019111101005832,PRVU,35,44,500,267.00,"133,500.00"
2019-11-11,2019111101006014,PRVU,52,55,500,267.00,"133,500.00"
2019-11-11,2019111101005986,PRVU,43,34,100,268.00,"26,800.00"
2019-11-11,2019111101005918,PRVU,52,25,150,267.00,"40,050.00"
2019-11-11,2019111101005917,PRVU,52,44,217,267.00,"57,939.00"
2019-11-11,2019111101005913,PRVU,38,44,12,267.00,"3,204.00"
2019-11-11,2019111101005869,PRVU,14,44,200,267.00,"53,400.00"
2019-11-11,2019111101006085,PRVU,14,34,77,267.00,"20,559.00"
2019-11-11,2019111101006084,PRVU,52,34,133,267.00,"35,511.00"
2019-11-11,2019111101006040,PRVU,28,28,38,268.00,"10,184.00"
2019-11-11,2019111101006039,PRVU,28,10,200,268.00,"53,600.00"
2019-11-11,2019111101006038,PRVU,28,32,75,268.00,"20,100.00"
2019-11-11,2019111101006037,PRVU,28,34,187,268.00,"50,116.00"
2019-11-11,2019111101006139,RHPC,41,52,166,79.00,"13,114.00"
2019-11-11,2019111101006138,RHPC,41,46,200,79.00,"15,800.00"
2019-11-11,2019111101006137,RHPC,41,39,274,79.00,"21,646.00"
2019-11-11,2019111101006136,RHPC,41,1,603,79.00,"47,637.00"
2019-11-11,2019111101006133,RHPL,59,13,40,170.00,"6,800.00"
2019-11-11,2019111101006120,RHPL,59,57,40,170.00,"6,800.00"
2019-11-11,2019111101006113,RHPL,59,13,40,170.00,"6,800.00"
2019-11-11,2019111101006102,RHPL,59,13,40,170.00,"6,800.00"
2019-11-11,2019111101006093,RHPL,22,26,10,171.00,"1,710.00"
2019-11-11,2019111101006092,RHPL,59,26,20,170.00,"3,400.00"
2019-11-11,2019111101005729,RHPL,36,22,40,170.00,"6,800.00"
2019-11-11,2019111101005656,RHPL,59,22,40,170.00,"6,800.00"
2019-11-11,2019111101005760,RHPL,46,22,40,170.00,"6,800.00"
2019-11-11,2019111101005759,RHPL,46,22,40,170.00,"6,800.00"
2019-11-11,2019111101005758,RHPL,46,57,10,170.00,"1,700.00"
2019-11-11,2019111101005757,RHPL,46,22,40,170.00,"6,800.00"
2019-11-11,2019111101005756,RHPL,46,22,40,170.00,"6,800.00"
2019-11-11,2019111101005730,RHPL,36,22,40,170.00,"6,800.00"
2019-11-11,2019111101005988,RHPL,46,13,40,170.00,"6,800.00"
2019-11-11,2019111101005980,RHPL,46,11,40,170.00,"6,800.00"
2019-11-11,2019111101005979,RHPL,46,13,40,170.00,"6,800.00"
2019-11-11,2019111101005974,RHPL,46,13,40,170.00,"6,800.00"
2019-11-11,2019111101005960,RHPL,46,13,40,170.00,"6,800.00"
2019-11-11,2019111101005767,RHPL,46,26,40,170.00,"6,800.00"
2019-11-11,2019111101006019,RHPL,59,44,30,170.00,"5,100.00"
2019-11-11,2019111101006016,RHPL,59,13,30,170.00,"5,100.00"
2019-11-11,2019111101006015,RHPL,46,13,10,170.00,"1,700.00"
2019-11-11,2019111101006009,RHPL,46,13,40,170.00,"6,800.00"
2019-11-11,2019111101006000,RHPL,46,13,40,170.00,"6,800.00"
2019-11-11,2019111101005996,RHPL,18,13,40,171.00,"6,840.00"
2019-11-11,2019111101006089,RHPL,59,13,40,170.00,"6,800.00"
2019-11-11,2019111101006082,RHPL,59,13,40,170.00,"6,800.00"
2019-11-11,2019111101006045,RHPL,59,13,40,170.00,"6,800.00"
2019-11-11,2019111101006035,RHPL,59,57,40,170.00,"6,800.00"
2019-11-11,2019111101006028,RHPL,59,13,40,170.00,"6,800.00"
2019-11-11,2019111101006021,RHPL,59,13,40,170.00,"6,800.00"
2019-11-11,2019111101005894,RMDC,59,4,400,613.00,"245,200.00"
2019-11-11,2019111101005983,RRHP,47,41,10,100.00,"1,000.00"
2019-11-11,2019111101006142,RSDC,40,37,100,324.00,"32,400.00"
2019-11-11,2019111101006141,RSDC,40,37,100,324.00,"32,400.00"
2019-11-11,2019111101006117,RSDC,34,37,12,325.00,"3,900.00"
2019-11-11,2019111101006116,RSDC,29,37,100,325.00,"32,500.00"
2019-11-11,2019111101005857,SADBL,37,18,313,139.00,"43,507.00"
2019-11-11,2019111101006148,SANIMA,43,49,320,310.00,"99,200.00"
2019-11-11,2019111101005723,SANIMA,14,42,50,310.00,"15,500.00"
2019-11-11,2019111101005699,SAPDBL,45,58,12,122.00,"1,464.00"
2019-11-11,2019111101006030,SBI,14,41,75,407.00,"30,525.00"
2019-11-11,2019111101005826,SBI,14,6,169,407.00,"68,783.00"
2019-11-11,2019111101006004,SBL,28,21,50,294.00,"14,700.00"
2019-11-11,2019111101005931,SCB,35,14,20,554.00,"11,080.00"
2019-11-11,2019111101005692,SCB,42,10,24,555.00,"13,320.00"
2019-11-11,2019111101005971,SDESI,1,25,83,655.00,"54,365.00"
2019-11-11,2019111101005970,SDESI,48,25,50,656.00,"32,800.00"
2019-11-11,2019111101005969,SDESI,50,25,17,660.00,"11,220.00"
2019-11-11,2019111101006080,SHIVM,34,45,500,493.00,"246,500.00"
2019-11-11,2019111101006042,SHIVM,52,35,110,494.00,"54,340.00"
2019-11-11,2019111101006029,SHIVM,52,34,200,494.00,"98,800.00"
2019-11-11,2019111101006018,SHIVM,52,43,120,494.00,"59,280.00"
2019-11-11,2019111101006002,SHIVM,52,34,70,494.00,"34,580.00"
2019-11-11,2019111101006001,SHIVM,34,34,330,494.00,"163,020.00"
2019-11-11,2019111101005993,SHIVM,34,45,500,494.00,"247,000.00"
2019-11-11,2019111101005727,SHIVM,32,45,400,497.00,"198,800.00"
2019-11-11,2019111101005695,SHIVM,34,36,50,494.00,"24,700.00"
2019-11-11,2019111101005669,SHIVM,34,57,120,494.00,"59,280.00"
2019-11-11,2019111101005668,SHIVM,35,57,200,494.00,"98,800.00"
2019-11-11,2019111101005981,SICL,41,10,20,745.00,"14,900.00"
2019-11-11,2019111101005804,SIL,44,25,10,398.00,"3,980.00"
2019-11-11,2019111101005693,SIL,25,25,10,391.00,"3,910.00"
2019-11-11,2019111101006134,SJCL,35,57,20,165.00,"3,300.00"
2019-11-11,2019111101006115,SJCL,22,26,20,166.00,"3,320.00"
2019-11-11,2019111101006047,SJCL,35,57,20,165.00,"3,300.00"
2019-11-11,2019111101005995,SJCL,35,11,20,165.00,"3,300.00"
2019-11-11,2019111101005676,SJCL,42,22,10,169.00,"1,690.00"
2019-11-11,2019111101005678,SJCL,42,22,10,169.00,"1,690.00"
2019-11-11,2019111101005677,SJCL,42,22,20,169.00,"3,380.00"
2019-11-11,2019111101005952,SJCL,35,14,20,166.00,"3,320.00"
2019-11-11,2019111101005884,SJCL,35,4,90,165.00,"14,850.00"
2019-11-11,2019111101005841,SJCL,57,4,10,167.00,"1,670.00"
2019-11-11,2019111101005953,SJCL,35,22,10,167.00,"1,670.00"
2019-11-11,2019111101005816,SKBBL,48,45,88,945.00,"83,160.00"
2019-11-11,2019111101005769,SKBBL,48,4,12,945.00,"11,340.00"
2019-11-11,2019111101005681,SLBBL,40,45,10,615.00,"6,150.00"
2019-11-11,2019111101006005,SLBSL,19,19,45,723.00,"32,535.00"
2019-11-11,2019111101005861,SLICL,1,55,300,260.00,"78,000.00"
2019-11-11,2019111101005860,SLICL,51,55,188,261.00,"49,068.00"
2019-11-11,2019111101005867,SMATA,16,48,30,535.00,"16,050.00"
2019-11-11,2019111101005649,SMB,17,55,10,438.00,"4,380.00"
2019-11-11,2019111101006132,SMFDB,55,52,70,536.00,"37,520.00"
2019-11-11,2019111101006087,SMFDB,55,33,23,536.00,"12,328.00"
2019-11-11,2019111101006059,SMFDB,58,14,50,545.00,"27,250.00"
2019-11-11,2019111101006058,SMFDB,58,52,20,544.00,"10,880.00"
2019-11-11,2019111101006023,SMFDB,7,56,20,544.00,"10,880.00"
2019-11-11,2019111101005938,SMFDB,7,45,50,544.00,"27,200.00"
2019-11-11,2019111101005683,SMFDB,45,59,40,542.00,"21,680.00"
2019-11-11,2019111101005937,SMFDB,7,49,50,544.00,"27,200.00"
2019-11-11,2019111101005684,SMFDB,45,59,10,543.00,"5,430.00"
2019-11-11,2019111101005999,SPARS,52,34,500,542.00,"271,000.00"
2019-11-11,2019111101005819,SPARS,16,34,400,532.00,"212,800.00"
2019-11-11,2019111101005818,SPARS,49,34,200,535.00,"107,000.00"
2019-11-11,2019111101005817,SPARS,7,34,100,536.00,"53,600.00"
2019-11-11,2019111101005715,SPARS,7,59,100,536.00,"53,600.00"
2019-11-11,2019111101005927,SWBBL,55,4,50,934.00,"46,700.00"
2019-11-11,2019111101005926,SWBBL,55,4,100,935.00,"93,500.00"
2019-11-11,2019111101005955,UIC,49,34,54,245.00,"13,230.00"
2019-11-11,2019111101005954,UIC,49,3,250,245.00,"61,250.00"
2019-11-11,2019111101005866,UIC,58,54,50,241.00,"12,050.00"
2019-11-11,2019111101005849,UIC,16,10,100,240.00,"24,000.00"
2019-11-11,2019111101005956,UPCL,45,42,50,76.00,"3,800.00"
2019-11-11,2019111101005872,UPCL,45,19,50,75.00,"3,750.00"
2019-11-11,2019111101005742,UPCL,19,34,100,74.00,"7,400.00"
2019-11-11,2019111101005732,UPCL,45,19,50,73.00,"3,650.00"
2019-11-11,2019111101005701,UPCL,14,54,200,72.00,"14,400.00"
2019-11-11,2019111101006003,UPPER,4,44,50,232.00,"11,600.00"
2019-11-11,2019111101005959,UPPER,4,57,40,232.00,"9,280.00"
2019-11-11,2019111101005951,UPPER,4,36,19,232.00,"4,408.00"
2019-11-11,2019111101005950,UPPER,29,36,11,232.00,"2,552.00"
2019-11-11,2019111101005949,UPPER,25,36,20,235.00,"4,700.00"
2019-11-11,2019111101005674,UPPER,25,16,20,236.00,"4,720.00"
2019-11-11,2019111101005400,ADBL,14,54,50,421.00,"21,050.00"
2019-11-11,2019111101005322,ADBL,48,20,30,418.00,"12,540.00"
2019-11-11,2019111101005321,ADBL,22,20,60,418.00,"25,080.00"
2019-11-11,2019111101005320,ADBL,25,20,130,418.00,"54,340.00"
2019-11-11,2019111101005273,ADBL,39,37,36,420.00,"15,120.00"
2019-11-11,2019111101005188,ADBL,39,25,16,420.00,"6,720.00"
2019-11-11,2019111101005187,ADBL,19,25,45,420.00,"18,900.00"
2019-11-11,2019111101005520,AKBSL,48,6,10,433.00,"4,330.00"
2019-11-11,2019111101005519,AKBSL,48,3,50,433.00,"21,650.00"
2019-11-11,2019111101005518,AKBSL,48,22,10,432.00,"4,320.00"
2019-11-11,2019111101005412,AKJCL,51,56,"1,200",58.00,"69,600.00"
2019-11-11,2019111101005379,AKJCL,51,14,20,57.00,"1,140.00"
2019-11-11,2019111101005295,AKJCL,51,56,40,58.00,"2,320.00"
2019-11-11,2019111101005283,AKJCL,51,55,160,58.00,"9,280.00"
2019-11-11,2019111101005218,AKJCL,51,17,110,57.00,"6,270.00"
2019-11-11,2019111101005254,ALICL,46,41,70,318.00,"22,260.00"
2019-11-11,2019111101005244,ALICL,46,28,200,317.00,"63,400.00"
2019-11-11,2019111101005243,ALICL,46,17,62,316.00,"19,592.00"
2019-11-11,2019111101005242,ALICL,46,13,67,315.00,"21,105.00"
2019-11-11,2019111101005207,BFC,34,20,10,94.00,940.00
2019-11-11,2019111101005565,BPCL,46,46,2,356.00,712.00
2019-11-11,2019111101005526,BPCL,58,42,11,363.00,"3,993.00"
2019-11-11,2019111101005522,BPCL,58,42,11,363.00,"3,993.00"
2019-11-11,2019111101005617,CBBL,45,4,100,975.00,"97,500.00"
2019-11-11,2019111101005369,CBBL,13,53,50,980.00,"49,000.00"
2019-11-11,2019111101005368,CBBL,13,4,40,980.00,"39,200.00"
2019-11-11,2019111101005275,CBBL,40,4,10,980.00,"9,800.00"
2019-11-11,2019111101005158,CBBL,43,22,30,973.00,"29,190.00"
2019-11-11,2019111101005549,CBL,40,36,22,141.00,"3,102.00"
2019-11-11,2019111101005541,CBL,34,36,78,141.00,"10,998.00"
2019-11-11,2019111101005540,CBL,34,47,350,141.00,"49,350.00"
2019-11-11,2019111101005539,CBL,34,21,50,141.00,"7,050.00"
2019-11-11,2019111101005538,CBL,34,11,22,141.00,"3,102.00"
2019-11-11,2019111101005467,CBL,8,11,941,141.00,"132,681.00"
2019-11-11,2019111101005466,CBL,8,29,59,141.00,"8,319.00"
2019-11-11,2019111101005351,CBL,38,11,37,141.00,"5,217.00"
2019-11-11,2019111101005350,CBL,38,40,491,141.00,"69,231.00"
2019-11-11,2019111101005349,CBL,38,49,"1,472",141.00,"207,552.00"
2019-11-11,2019111101005237,CBL,8,34,500,140.00,"70,000.00"
2019-11-11,2019111101005611,CCBL,14,49,150,156.00,"23,400.00"
2019-11-11,2019111101005579,CCBL,14,49,200,156.00,"31,200.00"
2019-11-11,2019111101005487,CCBL,14,58,301,156.00,"46,956.00"
2019-11-11,2019111101005464,CCBL,45,58,399,156.00,"62,244.00"
2019-11-11,2019111101005463,CCBL,45,52,257,156.00,"40,092.00"
2019-11-11,2019111101005462,CCBL,45,25,200,156.00,"31,200.00"
2019-11-11,2019111101005461,CCBL,45,25,144,156.00,"22,464.00"
2019-11-11,2019111101005356,CCBL,45,11,24,155.00,"3,720.00"
2019-11-11,2019111101005347,CCBL,46,46,1,152.00,152.00
2019-11-11,2019111101005481,CFCL,26,36,10,110.00,"1,100.00"
2019-11-11,2019111101005560,CHCL,19,55,39,450.00,"17,550.00"
2019-11-11,2019111101005559,CHCL,57,55,81,450.00,"36,450.00"
2019-11-11,2019111101005517,CHCL,57,37,19,450.00,"8,550.00"
2019-11-11,2019111101005516,CHCL,58,37,31,450.00,"13,950.00"
2019-11-11,2019111101005386,CHCL,58,22,60,450.00,"27,000.00"
2019-11-11,2019111101005385,CHCL,58,41,409,450.00,"184,050.00"
2019-11-11,2019111101005212,CHCL,6,41,"1,000",450.00,"450,000.00"
2019-11-11,2019111101005161,CHCL,41,41,199,449.00,"89,351.00"
2019-11-11,2019111101005149,CHCL,41,25,777,449.00,"348,873.00"
2019-11-11,2019111101005588,CIT,34,48,200,"1,774.00","354,800.00"
2019-11-11,2019111101005363,CIT,14,44,100,"1,775.00","177,500.00"
2019-11-11,2019111101005291,CIT,34,13,100,"1,770.00","177,000.00"
2019-11-11,2019111101005309,CZBIL,38,49,"1,012",191.00,"193,292.00"
2019-11-11,2019111101005179,DBBL,21,56,10,127.00,"1,270.00"
2019-11-11,2019111101005564,DDBL,58,6,51,751.00,"38,301.00"
2019-11-11,2019111101005318,EBL,13,25,100,562.00,"56,200.00"
2019-11-11,2019111101005637,EDBL,57,34,200,269.00,"53,800.00"
2019-11-11,2019111101005578,EIC,5,54,105,222.00,"23,310.00"
2019-11-11,2019111101005474,EIC,22,34,151,226.00,"34,126.00"
2019-11-11,2019111101005300,EIC,48,34,16,226.00,"3,616.00"
2019-11-11,2019111101005299,EIC,48,48,140,225.00,"31,500.00"
2019-11-11,2019111101005298,EIC,48,6,44,224.00,"9,856.00"
2019-11-11,2019111101005610,FOWAD,26,56,10,"1,374.00","13,740.00"
2019-11-11,2019111101005427,GBBL,14,4,60,223.00,"13,380.00"
2019-11-11,2019111101005405,GBBL,47,4,"1,000",222.00,"222,000.00"
2019-11-11,2019111101005260,GBBL,29,4,500,222.00,"111,000.00"
2019-11-11,2019111101005206,GBBL,5,4,"1,000",221.00,"221,000.00"
2019-11-11,2019111101005199,GBBL,5,4,240,221.00,"53,040.00"
2019-11-11,2019111101005173,GBBL,26,4,50,221.00,"11,050.00"
2019-11-11,2019111101005508,GBLBS,19,19,500,312.00,"156,000.00"
2019-11-11,2019111101005454,GBLBS,18,40,50,315.00,"15,750.00"
2019-11-11,2019111101005453,GBLBS,18,40,35,315.00,"11,025.00"
2019-11-11,2019111101005640,GILB,44,19,15,758.00,"11,370.00"
2019-11-11,2019111101005370,GLBSL,19,42,10,463.00,"4,630.00"
2019-11-11,2019111101005361,GLBSL,19,36,20,455.00,"9,100.00"
2019-11-11,2019111101005344,GLBSL,19,8,10,454.00,"4,540.00"
2019-11-11,2019111101005160,GLBSL,16,34,10,446.00,"4,460.00"
2019-11-11,2019111101005424,GLICL,39,34,100,370.00,"37,000.00"
2019-11-11,2019111101005180,GMFBS,50,49,141,475.00,"66,975.00"
2019-11-11,2019111101005436,HBL,29,5,50,485.00,"24,250.00"
2019-11-11,2019111101005435,HBL,13,5,111,485.00,"53,835.00"
2019-11-11,2019111101005434,HBL,45,5,30,485.00,"14,550.00"
2019-11-11,2019111101005178,HBL,16,6,54,485.00,"26,190.00"
2019-11-11,2019111101005177,HBL,16,5,400,485.00,"194,000.00"
2019-11-11,2019111101005250,HGI,40,46,20,265.00,"5,300.00"
2019-11-11,2019111101005630,HIDCL,14,35,28,135.00,"3,780.00"
2019-11-11,2019111101005629,HIDCL,14,58,200,135.00,"27,000.00"
2019-11-11,2019111101005628,HIDCL,14,10,61,135.00,"8,235.00"
2019-11-11,2019111101005627,HIDCL,14,10,61,135.00,"8,235.00"
2019-11-11,2019111101005189,HIDCL,38,58,50,134.00,"6,700.00"
2019-11-11,2019111101005496,ILBS,1,39,20,481.00,"9,620.00"
2019-11-11,2019111101005472,ILBS,1,56,20,481.00,"9,620.00"
2019-11-11,2019111101005448,ILBS,45,26,60,487.00,"29,220.00"
2019-11-11,2019111101005444,ILBS,45,52,200,485.00,"97,000.00"
2019-11-11,2019111101005443,ILBS,45,38,20,485.00,"9,700.00"
2019-11-11,2019111101005442,ILBS,45,22,10,485.00,"4,850.00"
2019-11-11,2019111101005174,ILBS,7,25,10,474.00,"4,740.00"
2019-11-11,2019111101005264,ILBS,1,45,10,483.00,"4,830.00"
2019-11-11,2019111101005263,ILBS,1,47,10,482.00,"4,820.00"
2019-11-11,2019111101005203,ILBS,45,6,100,480.00,"48,000.00"
2019-11-11,2019111101005202,ILBS,45,28,10,480.00,"4,800.00"
2019-11-11,2019111101005201,ILBS,45,8,10,478.00,"4,780.00"
2019-11-11,2019111101005200,ILBS,45,46,10,475.00,"4,750.00"
2019-11-11,2019111101005441,ILBS,45,32,50,485.00,"24,250.00"
2019-11-11,2019111101005440,ILBS,45,14,10,484.00,"4,840.00"
2019-11-11,2019111101005439,ILBS,45,47,10,484.00,"4,840.00"
2019-11-11,2019111101005438,ILBS,45,32,10,483.00,"4,830.00"
2019-11-11,2019111101005266,ILBS,1,17,10,483.00,"4,830.00"
2019-11-11,2019111101005265,ILBS,1,17,20,483.00,"9,660.00"
2019-11-11,2019111101005365,JBBL,35,44,900,157.00,"141,300.00"
2019-11-11,2019111101005364,JBBL,35,44,103,157.00,"16,171.00"
2019-11-11,2019111101005153,JFL,17,42,10,197.00,"1,970.00"
2019-11-11,2019111101005484,KBL,33,45,"1,000",184.00,"184,000.00"
2019-11-11,2019111101005483,KBL,33,50,200,184.00,"36,800.00"
2019-11-11,2019111101005482,KBL,33,44,650,184.00,"119,600.00"
2019-11-11,2019111101005303,KBL,55,44,500,184.00,"92,000.00"
2019-11-11,2019111101005289,KBL,28,44,"2,350",184.00,"432,400.00"
2019-11-11,2019111101005288,KBL,28,52,150,184.00,"27,600.00"
2019-11-11,2019111101005278,KBL,54,35,123,183.00,"22,509.00"
2019-11-11,2019111101005277,KBL,54,56,"2,392",183.00,"437,736.00"
2019-11-11,2019111101005270,KBL,33,56,500,183.00,"91,500.00"
2019-11-11,2019111101005268,KBL,44,56,108,183.00,"19,764.00"
2019-11-11,2019111101005267,KBL,44,56,92,183.00,"16,836.00"
2019-11-11,2019111101005175,KBL,44,8,"3,000",182.00,"546,000.00"
2019-11-11,2019111101005548,KKHC,14,48,20,54.00,"1,080.00"
2019-11-11,2019111101005352,KSBBL,48,8,100,144.00,"14,400.00"
2019-11-11,2019111101005314,LBBL,51,38,500,173.00,"86,500.00"
2019-11-11,2019111101005571,LBL,46,46,2,216.00,432.00
2019-11-11,2019111101005362,LBL,32,28,100,220.00,"22,000.00"
2019-11-11,2019111101005525,LGIL,44,57,200,320.00,"64,000.00"
2019-11-11,2019111101005636,LICN,14,1,61,980.00,"59,780.00"
2019-11-11,2019111101005635,LICN,16,1,15,980.00,"14,700.00"
2019-11-11,2019111101005634,LICN,39,1,74,980.00,"72,520.00"
2019-11-11,2019111101005157,LICN,25,10,10,998.00,"9,980.00"
2019-11-11,2019111101005281,LVF1,11,48,800,8.99,"7,192.00"
2019-11-11,2019111101005645,MBL,20,37,100,233.00,"23,300.00"
2019-11-11,2019111101005644,MBL,20,28,100,233.00,"23,300.00"
2019-11-11,2019111101005643,MBL,20,52,100,233.00,"23,300.00"
2019-11-11,2019111101005642,MBL,20,14,250,233.00,"58,250.00"
2019-11-11,2019111101005456,MBL,22,44,"1,000",230.00,"230,000.00"
2019-11-11,2019111101005455,MBL,22,44,12,230.00,"2,760.00"
2019-11-11,2019111101005426,MBL,49,44,88,230.00,"20,240.00"
2019-11-11,2019111101005425,MBL,49,49,"1,912",230.00,"439,760.00"
2019-11-11,2019111101005233,MBL,19,49,100,230.00,"23,000.00"
2019-11-11,2019111101005282,MDB,18,45,19,243.00,"4,617.00"
2019-11-11,2019111101005271,MEGA,20,49,100,189.00,"18,900.00"
2019-11-11,2019111101005272,MEGA,20,4,100,189.00,"18,900.00"
2019-11-11,2019111101005429,MEGA,33,35,277,188.00,"52,076.00"
2019-11-11,2019111101005428,MEGA,6,35,223,188.00,"41,924.00"
2019-11-11,2019111101005419,MEGA,42,42,100,189.00,"18,900.00"
2019-11-11,2019111101005418,MEGA,42,47,100,189.00,"18,900.00"
2019-11-11,2019111101005527,MERO,6,34,20,437.00,"8,740.00"
2019-11-11,2019111101005506,MERO,42,19,200,440.00,"88,000.00"
2019-11-11,2019111101005294,MERO,29,50,100,439.00,"43,900.00"
2019-11-11,2019111101005197,MERO,48,50,100,439.00,"43,900.00"
2019-11-11,2019111101005171,MHNL,29,39,20,76.00,"1,520.00"
2019-11-11,2019111101005170,MHNL,29,39,15,76.00,"1,140.00"
2019-11-11,2019111101005245,MLBL,33,25,86,186.00,"15,996.00"
2019-11-11,2019111101005605,NABIL,16,16,25,754.00,"18,850.00"
2019-11-11,2019111101005404,NABIL,45,16,20,754.00,"15,080.00"
2019-11-11,2019111101005639,NBB,58,49,218,209.00,"45,562.00"
2019-11-11,2019111101005521,NBB,58,4,282,209.00,"58,938.00"
2019-11-11,2019111101005432,NBB,51,41,500,208.00,"104,000.00"
2019-11-11,2019111101005431,NBB,51,40,575,208.00,"119,600.00"
2019-11-11,2019111101005274,NBB,46,40,200,207.00,"41,400.00"
2019-11-11,2019111101005232,NBB,38,37,500,206.00,"103,000.00"
2019-11-11,2019111101005524,NBL,25,56,500,309.00,"154,500.00"
2019-11-11,2019111101005410,NBL,25,56,500,309.00,"154,500.00"
2019-11-11,2019111101005647,NCCB,49,44,200,207.00,"41,400.00"
2019-11-11,2019111101005607,NCCB,49,44,500,207.00,"103,500.00"
2019-11-11,2019111101005606,NCCB,28,44,500,207.00,"103,500.00"
2019-11-11,2019111101005343,NCCB,36,11,50,208.00,"10,400.00"
2019-11-11,2019111101005205,NCCB,49,52,"1,156",207.00,"239,292.00"
2019-11-11,2019111101005204,NCCB,49,14,352,207.00,"72,864.00"
2019-11-11,2019111101005166,NCCB,45,16,500,207.00,"103,500.00"
2019-11-11,2019111101005165,NCCB,45,16,500,207.00,"103,500.00"
2019-11-11,2019111101005164,NCCB,45,11,"1,000",207.00,"207,000.00"
2019-11-11,2019111101005163,NCCB,45,28,556,207.00,"115,092.00"
2019-11-11,2019111101005196,NCCB,49,14,386,207.00,"79,902.00"
2019-11-11,2019111101005195,NCCB,49,16,58,207.00,"12,006.00"
2019-11-11,2019111101005194,NCCB,49,17,556,207.00,"115,092.00"
2019-11-11,2019111101005169,NCCB,45,17,444,207.00,"91,908.00"
2019-11-11,2019111101005168,NCCB,45,55,"1,000",207.00,"207,000.00"
2019-11-11,2019111101005167,NCCB,45,11,"1,000",207.00,"207,000.00"
2019-11-11,2019111101005530,NHPC,38,56,910,54.00,"49,140.00"
2019-11-11,2019111101005624,NIB,38,44,518,447.00,"231,546.00"
2019-11-11,2019111101005623,NIB,38,45,15,447.00,"6,705.00"
2019-11-11,2019111101005570,NIB,48,44,10,447.00,"4,470.00"
2019-11-11,2019111101005485,NIB,45,13,17,446.00,"7,582.00"
2019-11-11,2019111101005470,NIB,45,13,17,446.00,"7,582.00"
2019-11-11,2019111101005451,NIB,45,52,40,446.00,"17,840.00"
2019-11-11,2019111101005430,NIB,45,13,17,446.00,"7,582.00"
2019-11-11,2019111101005411,NIB,45,13,17,446.00,"7,582.00"
2019-11-11,2019111101005338,NIB,46,46,1,438.00,438.00
2019-11-11,2019111101005317,NIBPO,17,4,690,413.00,"284,970.00"
2019-11-11,2019111101005633,NICA,22,44,112,405.00,"45,360.00"
2019-11-11,2019111101005632,NICA,22,45,637,405.00,"257,985.00"
2019-11-11,2019111101005622,NICA,45,54,20,404.00,"8,080.00"
2019-11-11,2019111101005488,NICA,45,19,50,404.00,"20,200.00"
2019-11-11,2019111101005433,NICA,48,45,10,405.00,"4,050.00"
2019-11-11,2019111101005238,NICA,41,45,353,405.00,"142,965.00"
2019-11-11,2019111101005226,NICA,41,56,47,405.00,"19,035.00"
2019-11-11,2019111101005225,NICA,58,56,21,405.00,"8,505.00"
2019-11-11,2019111101005561,NICL,25,28,20,272.00,"5,440.00"
2019-11-11,2019111101005417,NICL,25,1,30,270.00,"8,100.00"
2019-11-11,2019111101005360,NICL,25,42,40,270.00,"10,800.00"
2019-11-11,2019111101005359,NICL,25,39,50,270.00,"13,500.00"
2019-11-11,2019111101005358,NICL,25,1,100,268.00,"26,800.00"
2019-11-11,2019111101005357,NICL,25,52,480,265.00,"127,200.00"
2019-11-11,2019111101005331,NIL,57,57,370,380.00,"140,600.00"
2019-11-11,2019111101005305,NIL,57,43,100,380.00,"38,000.00"
2019-11-11,2019111101005581,NLIC,56,54,200,794.00,"158,800.00"
2019-11-11,2019111101005505,NLIC,13,13,22,790.00,"17,380.00"
2019-11-11,2019111101005495,NLIC,13,43,14,790.00,"11,060.00"
2019-11-11,2019111101005452,NLIC,13,13,22,790.00,"17,380.00"
2019-11-11,2019111101005422,NLIC,13,57,22,790.00,"17,380.00"
2019-11-11,2019111101005421,NLIC,13,13,12,790.00,"9,480.00"
2019-11-11,2019111101005420,NLIC,51,13,10,790.00,"7,900.00"
2019-11-11,2019111101005445,NLICL,45,11,100,428.00,"42,800.00"
2019-11-11,2019111101005626,NMB,45,44,221,388.00,"85,748.00"
2019-11-11,2019111101005625,NMB,45,13,279,388.00,"108,252.00"
2019-11-11,2019111101005621,NMB,16,59,475,387.00,"183,825.00"
2019-11-11,2019111101005620,NMB,22,59,25,387.00,"9,675.00"
2019-11-11,2019111101005615,NMB,45,13,100,388.00,"38,800.00"
2019-11-11,2019111101005614,NMB,16,13,50,388.00,"19,400.00"
2019-11-11,2019111101005159,NMB,40,10,50,388.00,"19,400.00"
2019-11-11,2019111101005152,NMB,41,10,317,388.00,"122,996.00"
2019-11-11,2019111101005151,NMB,41,17,233,388.00,"90,404.00"
2019-11-11,2019111101005150,NMB,41,22,50,388.00,"19,400.00"
2019-11-11,2019111101005192,NMB,49,43,120,388.00,"46,560.00"
2019-11-11,2019111101005191,NMB,49,28,100,388.00,"38,800.00"
2019-11-11,2019111101005190,NMB,49,49,980,388.00,"380,240.00"
2019-11-11,2019111101005183,NMB,28,49,20,388.00,"7,760.00"
2019-11-11,2019111101005182,NMB,28,28,980,388.00,"380,240.00"
2019-11-11,2019111101005181,NMB,58,28,20,388.00,"7,760.00"
2019-11-11,2019111101005247,NMB,49,25,100,389.00,"38,900.00"
2019-11-11,2019111101005239,NMB,22,49,63,387.00,"24,381.00"
2019-11-11,2019111101005231,NMB,49,25,400,389.00,"155,600.00"
2019-11-11,2019111101005230,NMB,49,49,800,389.00,"311,200.00"
2019-11-11,2019111101005217,NMB,49,49,200,389.00,"77,800.00"
2019-11-11,2019111101005216,NMB,49,49,"1,000",389.00,"389,000.00"
2019-11-11,2019111101005276,NMB,45,6,300,389.00,"116,700.00"
2019-11-11,2019111101005257,NMB,26,42,192,390.00,"74,880.00"
2019-11-11,2019111101005256,NMB,26,8,228,390.00,"88,920.00"
2019-11-11,2019111101005255,NMB,26,48,80,389.00,"31,120.00"
2019-11-11,2019111101005249,NMB,49,48,220,389.00,"85,580.00"
2019-11-11,2019111101005248,NMB,49,43,880,389.00,"342,320.00"
2019-11-11,2019111101005366,NMB,53,49,660,389.00,"256,740.00"
2019-11-11,2019111101005342,NMB,48,49,40,389.00,"15,560.00"
2019-11-11,2019111101005341,NMB,26,49,300,389.00,"116,700.00"
2019-11-11,2019111101005335,NMB,14,42,100,390.00,"39,000.00"
2019-11-11,2019111101005306,NMB,52,42,300,390.00,"117,000.00"
2019-11-11,2019111101005280,NMB,21,42,100,390.00,"39,000.00"
2019-11-11,2019111101005389,NMB,25,42,308,390.00,"120,120.00"
2019-11-11,2019111101005388,NMB,25,6,37,389.00,"14,393.00"
2019-11-11,2019111101005387,NMB,25,49,"1,575",389.00,"612,675.00"
2019-11-11,2019111101005384,NMB,19,49,50,389.00,"19,450.00"
2019-11-11,2019111101005372,NMB,6,49,35,389.00,"13,615.00"
2019-11-11,2019111101005367,NMB,53,49,340,389.00,"132,260.00"
2019-11-11,2019111101005395,NMB,25,48,300,390.00,"117,000.00"
2019-11-11,2019111101005394,NMB,25,10,133,390.00,"51,870.00"
2019-11-11,2019111101005393,NMB,25,53,"2,500",390.00,"975,000.00"
2019-11-11,2019111101005392,NMB,25,21,"1,000",390.00,"390,000.00"
2019-11-11,2019111101005391,NMB,25,48,380,390.00,"148,200.00"
2019-11-11,2019111101005390,NMB,25,54,100,390.00,"39,000.00"
2019-11-11,2019111101005449,NMB,22,13,300,389.00,"116,700.00"
2019-11-11,2019111101005408,NMB,40,13,200,389.00,"77,800.00"
2019-11-11,2019111101005399,NMB,13,16,83,388.00,"32,204.00"
2019-11-11,2019111101005398,NMB,45,16,200,388.00,"77,600.00"
2019-11-11,2019111101005397,NMB,25,49,"3,529",390.00,"1,376,310.00"
2019-11-11,2019111101005396,NMB,25,34,138,390.00,"53,820.00"
2019-11-11,2019111101005531,NMB,42,46,37,389.00,"14,393.00"
2019-11-11,2019111101005528,NMB,53,13,461,389.00,"179,329.00"
2019-11-11,2019111101005509,NMB,53,59,476,389.00,"185,164.00"
2019-11-11,2019111101005494,NMB,25,49,50,390.00,"19,500.00"
2019-11-11,2019111101005473,NMB,53,49,63,389.00,"24,507.00"
2019-11-11,2019111101005457,NMB,42,49,50,390.00,"19,500.00"
2019-11-11,2019111101005573,NMB,25,14,100,388.00,"38,800.00"
2019-11-11,2019111101005572,NMB,13,14,80,388.00,"31,040.00"
2019-11-11,2019111101005553,NMB,57,46,300,389.00,"116,700.00"
2019-11-11,2019111101005552,NMB,13,42,37,388.00,"14,356.00"
2019-11-11,2019111101005551,NMB,41,46,150,389.00,"58,350.00"
2019-11-11,2019111101005550,NMB,22,46,"1,000",389.00,"389,000.00"
2019-11-11,2019111101005613,NMB,51,13,801,388.00,"310,788.00"
2019-11-11,2019111101005609,NMB,51,49,199,388.00,"77,212.00"
2019-11-11,2019111101005608,NMB,50,49,180,388.00,"69,840.00"
2019-11-11,2019111101005599,NMB,42,39,17,389.00,"6,613.00"
2019-11-11,2019111101005598,NMB,42,46,13,389.00,"5,057.00"
2019-11-11,2019111101005574,NMB,50,14,320,388.00,"124,160.00"
2019-11-11,2019111101005618,NMBMF,45,17,100,505.00,"50,500.00"
2019-11-11,2019111101005529,NNLB,40,25,80,488.00,"39,040.00"
2019-11-11,2019111101005269,NNLB,45,25,100,488.00,"48,800.00"
2019-11-11,2019111101005240,NNLB,45,28,200,488.00,"97,600.00"
2019-11-11,2019111101005211,NNLB,45,6,100,488.00,"48,800.00"
2019-11-11,2019111101005210,NNLB,45,33,100,488.00,"48,800.00"
2019-11-11,2019111101005555,NSEWA,39,42,10,389.00,"3,890.00"
2019-11-11,2019111101005554,NSEWA,39,39,10,389.00,"3,890.00"
2019-11-11,2019111101005537,NSEWA,47,42,10,385.00,"3,850.00"
2019-11-11,2019111101005512,NSEWA,42,42,10,380.00,"3,800.00"
2019-11-11,2019111101005511,NSEWA,42,42,20,382.00,"7,640.00"
2019-11-11,2019111101005510,NSEWA,11,42,10,384.00,"3,840.00"
2019-11-11,2019111101005580,NTC,49,39,25,615.00,"15,375.00"
2019-11-11,2019111101005532,NTC,35,44,400,620.00,"248,000.00"
2019-11-11,2019111101005503,NUBL,41,28,500,900.00,"450,000.00"
2019-11-11,2019111101005502,NUBL,13,28,80,901.00,"72,080.00"
2019-11-11,2019111101005501,NUBL,43,28,70,902.00,"63,140.00"
2019-11-11,2019111101005480,NUBL,45,47,104,914.00,"95,056.00"
2019-11-11,2019111101005479,NUBL,45,49,50,913.00,"45,650.00"
2019-11-11,2019111101005258,NUBL,13,4,20,901.00,"18,020.00"
2019-11-11,2019111101005235,NUBL,58,41,200,913.00,"182,600.00"
2019-11-11,2019111101005234,NUBL,58,17,100,913.00,"91,300.00"
2019-11-11,2019111101005308,OHL,34,57,10,473.00,"4,730.00"
2019-11-11,2019111101005346,OHL,20,57,10,473.00,"4,730.00"
2019-11-11,2019111101005646,PCBL,57,13,638,267.00,"170,346.00"
2019-11-11,2019111101005214,PCBL,47,6,182,266.00,"48,412.00"
2019-11-11,2019111101005213,PCBL,43,6,50,266.00,"13,300.00"
2019-11-11,2019111101005290,PLIC,40,14,20,326.00,"6,520.00"
2019-11-11,2019111101005577,PRIN,32,41,140,314.00,"43,960.00"
2019-11-11,2019111101005382,PRIN,32,34,42,314.00,"13,188.00"
2019-11-11,2019111101005381,PRIN,32,19,100,314.00,"31,400.00"
2019-11-11,2019111101005616,PRVU,48,34,"1,000",267.00,"267,000.00"
2019-11-11,2019111101005603,PRVU,49,25,283,266.00,"75,278.00"
2019-11-11,2019111101005602,PRVU,34,25,100,266.00,"26,600.00"
2019-11-11,2019111101005601,PRVU,58,25,10,266.00,"2,660.00"
2019-11-11,2019111101005600,PRVU,58,25,207,266.00,"55,062.00"
2019-11-11,2019111101005589,PRVU,36,34,"3,000",267.00,"801,000.00"
2019-11-11,2019111101005246,PRVU,39,43,"1,000",267.00,"267,000.00"
2019-11-11,2019111101005236,PRVU,42,6,151,266.00,"40,166.00"
2019-11-11,2019111101005227,PRVU,19,43,100,267.00,"26,700.00"
2019-11-11,2019111101005209,PRVU,51,43,50,267.00,"13,350.00"
2019-11-11,2019111101005312,PRVU,20,40,500,266.00,"133,000.00"
2019-11-11,2019111101005311,PRVU,45,40,100,266.00,"26,600.00"
2019-11-11,2019111101005310,PRVU,42,40,658,266.00,"175,028.00"
2019-11-11,2019111101005262,PRVU,34,44,470,267.00,"125,490.00"
2019-11-11,2019111101005261,PRVU,34,43,530,267.00,"141,510.00"
2019-11-11,2019111101005337,PRVU,1,44,"1,000",267.00,"267,000.00"
2019-11-11,2019111101005336,PRVU,28,22,300,266.00,"79,800.00"
2019-11-11,2019111101005326,PRVU,57,44,200,267.00,"53,400.00"
2019-11-11,2019111101005319,PRVU,21,44,100,267.00,"26,700.00"
2019-11-11,2019111101005316,PRVU,28,45,24,266.00,"6,384.00"
2019-11-11,2019111101005313,PRVU,28,40,629,266.00,"167,314.00"
2019-11-11,2019111101005459,PRVU,45,44,980,267.00,"261,660.00"
2019-11-11,2019111101005406,PRVU,43,43,5,264.00,"1,320.00"
2019-11-11,2019111101005402,PRVU,38,44,200,267.00,"53,400.00"
2019-11-11,2019111101005380,PRVU,28,45,82,266.00,"21,812.00"
2019-11-11,2019111101005353,PRVU,26,44,50,267.00,"13,350.00"
2019-11-11,2019111101005523,PRVU,56,34,200,267.00,"53,400.00"
2019-11-11,2019111101005515,PRVU,28,46,43,266.00,"11,438.00"
2019-11-11,2019111101005514,PRVU,28,46,465,266.00,"123,690.00"
2019-11-11,2019111101005500,PRVU,25,34,50,267.00,"13,350.00"
2019-11-11,2019111101005490,PRVU,16,34,200,267.00,"53,400.00"
2019-11-11,2019111101005460,PRVU,45,34,20,267.00,"5,340.00"
2019-11-11,2019111101005547,PRVU,58,19,43,266.00,"11,438.00"
2019-11-11,2019111101005546,PRVU,28,19,"1,500",266.00,"399,000.00"
2019-11-11,2019111101005545,PRVU,28,19,"1,457",266.00,"387,562.00"
2019-11-11,2019111101005542,PRVU,6,34,35,267.00,"9,345.00"
2019-11-11,2019111101005534,PRVU,48,34,10,267.00,"2,670.00"
2019-11-11,2019111101005533,PRVU,17,34,50,267.00,"13,350.00"
2019-11-11,2019111101005304,RHPC,13,14,150,78.00,"11,700.00"
2019-11-11,2019111101005155,RHPC,1,1,397,79.00,"31,363.00"
2019-11-11,2019111101005154,RHPC,1,7,117,79.00,"9,243.00"
2019-11-11,2019111101005641,RHPL,59,22,50,170.00,"8,500.00"
2019-11-11,2019111101005619,RHPL,59,22,50,170.00,"8,500.00"
2019-11-11,2019111101005584,RHPL,59,22,40,170.00,"6,800.00"
2019-11-11,2019111101005544,RHPL,59,42,30,170.00,"5,100.00"
2019-11-11,2019111101005543,RHPL,56,42,10,171.00,"1,710.00"
2019-11-11,2019111101005535,RHPL,56,42,40,171.00,"6,840.00"
2019-11-11,2019111101005631,RMDC,46,46,1,598.00,598.00
2019-11-11,2019111101005323,RMDC,46,46,1,598.00,598.00
2019-11-11,2019111101005583,RSDC,33,36,63,330.00,"20,790.00"
2019-11-11,2019111101005582,RSDC,33,48,40,330.00,"13,200.00"
2019-11-11,2019111101005536,SANIMA,43,26,100,309.00,"30,900.00"
2019-11-11,2019111101005499,SANIMA,43,55,80,309.00,"24,720.00"
2019-11-11,2019111101005498,SANIMA,51,55,50,309.00,"15,450.00"
2019-11-11,2019111101005340,SANIMA,36,55,150,309.00,"46,350.00"
2019-11-11,2019111101005324,SANIMA,36,55,130,309.00,"40,170.00"
2019-11-11,2019111101005241,SANIMA,22,55,500,309.00,"154,500.00"
2019-11-11,2019111101005186,SANIMA,52,55,90,309.00,"27,810.00"
2019-11-11,2019111101005185,SANIMA,52,26,100,309.00,"30,900.00"
2019-11-11,2019111101005184,SANIMA,52,57,10,309.00,"3,090.00"
2019-11-11,2019111101005414,SBL,14,17,42,294.00,"12,348.00"
2019-11-11,2019111101005330,SBL,58,48,500,293.00,"146,500.00"
2019-11-11,2019111101005329,SBL,58,49,500,293.00,"146,500.00"
2019-11-11,2019111101005176,SBL,38,57,626,292.00,"182,792.00"
2019-11-11,2019111101005612,SDESI,50,19,33,660.00,"21,780.00"
2019-11-11,2019111101005447,SHINE,55,21,90,258.00,"23,220.00"
2019-11-11,2019111101005446,SHINE,55,51,20,256.00,"5,120.00"
2019-11-11,2019111101005403,SHINE,3,51,80,256.00,"20,480.00"
2019-11-11,2019111101005604,SHIVM,29,52,100,494.00,"49,400.00"
2019-11-11,2019111101005507,SHIVM,4,29,50,499.00,"24,950.00"
2019-11-11,2019111101005292,SHIVM,4,29,100,499.00,"49,900.00"
2019-11-11,2019111101005339,SHIVM,4,45,50,500.00,"25,000.00"
2019-11-11,2019111101005328,SHIVM,4,45,50,500.00,"25,000.00"
2019-11-11,2019111101005325,SHIVM,34,52,40,499.00,"19,960.00"
2019-11-11,2019111101005315,SHIVM,4,22,50,499.00,"24,950.00"
2019-11-11,2019111101005302,SHIVM,4,22,50,499.00,"24,950.00"
2019-11-11,2019111101005293,SHIVM,4,22,100,499.00,"49,900.00"
2019-11-11,2019111101005413,SHIVM,45,45,500,495.00,"247,500.00"
2019-11-11,2019111101005409,SHIVM,39,45,100,498.00,"49,800.00"
2019-11-11,2019111101005401,SHIVM,4,25,50,499.00,"24,950.00"
2019-11-11,2019111101005383,SHIVM,4,34,50,499.00,"24,950.00"
2019-11-11,2019111101005371,SHIVM,4,34,100,499.00,"49,900.00"
2019-11-11,2019111101005348,SHIVM,4,34,50,499.00,"24,950.00"
2019-11-11,2019111101005469,SHIVM,4,25,50,499.00,"24,950.00"
2019-11-11,2019111101005458,SHIVM,4,25,50,499.00,"24,950.00"
2019-11-11,2019111101005450,SHIVM,4,25,50,499.00,"24,950.00"
2019-11-11,2019111101005437,SHIVM,4,25,50,499.00,"24,950.00"
2019-11-11,2019111101005423,SHIVM,4,25,50,499.00,"24,950.00"
2019-11-11,2019111101005415,SHIVM,4,25,50,499.00,"24,950.00"
2019-11-11,2019111101005497,SHIVM,4,29,50,499.00,"24,950.00"
2019-11-11,2019111101005486,SHIVM,4,29,50,499.00,"24,950.00"
2019-11-11,2019111101005478,SHIVM,4,25,50,499.00,"24,950.00"
2019-11-11,2019111101005477,SHIVM,4,52,50,499.00,"24,950.00"
2019-11-11,2019111101005476,SHIVM,42,52,50,499.00,"24,950.00"
2019-11-11,2019111101005475,SHIVM,42,25,150,499.00,"74,850.00"
2019-11-11,2019111101005504,SHL,17,40,500,207.00,"103,500.00"
2019-11-11,2019111101005493,SHL,51,40,500,207.00,"103,500.00"
2019-11-11,2019111101005492,SHL,58,58,"1,000",208.00,"208,000.00"
2019-11-11,2019111101005491,SHL,58,43,200,208.00,"41,600.00"
2019-11-11,2019111101005465,SHL,55,48,200,208.00,"41,600.00"
2019-11-11,2019111101005279,SHL,16,48,250,208.00,"52,000.00"
2019-11-11,2019111101005228,SHPC,58,40,440,187.00,"82,280.00"
2019-11-11,2019111101005489,SIL,44,25,10,384.00,"3,840.00"
2019-11-11,2019111101005334,SIL,25,6,93,377.00,"35,061.00"
2019-11-11,2019111101005307,SIL,25,51,30,376.00,"11,280.00"
2019-11-11,2019111101005301,SIL,25,35,102,375.00,"38,250.00"
2019-11-11,2019111101005297,SIL,25,43,21,373.00,"7,833.00"
2019-11-11,2019111101005296,SIL,25,43,50,374.00,"18,700.00"
2019-11-11,2019111101005287,SIL,25,41,150,374.00,"56,100.00"
2019-11-11,2019111101005597,SJCL,35,14,10,170.00,"1,700.00"
2019-11-11,2019111101005596,SJCL,35,46,10,169.00,"1,690.00"
2019-11-11,2019111101005595,SJCL,35,42,20,169.00,"3,380.00"
2019-11-11,2019111101005594,SJCL,35,42,20,169.00,"3,380.00"
2019-11-11,2019111101005593,SJCL,35,40,20,169.00,"3,380.00"
2019-11-11,2019111101005592,SJCL,35,40,20,169.00,"3,380.00"
2019-11-11,2019111101005221,SJCL,35,4,20,167.00,"3,340.00"
2019-11-11,2019111101005220,SJCL,35,46,20,166.00,"3,320.00"
2019-11-11,2019111101005219,SJCL,35,25,10,166.00,"1,660.00"
2019-11-11,2019111101005172,SJCL,35,46,20,166.00,"3,320.00"
2019-11-11,2019111101005355,SJCL,35,1,80,169.00,"13,520.00"
2019-11-11,2019111101005354,SJCL,35,40,20,169.00,"3,380.00"
2019-11-11,2019111101005345,SJCL,35,4,100,167.00,"16,700.00"
2019-11-11,2019111101005333,SJCL,35,4,880,167.00,"146,960.00"
2019-11-11,2019111101005332,SJCL,35,10,100,166.00,"16,600.00"
2019-11-11,2019111101005591,SJCL,35,14,20,169.00,"3,380.00"
2019-11-11,2019111101005590,SJCL,35,1,100,169.00,"16,900.00"
2019-11-11,2019111101005556,SKBBL,46,46,3,930.00,"2,790.00"
2019-11-11,2019111101005327,SKBBL,7,44,"1,000",948.00,"948,000.00"
2019-11-11,2019111101005638,SLICL,51,54,112,261.00,"29,232.00"
2019-11-11,2019111101005471,SLICL,1,54,200,260.00,"52,000.00"
2019-11-11,2019111101005416,SLICL,29,34,100,257.00,"25,700.00"
2019-11-11,2019111101005648,SMB,17,39,10,438.00,"4,380.00"
2019-11-11,2019111101005513,SMB,40,47,30,430.00,"12,900.00"
2019-11-11,2019111101005468,SMB,40,45,10,430.00,"4,300.00"
2019-11-11,2019111101005407,SMFBS,22,10,10,821.00,"8,210.00"
2019-11-11,2019111101005576,SMFDB,26,32,85,535.00,"45,475.00"
2019-11-11,2019111101005575,SMFDB,26,21,15,535.00,"8,025.00"
2019-11-11,2019111101005162,SMFDB,45,49,10,535.00,"5,350.00"
2019-11-11,2019111101005587,SWBBL,55,4,50,935.00,"46,750.00"
2019-11-11,2019111101005586,SWBBL,58,4,50,942.00,"47,100.00"
2019-11-11,2019111101005585,SWBBL,39,4,400,943.00,"377,200.00"
2019-11-11,2019111101005253,SWBBL,58,51,20,942.00,"18,840.00"
2019-11-11,2019111101005252,SWBBL,58,35,30,940.00,"28,200.00"
2019-11-11,2019111101005251,SWBBL,58,39,100,940.00,"94,000.00"
2019-11-11,2019111101005229,SWBBL,47,44,63,939.00,"59,157.00"
2019-11-11,2019111101005215,SWBBL,47,44,50,939.00,"46,950.00"
2019-11-11,2019111101005208,SWBBL,47,44,22,939.00,"20,658.00"
2019-11-11,2019111101005198,SWBBL,47,44,55,939.00,"51,645.00"
2019-11-11,2019111101005193,SWBBL,47,44,20,939.00,"18,780.00"
2019-11-11,2019111101005569,UPPER,29,42,50,232.00,"11,600.00"
2019-11-11,2019111101005568,UPPER,29,4,25,232.00,"5,800.00"
2019-11-11,2019111101005567,UPPER,22,4,50,233.00,"11,650.00"
2019-11-11,2019111101005566,UPPER,42,4,25,233.00,"5,825.00"
2019-11-11,2019111101005378,UPPER,25,42,30,235.00,"7,050.00"
2019-11-11,2019111101005377,UPPER,40,42,20,235.00,"4,700.00"
2019-11-11,2019111101005284,UPPER,41,25,40,233.00,"9,320.00"
2019-11-11,2019111101005156,UPPER,29,56,10,232.00,"2,320.00"
2019-11-11,2019111101005376,UPPER,40,6,40,235.00,"9,400.00"
2019-11-11,2019111101005375,UPPER,40,41,600,235.00,"141,000.00"
2019-11-11,2019111101005374,UPPER,40,52,200,235.00,"47,000.00"
2019-11-11,2019111101005373,UPPER,40,57,140,235.00,"32,900.00"
2019-11-11,2019111101005286,UPPER,41,39,879,234.00,"205,686.00"
2019-11-11,2019111101005285,UPPER,41,32,21,234.00,"4,914.00"
2019-11-11,2019111101005563,VLBS,7,44,100,610.00,"61,000.00"
2019-11-11,2019111101005562,VLBS,7,44,30,610.00,"18,300.00"
2019-11-11,2019111101005558,VLBS,17,11,100,604.00,"60,400.00"
2019-11-11,2019111101005557,VLBS,22,11,100,605.00,"60,500.00"
2019-11-11,2019111101005259,VLBS,45,36,69,615.00,"42,435.00"
2019-11-11,2019111101005224,VLBS,45,50,50,615.00,"30,750.00"
2019-11-11,2019111101005223,VLBS,45,34,31,615.00,"19,065.00"
2019-11-11,2019111101005222,VLBS,45,33,50,614.00,"30,700.00"
2019-11-11,2019111101005096,ADBL,25,22,70,418.00,"29,260.00"
2019-11-11,2019111101004742,AHPC,28,28,15,100.00,"1,500.00"
2019-11-11,2019111101004718,AHPC,28,28,10,99.00,990.00
2019-11-11,2019111101004717,AHPC,28,39,10,98.00,980.00
2019-11-11,2019111101004716,AHPC,28,48,90,98.00,"8,820.00"
2019-11-11,2019111101005103,AKJCL,56,17,20,57.00,"1,140.00"
2019-11-11,2019111101004968,AKJCL,51,22,150,56.00,"8,400.00"
2019-11-11,2019111101004967,AKJCL,51,22,40,56.00,"2,240.00"
2019-11-11,2019111101004906,AKJCL,43,22,10,56.00,560.00
2019-11-11,2019111101004905,AKJCL,43,22,10,55.00,550.00
2019-11-11,2019111101004738,AKJCL,56,22,10,55.00,550.00
2019-11-11,2019111101005005,AKPL,26,25,10,127.00,"1,270.00"
2019-11-11,2019111101005004,AKPL,26,17,20,125.00,"2,500.00"
2019-11-11,2019111101005003,AKPL,26,46,13,123.00,"1,599.00"
2019-11-11,2019111101004828,AKPL,38,17,154,125.00,"19,250.00"
2019-11-11,2019111101004699,AKPL,38,25,10,125.00,"1,250.00"
2019-11-11,2019111101004974,ALICL,5,48,10,313.00,"3,130.00"
2019-11-11,2019111101005133,BFC,34,34,10,93.00,930.00
2019-11-11,2019111101005105,BFC,34,50,125,92.00,"11,500.00"
2019-11-11,2019111101005104,BFC,34,6,10,92.00,920.00
2019-11-11,2019111101004950,BOKL,17,16,"1,000",226.00,"226,000.00"
2019-11-11,2019111101004860,BPCL,46,47,113,363.00,"41,019.00"
2019-11-11,2019111101004703,BPCL,46,42,10,363.00,"3,630.00"
2019-11-11,2019111101004680,BPCL,45,47,70,367.00,"25,690.00"
2019-11-11,2019111101004679,BPCL,45,47,55,366.00,"20,130.00"
2019-11-11,2019111101004678,BPCL,45,51,42,365.00,"15,330.00"
2019-11-11,2019111101004677,BPCL,45,39,33,364.00,"12,012.00"
2019-11-11,2019111101004708,CBBL,44,4,50,973.00,"48,650.00"
2019-11-11,2019111101005007,CBL,8,42,500,140.00,"70,000.00"
2019-11-11,2019111101005057,CCBL,45,6,29,155.00,"4,495.00"
2019-11-11,2019111101005008,CCBL,4,4,2,154.00,308.00
2019-11-11,2019111101005024,CFCL,1,36,10,108.00,"1,080.00"
2019-11-11,2019111101005100,CHCL,29,41,183,450.00,"82,350.00"
2019-11-11,2019111101005046,CHCL,14,41,500,450.00,"225,000.00"
2019-11-11,2019111101005000,CHCL,29,22,617,448.00,"276,416.00"
2019-11-11,2019111101004870,CHCL,34,41,"1,465",450.00,"659,250.00"
2019-11-11,2019111101004869,CHCL,34,56,300,449.00,"134,700.00"
2019-11-11,2019111101004868,CHCL,34,38,175,449.00,"78,575.00"
2019-11-11,2019111101004867,CHCL,34,13,60,448.00,"26,880.00"
2019-11-11,2019111101004812,CHCL,34,58,40,448.00,"17,920.00"
2019-11-11,2019111101004811,CHCL,57,58,400,448.00,"179,200.00"
2019-11-11,2019111101004810,CHCL,47,58,500,448.00,"224,000.00"
2019-11-11,2019111101004809,CHCL,49,58,50,448.00,"22,400.00"
2019-11-11,2019111101004771,CHCL,6,38,384,449.00,"172,416.00"
2019-11-11,2019111101004881,CHL,58,8,10,79.00,790.00
2019-11-11,2019111101005145,CIT,6,44,50,"1,775.00","88,750.00"
2019-11-11,2019111101005101,CZBIL,17,25,54,190.00,"10,260.00"
2019-11-11,2019111101004788,CZBIL,17,13,10,190.00,"1,900.00"
2019-11-11,2019111101004787,CZBIL,42,13,100,190.00,"19,000.00"
2019-11-11,2019111101004782,CZBIL,21,49,100,191.00,"19,100.00"
2019-11-11,2019111101004776,CZBIL,5,49,100,191.00,"19,100.00"
2019-11-11,2019111101005121,DBBL,32,41,100,125.00,"12,500.00"
2019-11-11,2019111101005106,DBBL,53,41,500,126.00,"63,000.00"
2019-11-11,2019111101005069,DBBL,25,25,200,125.00,"25,000.00"
2019-11-11,2019111101004988,DBBL,25,32,"1,227",126.00,"154,602.00"
2019-11-11,2019111101004987,DBBL,25,58,"1,000",125.00,"125,000.00"
2019-11-11,2019111101004986,DBBL,25,25,283,125.00,"35,375.00"
2019-11-11,2019111101004985,DBBL,25,34,490,125.00,"61,250.00"
2019-11-11,2019111101005111,DDBL,58,47,100,751.00,"75,100.00"
2019-11-11,2019111101005110,DDBL,58,32,110,750.00,"82,500.00"
2019-11-11,2019111101005109,DDBL,58,34,25,750.00,"18,750.00"
2019-11-11,2019111101005108,DDBL,58,46,22,750.00,"16,500.00"
2019-11-11,2019111101004915,DDBL,46,46,128,750.00,"96,000.00"
2019-11-11,2019111101004914,DDBL,46,53,72,750.00,"54,000.00"
2019-11-11,2019111101004913,DDBL,46,44,200,750.00,"150,000.00"
2019-11-11,2019111101004731,DDBL,16,17,200,749.00,"149,800.00"
2019-11-11,2019111101004783,EBL,58,45,10,565.00,"5,650.00"
2019-11-11,2019111101004750,EBL,26,34,100,556.00,"55,600.00"
2019-11-11,2019111101004749,EBL,26,29,50,556.00,"27,800.00"
2019-11-11,2019111101004693,EBL,26,29,20,556.00,"11,120.00"
2019-11-11,2019111101004969,EIC,5,34,100,226.00,"22,600.00"
2019-11-11,2019111101005065,FOWAD,26,45,111,"1,355.00","150,405.00"
2019-11-11,2019111101005059,FOWAD,26,45,489,"1,355.00","662,595.00"
2019-11-11,2019111101005058,FOWAD,26,35,11,"1,354.00","14,894.00"
2019-11-11,2019111101005056,FOWAD,26,35,49,"1,354.00","66,346.00"
2019-11-11,2019111101005055,FOWAD,26,36,100,"1,354.00","135,400.00"
2019-11-11,2019111101005054,FOWAD,26,47,231,"1,353.00","312,543.00"
2019-11-11,2019111101005053,FOWAD,26,46,50,"1,350.00","67,500.00"
2019-11-11,2019111101005052,FOWAD,26,34,70,"1,349.00","94,430.00"
2019-11-11,2019111101004927,FOWAD,51,17,109,"1,345.00","146,605.00"
2019-11-11,2019111101005047,GBBL,29,4,500,221.00,"110,500.00"
2019-11-11,2019111101004971,GBBL,17,4,50,221.00,"11,050.00"
2019-11-11,2019111101004882,GBLBS,18,13,15,315.00,"4,725.00"
2019-11-11,2019111101004728,GGBSL,57,43,10,360.00,"3,600.00"
2019-11-11,2019111101005135,HBL,8,5,100,484.00,"48,400.00"
2019-11-11,2019111101005119,HBL,13,5,100,485.00,"48,500.00"
2019-11-11,2019111101005114,HBL,8,5,898,484.00,"434,632.00"
2019-11-11,2019111101005113,HBL,44,5,50,484.00,"24,200.00"
2019-11-11,2019111101005112,HBL,32,5,52,484.00,"25,168.00"
2019-11-11,2019111101004925,HBL,25,52,10,487.00,"4,870.00"
2019-11-11,2019111101004924,HBL,25,5,10,485.00,"4,850.00"
2019-11-11,2019111101004902,HBL,26,5,900,485.00,"436,500.00"
2019-11-11,2019111101005120,HIDCL,46,46,5,133.00,665.00
2019-11-11,2019111101005022,HPPL,58,46,20,135.00,"2,700.00"
2019-11-11,2019111101004970,HPPL,58,22,10,135.00,"1,350.00"
2019-11-11,2019111101004942,HPPL,1,1,10,136.00,"1,360.00"
2019-11-11,2019111101004895,HPPL,58,8,10,135.00,"1,350.00"
2019-11-11,2019111101005095,ICFC,19,41,100,161.00,"16,100.00"
2019-11-11,2019111101005094,ICFC,19,32,644,160.00,"103,040.00"
2019-11-11,2019111101005009,ICFC,17,10,200,159.00,"31,800.00"
2019-11-11,2019111101004781,ILBS,7,42,10,480.00,"4,800.00"
2019-11-11,2019111101004780,ILBS,7,19,100,480.00,"48,000.00"
2019-11-11,2019111101004779,ILBS,7,45,50,480.00,"24,000.00"
2019-11-11,2019111101004778,ILBS,7,34,30,479.00,"14,370.00"
2019-11-11,2019111101004921,KBL,6,19,"1,000",182.00,"182,000.00"
2019-11-11,2019111101004920,KBL,6,35,56,182.00,"10,192.00"
2019-11-11,2019111101004919,KBL,6,25,95,182.00,"17,290.00"
2019-11-11,2019111101004808,KBL,58,19,"4,000",181.00,"724,000.00"
2019-11-11,2019111101004777,KBL,58,41,212,181.00,"38,372.00"
2019-11-11,2019111101004725,KBL,58,45,592,181.00,"107,152.00"
2019-11-11,2019111101004698,KBL,59,35,50,182.00,"9,100.00"
2019-11-11,2019111101004949,KKHC,1,1,16,55.00,880.00
2019-11-11,2019111101004930,KSBBL,14,37,100,146.00,"14,600.00"
2019-11-11,2019111101004929,KSBBL,14,25,62,145.00,"8,990.00"
2019-11-11,2019111101005123,LBL,47,28,50,220.00,"11,000.00"
2019-11-11,2019111101005042,LBL,35,28,500,220.00,"110,000.00"
2019-11-11,2019111101005041,LBL,25,28,100,220.00,"22,000.00"
2019-11-11,2019111101005040,LBL,14,28,707,220.00,"155,540.00"
2019-11-11,2019111101005115,LEMF,21,5,"3,000",6.73,"20,190.00"
2019-11-11,2019111101004850,LGIL,48,17,67,320.00,"21,440.00"
2019-11-11,2019111101004729,LICN,39,29,26,980.00,"25,480.00"
2019-11-11,2019111101004724,LICN,54,29,20,980.00,"19,600.00"
2019-11-11,2019111101005088,MBL,22,49,300,230.00,"69,000.00"
2019-11-11,2019111101004959,MEGA,6,44,100,188.00,"18,800.00"
2019-11-11,2019111101004958,MEGA,6,28,700,188.00,"131,600.00"
2019-11-11,2019111101004957,MEGA,6,43,200,188.00,"37,600.00"
2019-11-11,2019111101004773,MEGA,17,35,680,187.00,"127,160.00"
2019-11-11,2019111101004764,MEGA,41,35,350,187.00,"65,450.00"
