Date,Transact. No.,Symbol,Buyer,Seller,Quantity,Rate,Amount
2019-10-10,2019101001000879,ADBL,47,35,68,415.00,"28,220.00"
2019-10-10,2019101001001021,AKBSL,19,38,10,410.00,"4,100.00"
2019-10-10,2019101001000996,AKBSL,19,38,10,410.00,"4,100.00"
2019-10-10,2019101001000737,AKBSL,19,32,10,410.00,"4,100.00"
2019-10-10,2019101001000903,AKJCL,29,58,10,54.00,540.00
2019-10-10,2019101001000703,AKJCL,29,58,10,54.00,540.00
2019-10-10,2019101001000663,AKJCL,29,58,10,54.00,540.00
2019-10-10,2019101001001048,AKPL,45,46,20,142.00,"2,840.00"
2019-10-10,2019101001001047,AKPL,45,45,30,132.00,"3,960.00"
2019-10-10,2019101001001028,AKPL,45,45,20,134.00,"2,680.00"
2019-10-10,2019101001000844,AKPL,42,57,210,136.00,"28,560.00"
2019-10-10,2019101001000704,AKPL,42,58,10,136.00,"1,360.00"
2019-10-10,2019101001001023,ALBSL,28,38,10,385.00,"3,850.00"
2019-10-10,2019101001000794,ALBSL,28,22,10,385.00,"3,850.00"
2019-10-10,2019101001001110,ALICL,32,28,60,314.00,"18,840.00"
2019-10-10,2019101001001066,ALICL,41,28,40,314.00,"12,560.00"
2019-10-10,2019101001000810,ALICL,28,36,500,314.00,"157,000.00"
2019-10-10,2019101001000809,ALICL,40,36,50,314.00,"15,700.00"
2019-10-10,2019101001000793,API,45,49,"1,037",112.00,"116,144.00"
2019-10-10,2019101001000792,API,39,49,200,113.00,"22,600.00"
2019-10-10,2019101001000791,API,57,49,20,113.00,"2,260.00"
2019-10-10,2019101001000790,API,26,49,50,113.00,"5,650.00"
2019-10-10,2019101001000789,API,41,49,193,113.00,"21,809.00"
2019-10-10,2019101001000744,API,41,6,11,113.00,"1,243.00"
2019-10-10,2019101001001075,BOKL,10,35,250,240.00,"60,000.00"
2019-10-10,2019101001001074,BOKL,10,6,540,240.00,"129,600.00"
2019-10-10,2019101001001073,BOKL,10,47,200,240.00,"48,000.00"
2019-10-10,2019101001001043,BOKL,42,6,10,240.00,"2,400.00"
2019-10-10,2019101001001042,BOKL,42,7,300,237.00,"71,100.00"
2019-10-10,2019101001000880,BOKL,42,14,50,236.00,"11,800.00"
2019-10-10,2019101001000702,BOKL,35,35,50,235.00,"11,750.00"
2019-10-10,2019101001000701,BOKL,6,35,100,235.00,"23,500.00"
2019-10-10,2019101001000700,BOKL,34,35,100,235.00,"23,500.00"
2019-10-10,2019101001001005,BPCL,43,47,10,365.00,"3,650.00"
2019-10-10,2019101001000885,CBBL,48,51,30,970.00,"29,100.00"
2019-10-10,2019101001000746,CBBL,32,55,50,970.00,"48,500.00"
2019-10-10,2019101001000716,CBBL,58,19,220,970.00,"213,400.00"
2019-10-10,2019101001000658,CBBL,14,51,50,971.00,"48,550.00"
2019-10-10,2019101001001125,CBL,57,29,115,145.00,"16,675.00"
2019-10-10,2019101001001124,CBL,57,14,80,145.00,"11,600.00"
2019-10-10,2019101001001070,CBL,43,14,10,145.00,"1,450.00"
2019-10-10,2019101001001022,CBL,14,14,"1,000",144.00,"144,000.00"
2019-10-10,2019101001000928,CBL,22,56,100,144.00,"14,400.00"
2019-10-10,2019101001000927,CBL,57,56,300,144.00,"43,200.00"
2019-10-10,2019101001000902,CCBL,42,34,200,155.00,"31,000.00"
2019-10-10,2019101001001136,CEFL,11,48,50,114.00,"5,700.00"
2019-10-10,2019101001000677,CHCL,49,56,100,425.00,"42,500.00"
2019-10-10,2019101001000911,CIT,49,35,34,"1,776.00","60,384.00"
2019-10-10,2019101001001009,CZBIL,57,40,374,197.00,"73,678.00"
2019-10-10,2019101001000910,CZBIL,14,58,10,196.00,"1,960.00"
2019-10-10,2019101001000846,CZBIL,33,40,40,197.00,"7,880.00"
2019-10-10,2019101001000761,CZBIL,14,29,160,196.00,"31,360.00"
2019-10-10,2019101001000666,CZBIL,14,58,10,196.00,"1,960.00"
2019-10-10,2019101001001068,DBBL,42,56,100,129.00,"12,900.00"
2019-10-10,2019101001001062,DBBL,42,56,100,129.00,"12,900.00"
2019-10-10,2019101001000948,DBBL,17,56,386,129.00,"49,794.00"
2019-10-10,2019101001001092,EBL,32,14,50,574.00,"28,700.00"
2019-10-10,2019101001001091,EBL,52,14,50,574.00,"28,700.00"
2019-10-10,2019101001001090,EBL,46,14,100,574.00,"57,400.00"
2019-10-10,2019101001000946,EBL,14,44,30,575.00,"17,250.00"
2019-10-10,2019101001000831,EBL,14,57,18,575.00,"10,350.00"
2019-10-10,2019101001000762,EBL,14,19,117,575.00,"67,275.00"
2019-10-10,2019101001000683,EBL,42,57,150,577.00,"86,550.00"
2019-10-10,2019101001001151,EIC,34,41,20,236.00,"4,720.00"
2019-10-10,2019101001001150,EIC,58,41,130,238.00,"30,940.00"
2019-10-10,2019101001001103,EIC,58,41,170,238.00,"40,460.00"
2019-10-10,2019101001000838,EIC,58,51,90,238.00,"21,420.00"
2019-10-10,2019101001000833,EIC,38,51,20,239.00,"4,780.00"
2019-10-10,2019101001000832,EIC,56,51,40,239.00,"9,560.00"
2019-10-10,2019101001000800,EIC,22,14,50,240.00,"12,000.00"
2019-10-10,2019101001000759,EIC,38,14,35,240.00,"8,400.00"
2019-10-10,2019101001000760,FOWAD,47,50,20,"1,284.00","25,680.00"
2019-10-10,2019101001000747,GBBL,57,32,250,212.00,"53,000.00"
2019-10-10,2019101001000711,GBBL,37,32,100,212.00,"21,200.00"
2019-10-10,2019101001000713,GBLBS,45,45,10,319.00,"3,190.00"
2019-10-10,2019101001000706,GBLBS,45,58,10,319.00,"3,190.00"
2019-10-10,2019101001001001,GFCL,13,59,35,140.00,"4,900.00"
2019-10-10,2019101001000972,GFCL,13,59,35,138.00,"4,830.00"
2019-10-10,2019101001000926,GFCL,13,59,35,136.00,"4,760.00"
2019-10-10,2019101001000893,GFCL,13,59,35,134.00,"4,690.00"
2019-10-10,2019101001000804,GFCL,5,52,10,132.00,"1,320.00"
2019-10-10,2019101001000672,GLBSL,32,58,10,430.00,"4,300.00"
2019-10-10,2019101001001004,GMFBS,32,38,10,454.00,"4,540.00"
2019-10-10,2019101001000994,HIDCL,32,40,688,133.00,"91,504.00"
2019-10-10,2019101001000753,HIDCL,32,45,183,131.00,"23,973.00"
2019-10-10,2019101001000752,HIDCL,45,45,87,131.00,"11,397.00"
2019-10-10,2019101001000742,HIDCL,45,6,13,131.00,"1,703.00"
2019-10-10,2019101001000839,HPPL,45,42,20,144.00,"2,880.00"
2019-10-10,2019101001000707,HPPL,59,58,10,140.00,"1,400.00"
2019-10-10,2019101001000705,HURJA,22,17,10,106.00,"1,060.00"
2019-10-10,2019101001001079,IGI,42,19,200,290.00,"58,000.00"
2019-10-10,2019101001001072,IGI,42,7,200,290.00,"58,000.00"
2019-10-10,2019101001000813,ILBS,55,50,20,421.00,"8,420.00"
2019-10-10,2019101001000812,ILBS,55,50,30,422.00,"12,660.00"
2019-10-10,2019101001000811,ILBS,57,50,40,423.00,"16,920.00"
2019-10-10,2019101001000724,ILBS,57,32,10,423.00,"4,230.00"
2019-10-10,2019101001000758,JBBL,22,58,200,160.00,"32,000.00"
2019-10-10,2019101001000712,JBBL,57,29,80,157.00,"12,560.00"
2019-10-10,2019101001001104,JFL,8,17,250,196.00,"49,000.00"
2019-10-10,2019101001000960,KBL,42,42,43,181.00,"7,783.00"
2019-10-10,2019101001000913,KBL,33,42,257,181.00,"46,517.00"
2019-10-10,2019101001000912,KBL,33,42,43,181.00,"7,783.00"
2019-10-10,2019101001000797,KBL,47,42,100,181.00,"18,100.00"
2019-10-10,2019101001000796,KBL,6,42,157,181.00,"28,417.00"
2019-10-10,2019101001000708,KPCL,22,58,10,79.00,790.00
2019-10-10,2019101001000673,KPCL,22,58,10,79.00,790.00
2019-10-10,2019101001000915,KPCL,22,58,10,79.00,790.00
2019-10-10,2019101001000995,KSBBL,33,50,200,143.00,"28,600.00"
2019-10-10,2019101001000886,KSBBL,32,29,103,144.00,"14,832.00"
2019-10-10,2019101001000710,KSBBL,57,59,60,144.00,"8,640.00"
2019-10-10,2019101001001135,LBBL,33,14,10,176.00,"1,760.00"
2019-10-10,2019101001001121,LBBL,19,36,102,174.00,"17,748.00"
2019-10-10,2019101001001120,LBBL,33,14,10,176.00,"1,760.00"
2019-10-10,2019101001001119,LBBL,33,4,55,175.00,"9,625.00"
2019-10-10,2019101001001118,LBBL,33,58,300,175.00,"52,500.00"
2019-10-10,2019101001000717,LBBL,38,29,11,174.00,"1,914.00"
2019-10-10,2019101001000690,LBBL,57,58,100,175.00,"17,500.00"
2019-10-10,2019101001000689,LBBL,51,58,100,175.00,"17,500.00"
2019-10-10,2019101001000818,LBL,17,45,143,213.00,"30,459.00"
2019-10-10,2019101001000816,LBL,17,45,193,213.00,"41,109.00"
2019-10-10,2019101001000755,LBL,41,45,42,213.00,"8,946.00"
2019-10-10,2019101001001113,LGIL,47,41,10,360.00,"3,600.00"
2019-10-10,2019101001000656,LGIL,42,35,100,360.00,"36,000.00"
2019-10-10,2019101001000655,LGIL,42,57,30,360.00,"10,800.00"
2019-10-10,2019101001000896,LICN,6,35,50,981.00,"49,050.00"
2019-10-10,2019101001000895,LICN,36,35,30,981.00,"29,430.00"
2019-10-10,2019101001000890,MBL,33,51,"2,000",223.00,"446,000.00"
2019-10-10,2019101001000862,MBL,33,51,"1,720",222.00,"381,840.00"
2019-10-10,2019101001000861,MBL,34,51,250,223.00,"55,750.00"
2019-10-10,2019101001000860,MBL,32,51,30,223.00,"6,690.00"
2019-10-10,2019101001000669,MBL,32,19,190,223.00,"42,370.00"
2019-10-10,2019101001000668,MBL,42,19,300,224.00,"67,200.00"
2019-10-10,2019101001000667,MBL,41,19,10,225.00,"2,250.00"
2019-10-10,2019101001000735,MDB,35,35,60,249.00,"14,940.00"
2019-10-10,2019101001001133,MEGA,43,42,10,196.00,"1,960.00"
2019-10-10,2019101001001128,MEGA,32,56,80,195.00,"15,600.00"
2019-10-10,2019101001001127,MEGA,28,56,365,195.00,"71,175.00"
2019-10-10,2019101001001032,MEGA,13,42,150,196.00,"29,400.00"
2019-10-10,2019101001001002,MEGA,54,42,100,196.00,"19,600.00"
2019-10-10,2019101001000654,MEGA,28,39,116,195.00,"22,620.00"
2019-10-10,2019101001000653,MEGA,32,39,113,195.00,"22,035.00"
2019-10-10,2019101001000676,MEGA,53,49,100,196.00,"19,600.00"
2019-10-10,2019101001000868,MEGA,34,10,500,198.00,"99,000.00"
2019-10-10,2019101001000814,MEGA,50,28,500,198.00,"99,000.00"
2019-10-10,2019101001000757,MEGA,28,45,19,195.00,"3,705.00"
2019-10-10,2019101001000981,MEGA,19,48,20,197.00,"3,940.00"
2019-10-10,2019101001000783,MHNL,22,59,55,82.00,"4,510.00"
2019-10-10,2019101001001061,MLBL,51,8,676,217.00,"146,692.00"
2019-10-10,2019101001001060,MLBL,51,33,300,217.00,"65,100.00"
2019-10-10,2019101001001059,MLBL,51,43,216,217.00,"46,872.00"
2019-10-10,2019101001001058,MLBL,51,53,500,217.00,"108,500.00"
2019-10-10,2019101001001057,MLBL,51,40,200,216.00,"43,200.00"
2019-10-10,2019101001001056,MLBL,51,43,108,216.00,"23,328.00"
2019-10-10,2019101001000722,MLBL,39,5,236,214.00,"50,504.00"
2019-10-10,2019101001000721,MLBL,14,5,50,214.00,"10,700.00"
2019-10-10,2019101001000720,MLBL,14,5,"1,000",214.00,"214,000.00"
2019-10-10,2019101001000719,MLBL,45,5,235,214.00,"50,290.00"
2019-10-10,2019101001000718,MLBL,34,5,479,214.00,"102,506.00"
2019-10-10,2019101001000674,MLBL,29,33,443,215.00,"95,245.00"
2019-10-10,2019101001000853,MLBL,57,50,200,216.00,"43,200.00"
2019-10-10,2019101001000850,MLBL,51,14,200,215.00,"43,000.00"
2019-10-10,2019101001000849,MLBL,51,34,100,215.00,"21,500.00"
2019-10-10,2019101001000848,MLBL,14,34,50,215.00,"10,750.00"
2019-10-10,2019101001000830,MLBL,59,34,450,215.00,"96,750.00"
2019-10-10,2019101001000763,MLBL,39,33,500,215.00,"107,500.00"
2019-10-10,2019101001000950,MLBL,45,43,50,216.00,"10,800.00"
2019-10-10,2019101001000878,MLBL,51,43,50,216.00,"10,800.00"
2019-10-10,2019101001000877,MLBL,51,40,100,216.00,"21,600.00"
2019-10-10,2019101001000876,MLBL,51,14,300,216.00,"64,800.00"
2019-10-10,2019101001000875,MLBL,51,50,250,216.00,"54,000.00"
2019-10-10,2019101001000871,MLBL,51,33,"1,000",215.00,"215,000.00"
2019-10-10,2019101001000837,MNBBL,37,32,100,308.00,"30,800.00"
2019-10-10,2019101001000777,MNBBL,19,57,200,309.00,"61,800.00"
2019-10-10,2019101001001115,NABIL,22,3,20,770.00,"15,400.00"
2019-10-10,2019101001001114,NABIL,22,3,35,770.00,"26,950.00"
2019-10-10,2019101001001107,NABIL,14,3,20,773.00,"15,460.00"
2019-10-10,2019101001001067,NABIL,11,3,14,773.00,"10,822.00"
2019-10-10,2019101001000894,NABIL,42,3,100,773.00,"77,300.00"
2019-10-10,2019101001000881,NABIL,22,45,15,770.00,"11,550.00"
2019-10-10,2019101001000806,NADEP,28,22,11,401.00,"4,411.00"
2019-10-10,2019101001000805,NADEP,28,22,20,401.00,"8,020.00"
2019-10-10,2019101001001108,NBL,43,11,10,318.00,"3,180.00"
2019-10-10,2019101001000993,NBL,14,43,"1,000",317.00,"317,000.00"
2019-10-10,2019101001000766,NBL,34,6,60,316.00,"18,960.00"
2019-10-10,2019101001000751,NBL,22,6,10,316.00,"3,160.00"
2019-10-10,2019101001000750,NBL,32,6,500,316.00,"158,000.00"
2019-10-10,2019101001000749,NBL,35,6,30,316.00,"9,480.00"
2019-10-10,2019101001001099,NCCB,26,7,19,199.00,"3,781.00"
2019-10-10,2019101001001076,NCCB,38,51,21,201.00,"4,221.00"
2019-10-10,2019101001001020,NCCB,5,50,350,200.00,"70,000.00"
2019-10-10,2019101001001019,NCCB,5,50,473,200.00,"94,600.00"
2019-10-10,2019101001000899,NCCB,47,50,27,200.00,"5,400.00"
2019-10-10,2019101001000785,NCCB,26,50,150,200.00,"30,000.00"
2019-10-10,2019101001001117,NGPL,39,6,77,99.00,"7,623.00"
2019-10-10,2019101001000756,NHDL,56,58,10,94.00,940.00
2019-10-10,2019101001000982,NHPC,3,13,100,53.00,"5,300.00"
2019-10-10,2019101001000824,NHPC,3,56,"1,400",53.00,"74,200.00"
2019-10-10,2019101001000909,NIB,35,22,17,442.00,"7,514.00"
2019-10-10,2019101001000907,NIB,45,22,65,442.00,"28,730.00"
2019-10-10,2019101001000901,NIB,45,57,232,444.00,"103,008.00"
2019-10-10,2019101001000900,NIB,45,45,15,443.00,"6,645.00"
2019-10-10,2019101001000859,NIB,45,57,35,441.00,"15,435.00"
2019-10-10,2019101001000858,NIB,37,57,47,441.00,"20,727.00"
2019-10-10,2019101001000857,NIB,6,57,100,442.00,"44,200.00"
2019-10-10,2019101001000856,NIB,37,57,50,442.00,"22,100.00"
2019-10-10,2019101001001015,NICA,14,22,100,385.00,"38,500.00"
2019-10-10,2019101001001014,NICA,14,59,98,385.00,"37,730.00"
2019-10-10,2019101001000951,NICA,41,59,10,385.00,"3,850.00"
2019-10-10,2019101001000699,NICA,42,59,42,385.00,"16,170.00"
2019-10-10,2019101001000691,NICA,42,59,108,385.00,"41,580.00"
2019-10-10,2019101001000931,NICL,43,56,10,279.00,"2,790.00"
2019-10-10,2019101001000884,NICL,43,56,10,275.00,"2,750.00"
2019-10-10,2019101001000852,NICL,43,56,19,270.00,"5,130.00"
2019-10-10,2019101001000961,NIL,17,42,90,360.00,"32,400.00"
2019-10-10,2019101001000754,NIL,39,42,10,360.00,"3,600.00"
2019-10-10,2019101001000723,NIL,39,29,10,358.00,"3,580.00"
2019-10-10,2019101001000987,NLIC,45,45,86,765.00,"65,790.00"
2019-10-10,2019101001000659,NLIC,44,44,355,763.00,"270,865.00"
2019-10-10,2019101001001093,NLICL,43,48,10,471.00,"4,710.00"
2019-10-10,2019101001000935,NLICL,6,47,51,462.00,"23,562.00"
2019-10-10,2019101001000889,NLICL,28,37,270,463.00,"125,010.00"
2019-10-10,2019101001000888,NLICL,13,37,50,463.00,"23,150.00"
2019-10-10,2019101001000887,NLICL,40,37,10,464.00,"4,640.00"
2019-10-10,2019101001000802,NLICL,49,37,20,470.00,"9,400.00"
2019-10-10,2019101001000940,NMBMF,38,21,10,"1,140.00","11,400.00"
2019-10-10,2019101001001134,NMBSF1,39,4,"1,400",10.03,"14,042.00"
2019-10-10,2019101001001055,NMFBS,49,39,50,"1,750.00","87,500.00"
2019-10-10,2019101001001054,NMFBS,49,21,50,"1,750.00","87,500.00"
2019-10-10,2019101001001053,NMFBS,49,45,40,"1,749.00","69,960.00"
2019-10-10,2019101001000947,NMFBS,33,45,10,"1,749.00","17,490.00"
2019-10-10,2019101001000803,NMFBS,47,19,50,"1,724.00","86,200.00"
2019-10-10,2019101001000929,NSEWA,55,58,10,371.00,"3,710.00"
2019-10-10,2019101001000788,NSEWA,48,22,10,378.00,"3,780.00"
2019-10-10,2019101001000726,NSEWA,48,58,10,378.00,"3,780.00"
2019-10-10,2019101001001138,NTC,59,19,10,636.00,"6,360.00"
2019-10-10,2019101001001123,NTC,32,19,10,628.00,"6,280.00"
2019-10-10,2019101001001029,NTC,59,19,10,640.00,"6,400.00"
2019-10-10,2019101001001025,NTC,6,59,200,630.00,"126,000.00"
2019-10-10,2019101001001096,OHL,42,33,10,501.00,"5,010.00"
2019-10-10,2019101001001098,PCBL,39,36,12,268.00,"3,216.00"
2019-10-10,2019101001001097,PCBL,47,36,100,270.00,"27,000.00"
2019-10-10,2019101001001040,PCBL,39,58,200,270.00,"54,000.00"
2019-10-10,2019101001001039,PCBL,29,58,50,270.00,"13,500.00"
2019-10-10,2019101001001038,PCBL,45,58,204,270.00,"55,080.00"
2019-10-10,2019101001001037,PCBL,33,58,20,271.00,"5,420.00"
2019-10-10,2019101001000815,PCBL,35,56,20,277.00,"5,540.00"
2019-10-10,2019101001001036,PCBL,39,58,782,271.00,"211,922.00"
2019-10-10,2019101001001018,PCBL,38,44,20,275.00,"5,500.00"
2019-10-10,2019101001000971,PCBL,3,44,17,275.00,"4,675.00"
2019-10-10,2019101001000842,PCBL,14,56,50,277.00,"13,850.00"
2019-10-10,2019101001000835,PCBL,44,56,136,277.00,"37,672.00"
2019-10-10,2019101001000834,PCBL,44,48,64,276.00,"17,664.00"
2019-10-10,2019101001001111,PFL,44,47,50,137.00,"6,850.00"
2019-10-10,2019101001000836,PFL,6,47,50,137.00,"6,850.00"
2019-10-10,2019101001000974,PIC,34,58,10,371.00,"3,710.00"
2019-10-10,2019101001000778,PIC,6,22,20,370.00,"7,400.00"
2019-10-10,2019101001000728,PIC,6,58,11,370.00,"4,070.00"
2019-10-10,2019101001000660,PIC,56,28,30,375.00,"11,250.00"
2019-10-10,2019101001001131,PLIC,53,26,10,324.00,"3,240.00"
2019-10-10,2019101001000937,PMHPL,54,58,10,89.00,890.00
2019-10-10,2019101001000787,PMHPL,54,22,10,89.00,890.00
2019-10-10,2019101001000782,PMHPL,54,22,10,89.00,890.00
2019-10-10,2019101001000774,PMHPL,54,22,10,89.00,890.00
2019-10-10,2019101001000773,PMHPL,54,22,10,89.00,890.00
2019-10-10,2019101001000731,PMHPL,54,58,10,89.00,890.00
2019-10-10,2019101001001041,PPCL,39,6,20,93.00,"1,860.00"
2019-10-10,2019101001000739,PPCL,39,32,10,93.00,930.00
2019-10-10,2019101001000727,PPCL,39,32,10,93.00,930.00
2019-10-10,2019101001000976,PRIN,42,41,25,312.00,"7,800.00"
2019-10-10,2019101001000943,PRIN,32,41,10,315.00,"3,150.00"
2019-10-10,2019101001001152,PRVU,49,45,10,270.00,"2,700.00"
2019-10-10,2019101001001130,PRVU,5,53,312,269.00,"83,928.00"
2019-10-10,2019101001001109,PRVU,45,53,50,269.00,"13,450.00"
2019-10-10,2019101001001102,PRVU,22,53,50,269.00,"13,450.00"
2019-10-10,2019101001001100,PRVU,22,53,50,269.00,"13,450.00"
2019-10-10,2019101001000685,PRVU,52,7,210,269.00,"56,490.00"
2019-10-10,2019101001000671,PRVU,52,7,790,269.00,"212,510.00"
2019-10-10,2019101001000670,PRVU,33,7,"1,210",269.00,"325,490.00"
2019-10-10,2019101001000662,PRVU,33,7,290,269.00,"78,010.00"
2019-10-10,2019101001000661,PRVU,34,7,40,269.00,"10,760.00"
2019-10-10,2019101001000657,PRVU,6,7,300,269.00,"80,700.00"
2019-10-10,2019101001000807,PRVU,40,7,40,269.00,"10,760.00"
2019-10-10,2019101001000799,PRVU,7,7,100,269.00,"26,900.00"
2019-10-10,2019101001000798,PRVU,44,7,500,269.00,"134,500.00"
2019-10-10,2019101001000730,PRVU,45,41,600,268.00,"160,800.00"
2019-10-10,2019101001000709,PRVU,47,7,100,269.00,"26,900.00"
2019-10-10,2019101001000696,PRVU,35,7,50,269.00,"13,450.00"
2019-10-10,2019101001000822,PRVU,33,34,907,269.00,"243,983.00"
2019-10-10,2019101001000821,PRVU,33,7,865,269.00,"232,685.00"
2019-10-10,2019101001000820,PRVU,33,32,704,269.00,"189,376.00"
2019-10-10,2019101001000819,PRVU,59,7,25,269.00,"6,725.00"
2019-10-10,2019101001000817,PRVU,49,7,50,269.00,"13,450.00"
2019-10-10,2019101001000808,PRVU,40,7,60,269.00,"16,140.00"
2019-10-10,2019101001000847,PRVU,37,7,350,269.00,"94,150.00"
2019-10-10,2019101001000845,PRVU,56,7,155,269.00,"41,695.00"
2019-10-10,2019101001000841,PRVU,43,7,50,269.00,"13,450.00"
2019-10-10,2019101001000826,PRVU,42,7,100,269.00,"26,900.00"
2019-10-10,2019101001000825,PRVU,42,58,200,269.00,"53,800.00"
2019-10-10,2019101001000823,PRVU,33,7,"1,000",269.00,"269,000.00"
2019-10-10,2019101001000892,PRVU,33,53,154,269.00,"41,426.00"
2019-10-10,2019101001000883,PRVU,14,53,50,269.00,"13,450.00"
2019-10-10,2019101001000874,PRVU,33,7,"1,000",269.00,"269,000.00"
2019-10-10,2019101001000873,PRVU,33,56,75,269.00,"20,175.00"
2019-10-10,2019101001000872,PRVU,33,7,295,269.00,"79,355.00"
2019-10-10,2019101001000869,PRVU,48,7,50,269.00,"13,450.00"
2019-10-10,2019101001000914,PRVU,41,7,900,269.00,"242,100.00"
2019-10-10,2019101001000908,PRVU,51,7,100,269.00,"26,900.00"
2019-10-10,2019101001000906,PRVU,5,19,120,269.00,"32,280.00"
2019-10-10,2019101001000905,PRVU,5,6,100,269.00,"26,900.00"
2019-10-10,2019101001000904,PRVU,5,53,596,269.00,"160,324.00"
2019-10-10,2019101001000897,PRVU,42,53,200,269.00,"53,800.00"
2019-10-10,2019101001000957,PRVU,36,7,100,269.00,"26,900.00"
2019-10-10,2019101001000956,PRVU,59,7,300,269.00,"80,700.00"
2019-10-10,2019101001000955,PRVU,41,7,300,269.00,"80,700.00"
2019-10-10,2019101001000954,PRVU,22,7,50,269.00,"13,450.00"
2019-10-10,2019101001000949,PRVU,22,45,80,270.00,"21,600.00"
2019-10-10,2019101001000942,PRVU,22,41,150,269.00,"40,350.00"
2019-10-10,2019101001000986,PRVU,49,53,70,269.00,"18,830.00"
2019-10-10,2019101001000980,PRVU,51,53,200,269.00,"53,800.00"
2019-10-10,2019101001000979,PRVU,36,53,"1,000",269.00,"269,000.00"
2019-10-10,2019101001000978,PRVU,35,53,500,269.00,"134,500.00"
2019-10-10,2019101001000977,PRVU,57,53,100,269.00,"26,900.00"
2019-10-10,2019101001000958,PRVU,57,7,250,269.00,"67,250.00"
2019-10-10,2019101001001063,PRVU,34,53,762,269.00,"204,978.00"
2019-10-10,2019101001001031,PRVU,39,53,238,269.00,"64,022.00"
2019-10-10,2019101001001030,PRVU,39,58,460,269.00,"123,740.00"
2019-10-10,2019101001001016,PRVU,42,58,20,269.00,"5,380.00"
2019-10-10,2019101001000998,PRVU,57,58,70,269.00,"18,830.00"
2019-10-10,2019101001000997,PRVU,57,53,130,269.00,"34,970.00"
2019-10-10,2019101001001089,PRVU,14,53,500,269.00,"134,500.00"
2019-10-10,2019101001001088,PRVU,34,36,63,268.00,"16,884.00"
2019-10-10,2019101001001087,PRVU,50,36,500,268.00,"134,000.00"
2019-10-10,2019101001001086,PRVU,45,36,437,268.00,"117,116.00"
2019-10-10,2019101001001065,PRVU,34,53,38,269.00,"10,222.00"
2019-10-10,2019101001001064,PRVU,34,57,200,269.00,"53,800.00"
2019-10-10,2019101001001003,RADHI,13,53,12,137.00,"1,644.00"
2019-10-10,2019101001000932,RADHI,13,58,16,139.00,"2,224.00"
2019-10-10,2019101001001137,RHPL,51,35,380,161.00,"61,180.00"
2019-10-10,2019101001001126,RHPL,51,41,20,161.00,"3,220.00"
2019-10-10,2019101001001078,RHPL,51,58,130,161.00,"20,930.00"
2019-10-10,2019101001001077,RHPL,51,58,500,161.00,"80,500.00"
2019-10-10,2019101001001046,RHPL,59,51,"2,000",162.00,"324,000.00"
2019-10-10,2019101001001045,RHPL,59,45,990,162.00,"160,380.00"
2019-10-10,2019101001000771,RHPL,38,57,30,160.00,"4,800.00"
2019-10-10,2019101001000743,RHPL,54,32,40,158.00,"6,320.00"
2019-10-10,2019101001000734,RHPL,54,58,40,158.00,"6,320.00"
2019-10-10,2019101001000729,RHPL,54,32,40,158.00,"6,320.00"
2019-10-10,2019101001000695,RHPL,54,58,10,158.00,"1,580.00"
2019-10-10,2019101001000675,RHPL,17,58,30,159.00,"4,770.00"
2019-10-10,2019101001000920,RHPL,45,57,40,160.00,"6,400.00"
2019-10-10,2019101001000919,RHPL,45,57,40,160.00,"6,400.00"
2019-10-10,2019101001000918,RHPL,45,57,40,160.00,"6,400.00"
2019-10-10,2019101001000917,RHPL,45,57,40,160.00,"6,400.00"
2019-10-10,2019101001000916,RHPL,45,57,30,160.00,"4,800.00"
2019-10-10,2019101001000772,RHPL,38,57,10,160.00,"1,600.00"
2019-10-10,2019101001000941,RHPL,45,58,40,160.00,"6,400.00"
2019-10-10,2019101001000925,RHPL,45,52,50,160.00,"8,000.00"
2019-10-10,2019101001000924,RHPL,45,34,40,160.00,"6,400.00"
2019-10-10,2019101001000923,RHPL,45,57,50,160.00,"8,000.00"
2019-10-10,2019101001000922,RHPL,45,57,50,160.00,"8,000.00"
2019-10-10,2019101001000921,RHPL,45,57,50,160.00,"8,000.00"
2019-10-10,2019101001001006,RHPL,51,38,40,161.00,"6,440.00"
2019-10-10,2019101001000992,RHPL,51,6,50,161.00,"8,050.00"
2019-10-10,2019101001000991,RHPL,51,54,50,161.00,"8,050.00"
2019-10-10,2019101001000990,RHPL,51,41,40,161.00,"6,440.00"
2019-10-10,2019101001000989,RHPL,51,42,20,161.00,"3,220.00"
2019-10-10,2019101001000988,RHPL,51,57,300,161.00,"48,300.00"
2019-10-10,2019101001001035,SABSL,17,58,50,451.00,"22,550.00"
2019-10-10,2019101001000770,SABSL,17,22,10,451.00,"4,510.00"
2019-10-10,2019101001000882,SADBL,19,6,20,142.00,"2,840.00"
2019-10-10,2019101001000725,SADBL,8,29,85,140.00,"11,900.00"
2019-10-10,2019101001000953,SANIMA,14,57,50,308.00,"15,400.00"
2019-10-10,2019101001000952,SANIMA,34,57,50,308.00,"15,400.00"
2019-10-10,2019101001000829,SANIMA,14,52,930,307.00,"285,510.00"
2019-10-10,2019101001000828,SANIMA,36,52,70,307.00,"21,490.00"
2019-10-10,2019101001000687,SANIMA,42,19,150,309.00,"46,350.00"
2019-10-10,2019101001000678,SBI,14,36,"1,000",408.00,"408,000.00"
2019-10-10,2019101001001149,SBL,42,10,300,341.00,"102,300.00"
2019-10-10,2019101001001148,SBL,42,42,250,341.00,"85,250.00"
2019-10-10,2019101001001147,SBL,42,28,300,341.00,"102,300.00"
2019-10-10,2019101001001146,SBL,42,6,194,341.00,"66,154.00"
2019-10-10,2019101001001129,SBL,17,29,829,340.00,"281,860.00"
2019-10-10,2019101001001106,SBL,47,6,10,341.00,"3,410.00"
2019-10-10,2019101001000732,SBL,13,52,90,340.00,"30,600.00"
2019-10-10,2019101001000697,SBL,13,45,50,340.00,"17,000.00"
2019-10-10,2019101001000693,SBL,13,42,60,340.00,"20,400.00"
2019-10-10,2019101001000686,SBL,47,42,100,340.00,"34,000.00"
2019-10-10,2019101001000680,SBL,22,42,70,340.00,"23,800.00"
2019-10-10,2019101001000965,SBL,11,34,100,340.00,"34,000.00"
2019-10-10,2019101001000936,SBL,11,35,100,340.00,"34,000.00"
2019-10-10,2019101001000843,SBL,51,58,100,341.00,"34,100.00"
2019-10-10,2019101001000795,SBL,10,58,264,341.00,"90,024.00"
2019-10-10,2019101001000769,SBL,11,33,300,340.00,"102,000.00"
2019-10-10,2019101001000765,SBL,17,42,500,340.00,"170,000.00"
2019-10-10,2019101001001010,SBL,59,58,200,339.00,"67,800.00"
2019-10-10,2019101001000970,SBL,37,34,50,340.00,"17,000.00"
2019-10-10,2019101001000969,SBL,29,34,100,340.00,"34,000.00"
2019-10-10,2019101001000968,SBL,34,34,20,340.00,"6,800.00"
2019-10-10,2019101001000967,SBL,35,34,100,340.00,"34,000.00"
2019-10-10,2019101001000966,SBL,34,34,50,340.00,"17,000.00"
2019-10-10,2019101001001081,SBL,33,33,300,340.00,"102,000.00"
2019-10-10,2019101001001080,SBL,33,34,30,340.00,"10,200.00"
2019-10-10,2019101001001051,SBL,17,34,50,340.00,"17,000.00"
2019-10-10,2019101001001024,SBL,42,58,36,339.00,"12,204.00"
2019-10-10,2019101001001012,SBL,42,58,819,339.00,"277,641.00"
2019-10-10,2019101001001011,SBL,21,58,50,339.00,"16,950.00"
2019-10-10,2019101001001132,SCB,14,44,430,587.00,"252,410.00"
2019-10-10,2019101001001122,SCB,10,13,50,590.00,"29,500.00"
2019-10-10,2019101001001069,SCB,14,36,250,587.00,"146,750.00"
2019-10-10,2019101001000984,SCB,14,45,20,587.00,"11,740.00"
2019-10-10,2019101001000898,SCB,10,50,50,586.00,"29,300.00"
2019-10-10,2019101001000840,SCB,6,57,29,585.00,"16,965.00"
2019-10-10,2019101001000775,SCB,34,50,150,586.00,"87,900.00"
2019-10-10,2019101001000698,SCB,34,45,50,586.00,"29,300.00"
2019-10-10,2019101001001145,SHIVM,50,58,20,508.00,"10,160.00"
2019-10-10,2019101001001144,SHIVM,39,58,50,508.00,"25,400.00"
2019-10-10,2019101001001143,SHIVM,4,58,25,509.00,"12,725.00"
2019-10-10,2019101001001142,SHIVM,47,58,100,510.00,"51,000.00"
2019-10-10,2019101001001141,SHIVM,32,58,120,511.00,"61,320.00"
2019-10-10,2019101001001050,SHIVM,32,18,80,511.00,"40,880.00"
2019-10-10,2019101001000934,SHIVM,13,10,190,513.00,"97,470.00"
2019-10-10,2019101001000933,SHIVM,56,10,10,513.00,"5,130.00"
2019-10-10,2019101001000891,SHIVM,3,58,25,514.00,"12,850.00"
2019-10-10,2019101001000736,SHIVM,14,58,50,511.00,"25,550.00"
2019-10-10,2019101001000679,SHIVM,51,58,50,511.00,"25,550.00"
2019-10-10,2019101001001049,SHIVM,35,18,20,511.00,"10,220.00"
2019-10-10,2019101001000964,SHIVM,14,58,660,514.00,"339,240.00"
2019-10-10,2019101001000963,SHIVM,14,28,200,513.00,"102,600.00"
2019-10-10,2019101001000959,SHIVM,32,58,50,512.00,"25,600.00"
2019-10-10,2019101001000945,SHIVM,32,57,40,512.00,"20,480.00"
2019-10-10,2019101001000944,SHIVM,13,57,10,513.00,"5,130.00"
2019-10-10,2019101001001071,SHL,5,34,"1,500",212.00,"318,000.00"
2019-10-10,2019101001001017,SHL,58,34,500,212.00,"106,000.00"
2019-10-10,2019101001001095,SIC,35,41,93,471.00,"43,803.00"
2019-10-10,2019101001001094,SIC,56,41,57,471.00,"26,847.00"
2019-10-10,2019101001001105,SIL,39,7,45,385.00,"17,325.00"
2019-10-10,2019101001000748,SIL,39,13,125,385.00,"48,125.00"
2019-10-10,2019101001001013,SJCL,51,38,20,170.00,"3,400.00"
2019-10-10,2019101001000745,SJCL,33,32,20,168.00,"3,360.00"
2019-10-10,2019101001000738,SJCL,33,58,20,168.00,"3,360.00"
2019-10-10,2019101001000733,SJCL,33,32,20,168.00,"3,360.00"
2019-10-10,2019101001000682,SJCL,33,58,20,168.00,"3,360.00"
2019-10-10,2019101001000681,SJCL,33,52,50,168.00,"8,400.00"
2019-10-10,2019101001000962,SJCL,33,58,20,168.00,"3,360.00"
2019-10-10,2019101001000784,SJCL,33,43,20,168.00,"3,360.00"
2019-10-10,2019101001000781,SJCL,33,43,20,168.00,"3,360.00"
2019-10-10,2019101001001000,SJCL,51,42,30,170.00,"5,100.00"
2019-10-10,2019101001000999,SJCL,38,42,10,170.00,"1,700.00"
2019-10-10,2019101001000985,SJCL,38,6,20,170.00,"3,400.00"
2019-10-10,2019101001000983,SJCL,38,42,20,170.00,"3,400.00"
2019-10-10,2019101001000975,SJCL,51,59,500,170.00,"85,000.00"
2019-10-10,2019101001000939,SLBBL,41,58,285,551.00,"157,035.00"
2019-10-10,2019101001000851,SLBBL,33,37,10,560.00,"5,600.00"
2019-10-10,2019101001000827,SLBBL,41,35,55,551.00,"30,305.00"
2019-10-10,2019101001001044,SLBSL,55,38,10,671.00,"6,710.00"
2019-10-10,2019101001000714,SLBSL,55,45,10,671.00,"6,710.00"
2019-10-10,2019101001000684,SLBSL,55,58,10,671.00,"6,710.00"
2019-10-10,2019101001001116,SLICL,17,55,515,265.00,"136,475.00"
2019-10-10,2019101001000870,SLICL,42,55,25,265.00,"6,625.00"
2019-10-10,2019101001000867,SLICL,53,55,50,265.00,"13,250.00"
2019-10-10,2019101001000866,SLICL,36,55,50,265.00,"13,250.00"
2019-10-10,2019101001000865,SLICL,41,55,20,265.00,"5,300.00"
2019-10-10,2019101001000864,SLICL,34,55,90,265.00,"23,850.00"
2019-10-10,2019101001000863,SLICL,42,55,50,267.00,"13,350.00"
2019-10-10,2019101001001085,SMATA,28,28,100,532.00,"53,200.00"
2019-10-10,2019101001001084,SMATA,10,28,200,533.00,"106,600.00"
2019-10-10,2019101001001083,SMATA,35,28,50,533.00,"26,650.00"
2019-10-10,2019101001001082,SMATA,58,28,20,534.00,"10,680.00"
2019-10-10,2019101001000715,SPARS,45,45,10,541.00,"5,410.00"
2019-10-10,2019101001000688,SPARS,45,58,10,541.00,"5,410.00"
2019-10-10,2019101001000764,SPDL,10,56,100,77.00,"7,700.00"
2019-10-10,2019101001001052,SRBL,35,46,90,240.00,"21,600.00"
2019-10-10,2019101001001034,SRBL,35,3,10,239.00,"2,390.00"
2019-10-10,2019101001001033,SRBL,41,3,10,239.00,"2,390.00"
2019-10-10,2019101001000665,SRBL,21,28,50,238.00,"11,900.00"
2019-10-10,2019101001000664,SRBL,6,28,950,238.00,"226,100.00"
2019-10-10,2019101001000692,SWBBL,19,47,50,925.00,"46,250.00"
2019-10-10,2019101001000938,TRH,45,17,320,285.00,"91,200.00"
2019-10-10,2019101001001140,UIC,41,35,50,260.00,"13,000.00"
2019-10-10,2019101001001139,UIC,41,35,100,260.00,"26,000.00"
2019-10-10,2019101001000855,UIC,7,55,300,265.00,"79,500.00"
2019-10-10,2019101001000854,UIC,3,35,20,266.00,"5,320.00"
2019-10-10,2019101001001027,UNHPL,39,6,50,56.00,"2,800.00"
2019-10-10,2019101001001026,UNHPL,11,6,450,56.00,"25,200.00"
2019-10-10,2019101001001101,UNL,3,55,10,"20,200.00","202,000.00"
2019-10-10,2019101001001112,UPPER,19,56,200,236.00,"47,200.00"
2019-10-10,2019101001001008,UPPER,19,59,150,236.00,"35,400.00"
2019-10-10,2019101001001007,UPPER,45,59,850,236.00,"200,600.00"
2019-10-10,2019101001000973,UPPER,45,58,40,236.00,"9,440.00"
2019-10-10,2019101001000741,UPPER,42,58,40,234.00,"9,360.00"
2019-10-10,2019101001000740,UPPER,56,58,10,234.00,"2,340.00"
2019-10-10,2019101001000694,UPPER,56,58,40,234.00,"9,360.00"
2019-10-10,2019101001000786,UPPER,6,22,50,234.00,"11,700.00"
2019-10-10,2019101001000780,UPPER,6,22,20,234.00,"4,680.00"
2019-10-10,2019101001000779,UPPER,32,22,20,234.00,"4,680.00"
2019-10-10,2019101001000776,UPPER,32,22,50,234.00,"11,700.00"
2019-10-10,2019101001000768,UPPER,32,22,30,234.00,"7,020.00"
2019-10-10,2019101001000767,UPPER,33,22,10,234.00,"2,340.00"
2019-10-10,2019101001000930,UPPER,45,34,110,236.00,"25,960.00"
2019-10-10,2019101001000801,UPPER,21,34,50,236.00,"11,800.00"
2019-10-10,2019101001000488,ADBL,47,41,160,415.00,"66,400.00"
2019-10-10,2019101001000422,ADBL,39,41,90,415.00,"37,350.00"
2019-10-10,2019101001000418,ADBL,39,11,500,415.00,"207,500.00"
2019-10-10,2019101001000260,ADBL,11,11,500,415.00,"207,500.00"
2019-10-10,2019101001000650,AHPC,44,26,"1,750",94.00,"164,500.00"
2019-10-10,2019101001000649,AHPC,59,26,200,94.00,"18,800.00"
2019-10-10,2019101001000648,AHPC,52,26,50,95.00,"4,750.00"
2019-10-10,2019101001000313,AKBSL,41,6,10,415.00,"4,150.00"
2019-10-10,2019101001000505,AKJCL,29,58,20,54.00,"1,080.00"
2019-10-10,2019101001000188,AKPL,22,45,"1,000",138.00,"138,000.00"
2019-10-10,2019101001000511,ALBSL,28,58,10,385.00,"3,850.00"
2019-10-10,2019101001000227,ALBSL,28,38,10,385.00,"3,850.00"
2019-10-10,2019101001000580,ALICL,40,40,150,314.00,"47,100.00"
2019-10-10,2019101001000579,ALICL,28,40,150,314.00,"47,100.00"
2019-10-10,2019101001000578,ALICL,59,28,10,320.00,"3,200.00"
2019-10-10,2019101001000426,ALICL,28,59,350,314.00,"109,900.00"
2019-10-10,2019101001000421,ALICL,45,59,100,316.00,"31,600.00"
2019-10-10,2019101001000420,ALICL,44,59,237,317.00,"75,129.00"
2019-10-10,2019101001000406,ALICL,44,44,"1,206",317.00,"382,302.00"
2019-10-10,2019101001000155,ALICL,37,37,80,320.00,"25,600.00"
2019-10-10,2019101001000154,ALICL,32,37,20,321.00,"6,420.00"
2019-10-10,2019101001000647,API,41,53,768,113.00,"86,784.00"
2019-10-10,2019101001000646,API,42,53,50,114.00,"5,700.00"
2019-10-10,2019101001000504,API,41,40,28,113.00,"3,164.00"
2019-10-10,2019101001000386,BFC,6,57,50,87.00,"4,350.00"
2019-10-10,2019101001000342,BNL,42,5,124,"1,830.00","226,920.00"
2019-10-10,2019101001000339,BNL,34,5,10,"1,795.00","17,950.00"
2019-10-10,2019101001000582,BOKL,32,22,300,236.00,"70,800.00"
2019-10-10,2019101001000459,BOKL,37,22,200,236.00,"47,200.00"
2019-10-10,2019101001000391,BOKL,37,48,100,235.00,"23,500.00"
2019-10-10,2019101001000389,BOKL,34,48,200,235.00,"47,000.00"
2019-10-10,2019101001000167,BOKL,14,32,500,234.00,"117,000.00"
2019-10-10,2019101001000166,BOKL,45,32,100,234.00,"23,400.00"
2019-10-10,2019101001000602,BPCL,14,33,10,361.00,"3,610.00"
2019-10-10,2019101001000601,BPCL,14,33,20,361.00,"7,220.00"
2019-10-10,2019101001000163,BPCL,43,45,30,362.00,"10,860.00"
2019-10-10,2019101001000548,CBBL,42,58,100,971.00,"97,100.00"
2019-10-10,2019101001000595,CBL,42,14,210,145.00,"30,450.00"
2019-10-10,2019101001000594,CBL,42,17,790,145.00,"114,550.00"
2019-10-10,2019101001000590,CBL,42,14,700,144.00,"100,800.00"
2019-10-10,2019101001000577,CBL,8,14,300,144.00,"43,200.00"
2019-10-10,2019101001000487,CBL,35,17,10,145.00,"1,450.00"
2019-10-10,2019101001000356,CBL,42,17,200,145.00,"29,000.00"
2019-10-10,2019101001000336,CBL,57,33,100,143.00,"14,300.00"
2019-10-10,2019101001000571,CCBL,8,29,629,153.00,"96,237.00"
2019-10-10,2019101001000570,CCBL,59,29,60,153.00,"9,180.00"
2019-10-10,2019101001000569,CCBL,44,29,500,153.00,"76,500.00"
2019-10-10,2019101001000568,CCBL,53,29,61,153.00,"9,333.00"
2019-10-10,2019101001000214,CCBL,45,28,"1,000",152.00,"152,000.00"
2019-10-10,2019101001000213,CCBL,56,28,30,153.00,"4,590.00"
2019-10-10,2019101001000212,CCBL,45,28,250,153.00,"38,250.00"
2019-10-10,2019101001000211,CCBL,32,28,500,153.00,"76,500.00"
2019-10-10,2019101001000210,CCBL,14,28,100,153.00,"15,300.00"
2019-10-10,2019101001000209,CCBL,22,28,50,154.00,"7,700.00"
2019-10-10,2019101001000486,CHCL,10,56,14,430.00,"6,020.00"
2019-10-10,2019101001000483,CHCL,29,57,100,422.00,"42,200.00"
2019-10-10,2019101001000357,CHCL,49,49,900,417.00,"375,300.00"
2019-10-10,2019101001000556,CIT,48,45,45,"1,800.00","81,000.00"
2019-10-10,2019101001000555,CIT,45,45,40,"1,800.00","72,000.00"
2019-10-10,2019101001000462,CIT,45,5,10,"1,800.00","18,000.00"
2019-10-10,2019101001000289,CLBSL,51,45,16,466.00,"7,456.00"
2019-10-10,2019101001000611,CZBIL,6,29,100,197.00,"19,700.00"
2019-10-10,2019101001000610,CZBIL,35,29,160,197.00,"31,520.00"
2019-10-10,2019101001000586,CZBIL,35,51,500,197.00,"98,500.00"
2019-10-10,2019101001000567,CZBIL,35,11,340,197.00,"66,980.00"
2019-10-10,2019101001000566,CZBIL,6,11,190,197.00,"37,430.00"
2019-10-10,2019101001000520,CZBIL,6,58,10,197.00,"1,970.00"
2019-10-10,2019101001000564,DBBL,48,56,64,129.00,"8,256.00"
2019-10-10,2019101001000181,DBBL,10,56,50,129.00,"6,450.00"
2019-10-10,2019101001000565,DDBL,35,57,100,725.00,"72,500.00"
2019-10-10,2019101001000588,EBL,22,19,100,575.00,"57,500.00"
2019-10-10,2019101001000552,EBL,14,44,535,575.00,"307,625.00"
2019-10-10,2019101001000509,EBL,39,44,200,575.00,"115,000.00"
2019-10-10,2019101001000508,EBL,58,44,200,575.00,"115,000.00"
2019-10-10,2019101001000507,EBL,34,44,15,575.00,"8,625.00"
2019-10-10,2019101001000506,EBL,11,44,50,576.00,"28,800.00"
2019-10-10,2019101001000495,EBL,37,57,10,577.00,"5,770.00"
2019-10-10,2019101001000170,EBL,40,44,50,584.00,"29,200.00"
2019-10-10,2019101001000550,EIC,22,58,100,239.00,"23,900.00"
2019-10-10,2019101001000545,EIC,41,14,40,240.00,"9,600.00"
2019-10-10,2019101001000479,EIC,3,14,50,240.00,"12,000.00"
2019-10-10,2019101001000379,EIC,58,13,10,238.00,"2,380.00"
2019-10-10,2019101001000307,FMDBL,44,7,10,325.00,"3,250.00"
2019-10-10,2019101001000259,FMDBL,22,26,11,325.00,"3,575.00"
2019-10-10,2019101001000281,GBBL,57,41,400,212.00,"84,800.00"
2019-10-10,2019101001000549,GBLBS,38,57,10,318.00,"3,180.00"
2019-10-10,2019101001000362,GMFBS,53,40,10,453.00,"4,530.00"
2019-10-10,2019101001000626,HIDCL,32,49,186,131.00,"24,366.00"
2019-10-10,2019101001000625,HIDCL,45,49,100,131.00,"13,100.00"
2019-10-10,2019101001000624,HIDCL,22,49,100,131.00,"13,100.00"
2019-10-10,2019101001000519,HIDCL,57,40,50,131.00,"6,550.00"
2019-10-10,2019101001000518,HIDCL,47,40,500,131.00,"65,500.00"
2019-10-10,2019101001000517,HIDCL,35,40,500,131.00,"65,500.00"
2019-10-10,2019101001000516,HIDCL,39,40,500,132.00,"66,000.00"
2019-10-10,2019101001000515,HIDCL,29,40,100,133.00,"13,300.00"
2019-10-10,2019101001000514,HIDCL,22,40,30,133.00,"3,990.00"
2019-10-10,2019101001000381,HIDCL,22,13,20,133.00,"2,660.00"
2019-10-10,2019101001000302,HIDCL,22,46,50,133.00,"6,650.00"
2019-10-10,2019101001000524,HPPL,59,40,20,140.00,"2,800.00"
2019-10-10,2019101001000446,HPPL,45,6,10,142.00,"1,420.00"
2019-10-10,2019101001000387,HURJA,11,13,20,105.00,"2,100.00"
2019-10-10,2019101001000189,HURJA,29,17,10,106.00,"1,060.00"
2019-10-10,2019101001000403,JBBL,57,58,100,160.00,"16,000.00"
2019-10-10,2019101001000645,KBL,6,29,33,181.00,"5,973.00"
2019-10-10,2019101001000388,KBL,6,13,10,181.00,"1,810.00"
2019-10-10,2019101001000256,KBL,37,55,100,182.00,"18,200.00"
2019-10-10,2019101001000255,KBL,41,55,100,182.00,"18,200.00"
2019-10-10,2019101001000254,KBL,34,54,200,183.00,"36,600.00"
2019-10-10,2019101001000527,KKHC,29,40,10,60.00,600.00
2019-10-10,2019101001000521,KPCL,22,58,10,79.00,790.00
2019-10-10,2019101001000585,KSBBL,57,32,40,144.00,"5,760.00"
2019-10-10,2019101001000512,LBBL,6,4,45,176.00,"7,920.00"
2019-10-10,2019101001000503,LBBL,6,4,100,176.00,"17,600.00"
2019-10-10,2019101001000344,LBBL,57,4,100,176.00,"17,600.00"
2019-10-10,2019101001000231,LBBL,35,32,50,176.00,"8,800.00"
2019-10-10,2019101001000493,LBL,34,53,500,214.00,"107,000.00"
2019-10-10,2019101001000627,LGIL,41,57,40,360.00,"14,400.00"
2019-10-10,2019101001000174,LGIL,11,48,19,358.00,"6,802.00"
2019-10-10,2019101001000481,MBL,33,13,"1,000",225.00,"225,000.00"
2019-10-10,2019101001000480,MBL,33,45,40,225.00,"9,000.00"
2019-10-10,2019101001000278,MBL,53,53,163,224.00,"36,512.00"
2019-10-10,2019101001000164,MDB,39,34,500,252.00,"126,000.00"
2019-10-10,2019101001000633,MEGA,32,36,200,195.00,"39,000.00"
2019-10-10,2019101001000606,MEGA,48,49,50,196.00,"9,800.00"
2019-10-10,2019101001000605,MEGA,33,49,50,196.00,"9,800.00"
2019-10-10,2019101001000544,MEGA,33,53,250,196.00,"49,000.00"
2019-10-10,2019101001000215,MEGA,32,28,500,195.00,"97,500.00"
2019-10-10,2019101001000171,MEGA,41,8,300,197.00,"59,100.00"
2019-10-10,2019101001000393,MEGA,32,58,19,195.00,"3,705.00"
2019-10-10,2019101001000392,MEGA,32,58,19,195.00,"3,705.00"
2019-10-10,2019101001000218,MEGA,50,28,700,194.00,"135,800.00"
2019-10-10,2019101001000217,MEGA,45,28,200,194.00,"38,800.00"
2019-10-10,2019101001000216,MEGA,57,28,300,194.00,"58,200.00"
2019-10-10,2019101001000395,MEGA,32,58,19,195.00,"3,705.00"
2019-10-10,2019101001000394,MEGA,32,13,20,195.00,"3,900.00"
2019-10-10,2019101001000584,MERO,21,6,100,561.00,"56,100.00"
2019-10-10,2019101001000279,MERO,38,40,10,570.00,"5,700.00"
2019-10-10,2019101001000303,MFIL,53,59,200,127.00,"25,400.00"
2019-10-10,2019101001000614,MHNL,29,59,55,81.00,"4,455.00"
2019-10-10,2019101001000622,MLBL,58,33,57,215.00,"12,255.00"
2019-10-10,2019101001000609,MLBL,58,5,223,215.00,"47,945.00"
2019-10-10,2019101001000589,MLBL,58,32,320,215.00,"68,800.00"
2019-10-10,2019101001000467,MLBL,41,32,180,215.00,"38,700.00"
2019-10-10,2019101001000440,MLBL,29,43,50,215.00,"10,750.00"
2019-10-10,2019101001000158,MLBL,29,49,500,215.00,"107,500.00"
2019-10-10,2019101001000157,MLBL,42,49,20,215.00,"4,300.00"
2019-10-10,2019101001000156,MLBL,32,40,100,215.00,"21,500.00"
2019-10-10,2019101001000153,MLBL,32,33,894,215.00,"192,210.00"
2019-10-10,2019101001000286,MLBL,34,49,200,215.00,"43,000.00"
2019-10-10,2019101001000261,MLBL,34,34,21,214.00,"4,494.00"
2019-10-10,2019101001000184,MLBL,57,28,500,213.00,"106,500.00"
2019-10-10,2019101001000165,MLBL,58,40,"1,000",214.00,"214,000.00"
2019-10-10,2019101001000439,MLBL,26,43,20,215.00,"4,300.00"
2019-10-10,2019101001000405,MLBL,58,34,500,215.00,"107,500.00"
2019-10-10,2019101001000353,MLBL,53,49,190,215.00,"40,850.00"
2019-10-10,2019101001000350,MLBL,35,49,200,215.00,"43,000.00"
2019-10-10,2019101001000309,MLBL,21,49,190,215.00,"40,850.00"
2019-10-10,2019101001000299,MLBL,47,49,200,215.00,"43,000.00"
2019-10-10,2019101001000644,NABIL,33,3,30,773.00,"23,190.00"
2019-10-10,2019101001000597,NABIL,47,48,106,769.00,"81,514.00"
2019-10-10,2019101001000526,NABIL,48,48,32,769.00,"24,608.00"
2019-10-10,2019101001000404,NABIL,56,48,150,769.00,"115,350.00"
2019-10-10,2019101001000312,NABIL,41,48,10,769.00,"7,690.00"
2019-10-10,2019101001000276,NABIL,19,37,60,766.00,"45,960.00"
2019-10-10,2019101001000168,NABIL,40,48,50,769.00,"38,450.00"
2019-10-10,2019101001000640,NBB,52,19,120,210.00,"25,200.00"
2019-10-10,2019101001000363,NBB,29,17,50,210.00,"10,500.00"
2019-10-10,2019101001000365,NBB,49,17,500,209.00,"104,500.00"
2019-10-10,2019101001000364,NBB,53,17,108,209.00,"22,572.00"
2019-10-10,2019101001000496,NBL,11,6,210,316.00,"66,360.00"
2019-10-10,2019101001000466,NBL,48,6,10,317.00,"3,170.00"
2019-10-10,2019101001000390,NBL,13,10,"1,000",316.00,"316,000.00"
2019-10-10,2019101001000287,NBL,46,11,100,318.00,"31,800.00"
2019-10-10,2019101001000581,NCCB,34,50,100,200.00,"20,000.00"
2019-10-10,2019101001000541,NCCB,59,50,200,200.00,"40,000.00"
2019-10-10,2019101001000396,NCCB,26,13,20,199.00,"3,980.00"
2019-10-10,2019101001000292,NCCB,48,58,50,200.00,"10,000.00"
2019-10-10,2019101001000176,NCCB,10,34,20,204.00,"4,080.00"
2019-10-10,2019101001000613,NHDL,56,46,50,95.00,"4,750.00"
2019-10-10,2019101001000563,NHPC,14,56,90,54.00,"4,860.00"
2019-10-10,2019101001000561,NHPC,7,56,100,53.00,"5,300.00"
2019-10-10,2019101001000533,NIB,37,40,453,441.00,"199,773.00"
2019-10-10,2019101001000532,NIB,39,40,30,441.00,"13,230.00"
2019-10-10,2019101001000531,NIB,46,40,200,442.00,"88,400.00"
2019-10-10,2019101001000530,NIB,6,40,90,443.00,"39,870.00"
2019-10-10,2019101001000456,NIB,37,37,"6,220",444.00,"2,761,680.00"
2019-10-10,2019101001000398,NIB,6,13,10,443.00,"4,430.00"
2019-10-10,2019101001000361,NIB,42,41,100,445.00,"44,500.00"
2019-10-10,2019101001000282,NIB,46,41,100,445.00,"44,500.00"
2019-10-10,2019101001000246,NIB,6,34,30,442.00,"13,260.00"
2019-10-10,2019101001000540,NICA,22,48,480,383.00,"183,840.00"
2019-10-10,2019101001000539,NICA,3,48,150,383.00,"57,450.00"
2019-10-10,2019101001000538,NICA,47,48,170,383.00,"65,110.00"
2019-10-10,2019101001000537,NICA,38,48,100,384.00,"38,400.00"
2019-10-10,2019101001000419,NICA,7,56,15,385.00,"5,775.00"
2019-10-10,2019101001000401,NICA,34,56,40,385.00,"15,400.00"
2019-10-10,2019101001000162,NICA,41,4,100,389.00,"38,900.00"
2019-10-10,2019101001000400,NICA,44,56,45,385.00,"17,325.00"
2019-10-10,2019101001000374,NICA,44,44,20,385.00,"7,700.00"
2019-10-10,2019101001000373,NICA,44,44,"1,137",385.00,"437,745.00"
2019-10-10,2019101001000296,NICA,33,41,300,385.00,"115,500.00"
2019-10-10,2019101001000277,NICA,41,41,200,385.00,"77,000.00"
2019-10-10,2019101001000230,NICA,7,6,60,384.00,"23,040.00"
2019-10-10,2019101001000169,NICL,11,26,20,265.00,"5,300.00"
2019-10-10,2019101001000600,NIL,13,38,150,351.00,"52,650.00"
2019-10-10,2019101001000596,NIL,43,58,80,352.00,"28,160.00"
2019-10-10,2019101001000572,NIL,53,58,20,352.00,"7,040.00"
2019-10-10,2019101001000599,NLIC,47,19,62,762.00,"47,244.00"
2019-10-10,2019101001000598,NLIC,47,58,70,762.00,"53,340.00"
2019-10-10,2019101001000583,NLIC,7,58,25,763.00,"19,075.00"
2019-10-10,2019101001000543,NLIC,43,58,30,764.00,"22,920.00"
2019-10-10,2019101001000501,NLIC,45,56,120,765.00,"91,800.00"
2019-10-10,2019101001000500,NLIC,34,56,30,765.00,"22,950.00"
2019-10-10,2019101001000402,NLIC,34,13,20,765.00,"15,300.00"
2019-10-10,2019101001000326,NLIC,19,56,49,765.00,"37,485.00"
2019-10-10,2019101001000325,NLIC,41,56,10,765.00,"7,650.00"
2019-10-10,2019101001000274,NLIC,37,56,50,765.00,"38,250.00"
2019-10-10,2019101001000273,NLIC,42,56,20,766.00,"15,320.00"
2019-10-10,2019101001000206,NLIC,42,4,10,774.00,"7,740.00"
2019-10-10,2019101001000478,NLICL,58,48,50,471.00,"23,550.00"
2019-10-10,2019101001000623,NMBMF,49,28,10,"1,119.00","11,190.00"
2019-10-10,2019101001000452,NMFBS,44,16,29,"1,759.00","51,011.00"
2019-10-10,2019101001000639,NTC,59,19,10,637.00,"6,370.00"
2019-10-10,2019101001000619,NTC,22,42,10,625.00,"6,250.00"
2019-10-10,2019101001000618,NTC,59,42,200,625.00,"125,000.00"
2019-10-10,2019101001000617,NTC,36,42,30,625.00,"18,750.00"
2019-10-10,2019101001000616,NTC,22,42,30,626.00,"18,780.00"
2019-10-10,2019101001000615,NTC,32,42,10,626.00,"6,260.00"
2019-10-10,2019101001000433,NTC,59,19,10,637.00,"6,370.00"
2019-10-10,2019101001000429,NTC,22,19,10,625.00,"6,250.00"
2019-10-10,2019101001000425,NTC,58,13,20,634.00,"12,680.00"
2019-10-10,2019101001000288,OHL,50,33,50,503.00,"25,150.00"
2019-10-10,2019101001000314,OHL,34,44,35,496.00,"17,360.00"
2019-10-10,2019101001000651,PCBL,3,29,10,272.00,"2,720.00"
2019-10-10,2019101001000436,PCBL,39,47,38,275.00,"10,450.00"
2019-10-10,2019101001000435,PCBL,39,51,880,274.00,"241,120.00"
2019-10-10,2019101001000434,PCBL,39,37,100,273.00,"27,300.00"
2019-10-10,2019101001000372,PCBL,45,32,96,270.00,"25,920.00"
2019-10-10,2019101001000355,PCBL,39,34,36,269.00,"9,684.00"
2019-10-10,2019101001000297,PCBL,22,6,37,267.00,"9,879.00"
2019-10-10,2019101001000267,PCBL,56,6,10,267.00,"2,670.00"
2019-10-10,2019101001000241,PCBL,17,45,25,265.00,"6,625.00"
2019-10-10,2019101001000240,PCBL,39,45,12,265.00,"3,180.00"
2019-10-10,2019101001000643,PIC,49,29,12,372.00,"4,464.00"
2019-10-10,2019101001000642,PIC,11,29,20,372.00,"7,440.00"
2019-10-10,2019101001000641,PIC,6,29,35,374.00,"13,090.00"
2019-10-10,2019101001000523,PIC,6,22,20,374.00,"7,480.00"
2019-10-10,2019101001000522,PIC,6,22,20,374.00,"7,480.00"
2019-10-10,2019101001000371,PIC,58,28,20,375.00,"7,500.00"
2019-10-10,2019101001000202,PICL,42,8,20,455.00,"9,100.00"
2019-10-10,2019101001000280,PLIC,53,39,50,330.00,"16,500.00"
2019-10-10,2019101001000205,PPCL,39,17,30,93.00,"2,790.00"
2019-10-10,2019101001000652,PRVU,49,7,370,269.00,"99,530.00"
2019-10-10,2019101001000632,PRVU,33,53,"1,000",269.00,"269,000.00"
2019-10-10,2019101001000631,PRVU,33,32,300,269.00,"80,700.00"
2019-10-10,2019101001000630,PRVU,33,58,"3,000",269.00,"807,000.00"
2019-10-10,2019101001000629,PRVU,33,7,"1,000",269.00,"269,000.00"
2019-10-10,2019101001000628,PRVU,33,7,430,269.00,"115,670.00"
2019-10-10,2019101001000160,PRVU,47,45,21,269.00,"5,649.00"
2019-10-10,2019101001000159,PRVU,49,45,500,269.00,"134,500.00"
2019-10-10,2019101001000183,PRVU,29,32,376,270.00,"101,520.00"
2019-10-10,2019101001000182,PRVU,29,45,624,270.00,"168,480.00"
2019-10-10,2019101001000179,PRVU,28,45,76,270.00,"20,520.00"
2019-10-10,2019101001000175,PRVU,29,45,100,270.00,"27,000.00"
2019-10-10,2019101001000173,PRVU,57,42,100,269.00,"26,900.00"
2019-10-10,2019101001000161,PRVU,54,45,979,269.00,"263,351.00"
2019-10-10,2019101001000198,PRVU,44,56,919,269.00,"247,211.00"
2019-10-10,2019101001000197,PRVU,57,56,100,269.00,"26,900.00"
2019-10-10,2019101001000196,PRVU,34,56,489,269.00,"131,541.00"
2019-10-10,2019101001000194,PRVU,42,32,60,270.00,"16,200.00"
2019-10-10,2019101001000191,PRVU,34,8,11,269.00,"2,959.00"
2019-10-10,2019101001000190,PRVU,56,8,60,269.00,"16,140.00"
2019-10-10,2019101001000223,PRVU,34,39,"2,000",270.00,"540,000.00"
2019-10-10,2019101001000222,PRVU,34,42,100,270.00,"27,000.00"
2019-10-10,2019101001000221,PRVU,34,32,"1,364",270.00,"368,280.00"
2019-10-10,2019101001000207,PRVU,44,32,200,269.00,"53,800.00"
2019-10-10,2019101001000204,PRVU,44,56,"1,500",269.00,"403,500.00"
2019-10-10,2019101001000201,PRVU,44,56,"1,500",269.00,"403,500.00"
2019-10-10,2019101001000234,PRVU,49,45,"1,219",270.00,"329,130.00"
2019-10-10,2019101001000232,PRVU,21,45,45,270.00,"12,150.00"
2019-10-10,2019101001000229,PRVU,34,45,"1,000",270.00,"270,000.00"
2019-10-10,2019101001000226,PRVU,41,45,200,270.00,"54,000.00"
2019-10-10,2019101001000225,PRVU,34,45,36,270.00,"9,720.00"
2019-10-10,2019101001000224,PRVU,34,13,"1,500",270.00,"405,000.00"
2019-10-10,2019101001000250,PRVU,41,4,30,271.00,"8,130.00"
2019-10-10,2019101001000249,PRVU,50,4,400,271.00,"108,400.00"
2019-10-10,2019101001000239,PRVU,34,47,169,270.00,"45,630.00"
2019-10-10,2019101001000237,PRVU,49,47,31,270.00,"8,370.00"
2019-10-10,2019101001000236,PRVU,49,57,400,270.00,"108,000.00"
2019-10-10,2019101001000235,PRVU,49,57,200,270.00,"54,000.00"
2019-10-10,2019101001000269,PRVU,49,51,150,271.00,"40,650.00"
2019-10-10,2019101001000268,PRVU,49,51,154,271.00,"41,734.00"
2019-10-10,2019101001000258,PRVU,34,32,50,271.00,"13,550.00"
2019-10-10,2019101001000253,PRVU,42,32,50,271.00,"13,550.00"
2019-10-10,2019101001000252,PRVU,41,32,170,271.00,"46,070.00"
2019-10-10,2019101001000251,PRVU,41,54,200,271.00,"54,200.00"
2019-10-10,2019101001000284,PRVU,38,50,10,272.00,"2,720.00"
2019-10-10,2019101001000283,PRVU,46,50,100,272.00,"27,200.00"
2019-10-10,2019101001000275,PRVU,34,45,"1,464",271.00,"396,744.00"
2019-10-10,2019101001000271,PRVU,49,45,536,271.00,"145,256.00"
2019-10-10,2019101001000270,PRVU,49,34,"1,000",271.00,"271,000.00"
2019-10-10,2019101001000298,PRVU,22,58,100,271.00,"27,100.00"
2019-10-10,2019101001000295,PRVU,42,58,50,271.00,"13,550.00"
2019-10-10,2019101001000294,PRVU,33,58,100,271.00,"27,100.00"
2019-10-10,2019101001000293,PRVU,59,58,100,271.00,"27,100.00"
2019-10-10,2019101001000291,PRVU,59,56,200,271.00,"54,200.00"
2019-10-10,2019101001000290,PRVU,49,56,"1,800",271.00,"487,800.00"
2019-10-10,2019101001000310,PRVU,42,58,50,271.00,"13,550.00"
2019-10-10,2019101001000308,PRVU,17,58,500,271.00,"135,500.00"
2019-10-10,2019101001000306,PRVU,57,58,50,271.00,"13,550.00"
2019-10-10,2019101001000305,PRVU,41,58,600,271.00,"162,600.00"
2019-10-10,2019101001000304,PRVU,5,58,400,271.00,"108,400.00"
2019-10-10,2019101001000300,PRVU,34,58,650,271.00,"176,150.00"
2019-10-10,2019101001000327,PRVU,44,58,20,270.00,"5,400.00"
2019-10-10,2019101001000322,PRVU,6,32,200,271.00,"54,200.00"
2019-10-10,2019101001000321,PRVU,57,32,200,271.00,"54,200.00"
2019-10-10,2019101001000315,PRVU,34,58,200,271.00,"54,200.00"
2019-10-10,2019101001000311,PRVU,34,58,200,271.00,"54,200.00"
2019-10-10,2019101001000333,PRVU,41,58,500,270.00,"135,000.00"
2019-10-10,2019101001000332,PRVU,36,58,"1,000",270.00,"270,000.00"
2019-10-10,2019101001000331,PRVU,34,58,"2,000",270.00,"540,000.00"
2019-10-10,2019101001000330,PRVU,10,58,400,270.00,"108,000.00"
2019-10-10,2019101001000329,PRVU,34,58,"1,000",270.00,"270,000.00"
2019-10-10,2019101001000328,PRVU,22,58,"1,000",270.00,"270,000.00"
2019-10-10,2019101001000375,PRVU,44,53,881,269.00,"236,989.00"
2019-10-10,2019101001000369,PRVU,45,57,60,270.00,"16,200.00"
2019-10-10,2019101001000368,PRVU,4,57,46,270.00,"12,420.00"
2019-10-10,2019101001000338,PRVU,17,57,20,270.00,"5,400.00"
2019-10-10,2019101001000335,PRVU,17,58,30,270.00,"8,100.00"
2019-10-10,2019101001000334,PRVU,42,58,50,270.00,"13,500.00"
2019-10-10,2019101001000383,PRVU,47,58,140,269.00,"37,660.00"
2019-10-10,2019101001000382,PRVU,34,58,931,269.00,"250,439.00"
2019-10-10,2019101001000380,PRVU,57,57,150,270.00,"40,500.00"
2019-10-10,2019101001000378,PRVU,34,53,69,269.00,"18,561.00"
2019-10-10,2019101001000377,PRVU,14,53,"1,000",269.00,"269,000.00"
2019-10-10,2019101001000376,PRVU,6,53,50,269.00,"13,450.00"
2019-10-10,2019101001000410,PRVU,57,34,105,269.00,"28,245.00"
2019-10-10,2019101001000409,PRVU,51,34,21,269.00,"5,649.00"
2019-10-10,2019101001000399,PRVU,42,57,50,270.00,"13,500.00"
2019-10-10,2019101001000397,PRVU,58,57,70,270.00,"18,900.00"
2019-10-10,2019101001000385,PRVU,51,58,79,269.00,"21,251.00"
2019-10-10,2019101001000384,PRVU,34,58,350,269.00,"94,150.00"
2019-10-10,2019101001000431,PRVU,26,45,500,269.00,"134,500.00"
2019-10-10,2019101001000430,PRVU,58,45,80,269.00,"21,520.00"
2019-10-10,2019101001000414,PRVU,41,32,896,270.00,"241,920.00"
2019-10-10,2019101001000413,PRVU,41,57,104,270.00,"28,080.00"
2019-10-10,2019101001000412,PRVU,4,50,108,269.00,"29,052.00"
2019-10-10,2019101001000411,PRVU,57,50,395,269.00,"106,255.00"
2019-10-10,2019101001000458,PRVU,49,58,200,269.00,"53,800.00"
2019-10-10,2019101001000457,PRVU,55,58,255,269.00,"68,595.00"
2019-10-10,2019101001000455,PRVU,55,18,745,269.00,"200,405.00"
2019-10-10,2019101001000454,PRVU,26,18,200,269.00,"53,800.00"
2019-10-10,2019101001000442,PRVU,49,40,550,269.00,"147,950.00"
2019-10-10,2019101001000437,PRVU,38,45,420,269.00,"112,980.00"
2019-10-10,2019101001000482,PRVU,17,53,500,269.00,"134,500.00"
2019-10-10,2019101001000477,PRVU,44,42,"1,421",268.00,"380,828.00"
2019-10-10,2019101001000476,PRVU,41,42,69,269.00,"18,561.00"
2019-10-10,2019101001000475,PRVU,41,53,131,269.00,"35,239.00"
2019-10-10,2019101001000473,PRVU,44,53,869,269.00,"233,761.00"
2019-10-10,2019101001000472,PRVU,44,34,"1,131",269.00,"304,239.00"
2019-10-10,2019101001000492,PRVU,34,53,250,269.00,"67,250.00"
2019-10-10,2019101001000491,PRVU,28,5,963,268.00,"258,084.00"
2019-10-10,2019101001000490,PRVU,34,5,500,268.00,"134,000.00"
2019-10-10,2019101001000489,PRVU,44,5,537,268.00,"143,916.00"
2019-10-10,2019101001000485,PRVU,37,53,50,269.00,"13,450.00"
2019-10-10,2019101001000484,PRVU,58,53,200,269.00,"53,800.00"
2019-10-10,2019101001000547,PRVU,42,51,463,268.00,"124,084.00"
2019-10-10,2019101001000546,PRVU,28,51,37,268.00,"9,916.00"
2019-10-10,2019101001000542,PRVU,7,7,500,269.00,"134,500.00"
2019-10-10,2019101001000510,PRVU,57,7,100,269.00,"26,900.00"
2019-10-10,2019101001000499,PRVU,49,58,457,269.00,"122,933.00"
2019-10-10,2019101001000497,PRVU,52,58,200,269.00,"53,800.00"
2019-10-10,2019101001000575,PRVU,42,56,37,268.00,"9,916.00"
2019-10-10,2019101001000574,PRVU,21,42,350,269.00,"94,150.00"
2019-10-10,2019101001000573,PRVU,21,58,650,269.00,"174,850.00"
2019-10-10,2019101001000559,PRVU,49,58,350,269.00,"94,150.00"
2019-10-10,2019101001000558,PRVU,49,7,300,269.00,"80,700.00"
2019-10-10,2019101001000553,PRVU,37,7,100,269.00,"26,900.00"
2019-10-10,2019101001000621,PRVU,34,7,570,269.00,"153,330.00"
2019-10-10,2019101001000620,PRVU,34,42,430,269.00,"115,670.00"
2019-10-10,2019101001000608,PRVU,41,42,20,269.00,"5,380.00"
2019-10-10,2019101001000593,PRVU,45,58,200,268.00,"53,600.00"
2019-10-10,2019101001000592,PRVU,13,42,200,269.00,"53,800.00"
2019-10-10,2019101001000576,PRVU,45,56,763,268.00,"204,484.00"
2019-10-10,2019101001000587,RADHI,22,58,11,137.00,"1,507.00"
2019-10-10,2019101001000468,RBCLPO,32,28,10,"7,490.00","74,900.00"
2019-10-10,2019101001000525,RHPL,54,58,40,158.00,"6,320.00"
2019-10-10,2019101001000447,RHPL,54,43,50,158.00,"7,900.00"
2019-10-10,2019101001000445,RHPL,54,43,40,158.00,"6,320.00"
2019-10-10,2019101001000443,RHPL,54,43,50,158.00,"7,900.00"
2019-10-10,2019101001000441,RHPL,54,43,50,158.00,"7,900.00"
2019-10-10,2019101001000438,RHPL,54,43,40,158.00,"6,320.00"
2019-10-10,2019101001000352,RHPL,54,4,30,158.00,"4,740.00"
2019-10-10,2019101001000351,RHPL,41,4,10,159.00,"1,590.00"
2019-10-10,2019101001000187,RHPL,41,17,50,159.00,"7,950.00"
2019-10-10,2019101001000180,RHPL,41,35,40,159.00,"6,360.00"
2019-10-10,2019101001000465,RLFL,17,28,84,112.00,"9,408.00"
2019-10-10,2019101001000551,RSDC,38,33,50,328.00,"16,400.00"
2019-10-10,2019101001000498,RSDC,48,26,13,333.00,"4,329.00"
2019-10-10,2019101001000192,SABSL,57,38,10,450.00,"4,500.00"
2019-10-10,2019101001000370,SADBL,17,17,200,140.00,"28,000.00"
2019-10-10,2019101001000461,SANIMA,37,33,30,310.00,"9,300.00"
2019-10-10,2019101001000453,SANIMA,37,59,70,310.00,"21,700.00"
2019-10-10,2019101001000266,SANIMA,46,59,100,310.00,"31,000.00"
2019-10-10,2019101001000195,SANIMA,4,38,100,306.00,"30,600.00"
2019-10-10,2019101001000463,SAPDBL,49,48,400,130.00,"52,000.00"
2019-10-10,2019101001000341,SAPDBL,10,41,42,128.00,"5,376.00"
2019-10-10,2019101001000340,SAPDBL,34,41,100,128.00,"12,800.00"
2019-10-10,2019101001000208,SBI,40,28,50,415.00,"20,750.00"
2019-10-10,2019101001000638,SBL,47,42,20,340.00,"6,800.00"
2019-10-10,2019101001000637,SBL,47,55,880,340.00,"299,200.00"
2019-10-10,2019101001000636,SBL,38,55,500,340.00,"170,000.00"
2019-10-10,2019101001000635,SBL,42,55,20,340.00,"6,800.00"
2019-10-10,2019101001000604,SBL,42,53,980,340.00,"333,200.00"
2019-10-10,2019101001000603,SBL,18,53,20,340.00,"6,800.00"
2019-10-10,2019101001000285,SBL,38,53,10,340.00,"3,400.00"
2019-10-10,2019101001000265,SBL,11,11,201,339.00,"68,139.00"
2019-10-10,2019101001000264,SBL,11,32,100,339.00,"33,900.00"
2019-10-10,2019101001000263,SBL,11,28,200,339.00,"67,800.00"
2019-10-10,2019101001000262,SBL,11,47,18,339.00,"6,102.00"
2019-10-10,2019101001000245,SBL,29,28,50,338.00,"16,900.00"
2019-10-10,2019101001000346,SBL,42,36,183,340.00,"62,220.00"
2019-10-10,2019101001000320,SBL,42,57,10,340.00,"3,400.00"
2019-10-10,2019101001000319,SBL,42,28,100,340.00,"34,000.00"
2019-10-10,2019101001000318,SBL,42,6,500,340.00,"170,000.00"
2019-10-10,2019101001000317,SBL,42,53,207,340.00,"70,380.00"
2019-10-10,2019101001000316,SBL,6,58,200,339.00,"67,800.00"
2019-10-10,2019101001000428,SBL,42,6,296,340.00,"100,640.00"
2019-10-10,2019101001000367,SBL,54,58,100,341.00,"34,100.00"
2019-10-10,2019101001000366,SBL,54,10,100,341.00,"34,100.00"
2019-10-10,2019101001000358,SBL,42,10,100,341.00,"34,100.00"
2019-10-10,2019101001000354,SBL,6,10,200,341.00,"68,200.00"
2019-10-10,2019101001000347,SBL,42,36,204,340.00,"69,360.00"
2019-10-10,2019101001000612,SCB,29,57,25,588.00,"14,700.00"
2019-10-10,2019101001000607,SCB,34,57,100,588.00,"58,800.00"
2019-10-10,2019101001000536,SCB,6,40,20,585.00,"11,700.00"
2019-10-10,2019101001000323,SCB,6,34,50,585.00,"29,250.00"
2019-10-10,2019101001000172,SCB,40,13,50,590.00,"29,500.00"
2019-10-10,2019101001000460,SHINE,44,41,200,248.00,"49,600.00"
2019-10-10,2019101001000557,SHIVM,46,57,50,516.00,"25,800.00"
2019-10-10,2019101001000554,SHIVM,46,58,150,512.00,"76,800.00"
2019-10-10,2019101001000528,SHIVM,41,58,50,511.00,"25,550.00"
2019-10-10,2019101001000471,SHIVM,53,35,100,512.00,"51,200.00"
2019-10-10,2019101001000470,SHIVM,36,35,20,513.00,"10,260.00"
2019-10-10,2019101001000469,SHIVM,35,35,30,514.00,"15,420.00"
2019-10-10,2019101001000220,SHIVM,36,17,60,513.00,"30,780.00"
2019-10-10,2019101001000219,SHIVM,41,17,40,514.00,"20,560.00"
2019-10-10,2019101001000203,SHIVM,41,34,50,514.00,"25,700.00"
2019-10-10,2019101001000535,SHL,51,32,100,210.00,"21,000.00"
2019-10-10,2019101001000534,SHL,48,32,100,211.00,"21,100.00"
2019-10-10,2019101001000337,SHL,58,32,500,210.00,"105,000.00"
2019-10-10,2019101001000634,SIC,42,42,18,480.00,"8,640.00"
2019-10-10,2019101001000494,SIC,45,7,15,482.00,"7,230.00"
2019-10-10,2019101001000272,SICL,58,56,100,715.00,"71,500.00"
2019-10-10,2019101001000349,SIL,39,56,250,385.00,"96,250.00"
2019-10-10,2019101001000343,SIL,39,7,546,385.00,"210,210.00"
2019-10-10,2019101001000248,SIL,39,56,76,385.00,"29,260.00"
2019-10-10,2019101001000562,SJCL,33,6,20,168.00,"3,360.00"
2019-10-10,2019101001000529,SJCL,13,58,20,168.00,"3,360.00"
2019-10-10,2019101001000186,SJCL,41,17,10,168.00,"1,680.00"
2019-10-10,2019101001000185,SJCL,41,17,10,168.00,"1,680.00"
2019-10-10,2019101001000178,SJCL,41,6,10,168.00,"1,680.00"
2019-10-10,2019101001000177,SJCL,41,56,10,168.00,"1,680.00"
2019-10-10,2019101001000345,SJCL,41,4,20,168.00,"3,360.00"
2019-10-10,2019101001000451,SJCL,41,43,20,170.00,"3,400.00"
2019-10-10,2019101001000450,SJCL,41,43,20,170.00,"3,400.00"
2019-10-10,2019101001000449,SJCL,41,43,20,170.00,"3,400.00"
2019-10-10,2019101001000448,SJCL,41,56,10,170.00,"1,700.00"
2019-10-10,2019101001000502,SLBBL,33,35,10,551.00,"5,510.00"
2019-10-10,2019101001000427,SLBBL,41,56,60,541.00,"32,460.00"
2019-10-10,2019101001000244,SLBBL,41,58,100,551.00,"55,100.00"
2019-10-10,2019101001000238,SLBSL,32,38,10,670.00,"6,700.00"
2019-10-10,2019101001000424,SLICL,34,13,10,265.00,"2,650.00"
2019-10-10,2019101001000193,SMB,39,38,10,412.00,"4,120.00"
2019-10-10,2019101001000591,SMFDB,5,56,50,512.00,"25,600.00"
2019-10-10,2019101001000199,SPARS,32,38,10,540.00,"5,400.00"
2019-10-10,2019101001000513,SRBL,42,35,500,239.00,"119,500.00"
2019-10-10,2019101001000444,SRBL,7,46,50,240.00,"12,000.00"
2019-10-10,2019101001000423,SRBL,42,59,500,239.00,"119,500.00"
2019-10-10,2019101001000408,SRBL,42,22,500,239.00,"119,500.00"
2019-10-10,2019101001000360,SRBL,42,40,50,241.00,"12,050.00"
2019-10-10,2019101001000359,SRBL,42,34,50,240.00,"12,000.00"
2019-10-10,2019101001000324,SRBL,42,46,500,239.00,"119,500.00"
2019-10-10,2019101001000247,SRBL,7,52,500,238.00,"119,000.00"
2019-10-10,2019101001000257,TRH,35,17,30,285.00,"8,550.00"
2019-10-10,2019101001000233,TRH,34,17,10,285.00,"2,850.00"
2019-10-10,2019101001000560,UIC,7,35,150,265.00,"39,750.00"
2019-10-10,2019101001000243,UIC,7,51,90,265.00,"23,850.00"
2019-10-10,2019101001000242,UIC,7,35,60,265.00,"15,900.00"
2019-10-10,2019101001000348,UNHPL,11,4,50,56.00,"2,800.00"
2019-10-10,2019101001000301,UNHPL,7,6,200,57.00,"11,400.00"
2019-10-10,2019101001000474,UPPER,6,34,251,236.00,"59,236.00"
2019-10-10,2019101001000464,UPPER,41,34,50,235.00,"11,750.00"
2019-10-10,2019101001000432,UPPER,42,13,55,234.00,"12,870.00"
2019-10-10,2019101001000200,UPPER,6,38,50,235.00,"11,750.00"
2019-10-10,2019101001000417,UPPER,22,34,30,235.00,"7,050.00"
2019-10-10,2019101001000416,UPPER,14,34,300,235.00,"70,500.00"
2019-10-10,2019101001000415,UPPER,11,34,100,235.00,"23,500.00"
2019-10-10,2019101001000407,UPPER,13,56,50,235.00,"11,750.00"
2019-10-10,2019101001000228,UPPER,6,38,50,235.00,"11,750.00"
2019-10-10,2019101001000087,ADBL,14,45,10,412.00,"4,120.00"
2019-10-10,2019101001000031,ADBL,6,46,10,412.00,"4,120.00"
2019-10-10,2019101001000005,ADBL,43,43,81,413.00,"33,453.00"
2019-10-10,2019101001000045,AKBSL,38,34,10,412.00,"4,120.00"
2019-10-10,2019101001000014,ALBSL,17,17,10,390.00,"3,900.00"
2019-10-10,2019101001000082,ALICL,37,45,20,320.00,"6,400.00"
2019-10-10,2019101001000049,ALICL,43,45,10,320.00,"3,200.00"
2019-10-10,2019101001000021,BFC,8,8,900,86.00,"77,400.00"
2019-10-10,2019101001000020,BFC,8,8,155,87.00,"13,485.00"
2019-10-10,2019101001000148,BOKL,52,48,200,235.00,"47,000.00"
2019-10-10,2019101001000026,BOKL,6,45,50,236.00,"11,800.00"
2019-10-10,2019101001000022,BPCL,17,17,11,362.00,"3,982.00"
2019-10-10,2019101001000015,BPCL,17,17,11,362.00,"3,982.00"
2019-10-10,2019101001000008,BPCL,17,17,11,362.00,"3,982.00"
2019-10-10,2019101001000054,CBL,22,33,100,143.00,"14,300.00"
2019-10-10,2019101001000115,CEFL,11,4,10,110.00,"1,100.00"
2019-10-10,2019101001000024,CHL,58,17,10,79.00,790.00
2019-10-10,2019101001000151,EBL,58,44,10,584.00,"5,840.00"
2019-10-10,2019101001000119,EBL,11,28,37,579.00,"21,423.00"
2019-10-10,2019101001000025,EBL,58,28,13,579.00,"7,527.00"
2019-10-10,2019101001000028,GLBSL,17,17,10,437.00,"4,370.00"
2019-10-10,2019101001000029,ILBS,17,17,10,429.00,"4,290.00"
2019-10-10,2019101001000112,LBBL,52,32,100,176.00,"17,600.00"
2019-10-10,2019101001000094,LBBL,11,32,10,176.00,"1,760.00"
2019-10-10,2019101001000109,LBL,14,45,100,213.00,"21,300.00"
2019-10-10,2019101001000039,LBL,32,41,"1,800",212.00,"381,600.00"
2019-10-10,2019101001000143,MLBL,44,33,520,215.00,"111,800.00"
2019-10-10,2019101001000138,MLBL,59,33,100,215.00,"21,500.00"
2019-10-10,2019101001000137,MLBL,21,33,100,215.00,"21,500.00"
2019-10-10,2019101001000136,MLBL,57,33,500,215.00,"107,500.00"
2019-10-10,2019101001000135,MLBL,32,33,"2,000",215.00,"430,000.00"
2019-10-10,2019101001000134,MLBL,59,33,20,215.00,"4,300.00"
2019-10-10,2019101001000132,MLBL,38,50,50,216.00,"10,800.00"
2019-10-10,2019101001000030,MSLB,17,17,26,954.00,"24,804.00"
2019-10-10,2019101001000052,NABIL,11,35,56,765.00,"42,840.00"
2019-10-10,2019101001000003,NABIL,11,38,30,765.00,"22,950.00"
2019-10-10,2019101001000009,NADEP,17,17,20,402.00,"8,040.00"
2019-10-10,2019101001000027,NBL,19,19,10,312.00,"3,120.00"
2019-10-10,2019101001000032,NHDL,17,17,10,96.00,960.00
2019-10-10,2019101001000004,NLIC,7,35,18,770.00,"13,860.00"
2019-10-10,2019101001000150,NTC,33,32,10,646.00,"6,460.00"
2019-10-10,2019101001000010,NTC,22,19,10,637.00,"6,370.00"
2019-10-10,2019101001000002,NTC,59,19,10,649.00,"6,490.00"
2019-10-10,2019101001000128,PCBL,51,35,80,267.00,"21,360.00"
2019-10-10,2019101001000107,PCBL,11,35,20,267.00,"5,340.00"
2019-10-10,2019101001000073,PCBL,51,57,29,267.00,"7,743.00"
2019-10-10,2019101001000072,PCBL,51,35,16,267.00,"4,272.00"
2019-10-10,2019101001000059,PCBL,4,51,16,262.00,"4,192.00"
2019-10-10,2019101001000056,PCBL,21,35,200,264.00,"52,800.00"
2019-10-10,2019101001000051,PCBL,57,33,25,264.00,"6,600.00"
2019-10-10,2019101001000050,PCBL,19,33,100,264.00,"26,400.00"
2019-10-10,2019101001000019,PCBL,36,42,14,265.00,"3,710.00"
2019-10-10,2019101001000018,PCBL,36,6,40,265.00,"10,600.00"
2019-10-10,2019101001000001,PCBL,58,35,50,264.00,"13,200.00"
2019-10-10,2019101001000037,PFL,59,47,10,137.00,"1,370.00"
2019-10-10,2019101001000092,PLIC,11,45,30,336.00,"10,080.00"
2019-10-10,2019101001000149,PRVU,34,46,501,269.00,"134,769.00"
2019-10-10,2019101001000147,PRVU,55,46,100,269.00,"26,900.00"
2019-10-10,2019101001000146,PRVU,52,46,100,269.00,"26,900.00"
2019-10-10,2019101001000145,PRVU,52,46,100,269.00,"26,900.00"
2019-10-10,2019101001000144,PRVU,54,45,100,270.00,"27,000.00"
2019-10-10,2019101001000133,PRVU,55,45,100,270.00,"27,000.00"
2019-10-10,2019101001000053,PRVU,38,57,300,269.00,"80,700.00"
2019-10-10,2019101001000064,PRVU,28,57,180,270.00,"48,600.00"
2019-10-10,2019101001000063,PRVU,28,19,200,270.00,"54,000.00"
2019-10-10,2019101001000062,PRVU,28,34,120,270.00,"32,400.00"
2019-10-10,2019101001000061,PRVU,38,4,500,269.00,"134,500.00"
2019-10-10,2019101001000057,PRVU,34,4,500,269.00,"134,500.00"
2019-10-10,2019101001000055,PRVU,38,4,500,269.00,"134,500.00"
2019-10-10,2019101001000077,PRVU,47,45,25,269.00,"6,725.00"
2019-10-10,2019101001000076,PRVU,51,4,280,270.00,"75,600.00"
2019-10-10,2019101001000074,PRVU,51,4,200,270.00,"54,000.00"
2019-10-10,2019101001000071,PRVU,51,57,500,270.00,"135,000.00"
2019-10-10,2019101001000070,PRVU,51,46,200,270.00,"54,000.00"
2019-10-10,2019101001000069,PRVU,51,57,20,270.00,"5,400.00"
2019-10-10,2019101001000085,PRVU,36,19,500,268.00,"134,000.00"
2019-10-10,2019101001000084,PRVU,5,19,100,268.00,"26,800.00"
2019-10-10,2019101001000081,PRVU,38,45,475,269.00,"127,775.00"
2019-10-10,2019101001000080,PRVU,38,45,500,269.00,"134,500.00"
2019-10-10,2019101001000079,PRVU,38,45,500,269.00,"134,500.00"
2019-10-10,2019101001000078,PRVU,28,45,500,269.00,"134,500.00"
2019-10-10,2019101001000101,PRVU,36,19,200,269.00,"53,800.00"
2019-10-10,2019101001000100,PRVU,36,56,350,269.00,"94,150.00"
2019-10-10,2019101001000098,PRVU,45,56,100,269.00,"26,900.00"
2019-10-10,2019101001000095,PRVU,39,56,500,269.00,"134,500.00"
2019-10-10,2019101001000093,PRVU,44,41,42,268.00,"11,256.00"
2019-10-10,2019101001000089,PRVU,11,56,50,269.00,"13,450.00"
2019-10-10,2019101001000111,PRVU,41,57,100,271.00,"27,100.00"
2019-10-10,2019101001000108,PRVU,44,34,"1,933",270.00,"521,910.00"
2019-10-10,2019101001000106,PRVU,36,34,526,270.00,"142,020.00"
2019-10-10,2019101001000105,PRVU,36,32,400,270.00,"108,000.00"
2019-10-10,2019101001000104,PRVU,36,50,280,270.00,"75,600.00"
2019-10-10,2019101001000103,PRVU,36,4,220,270.00,"59,400.00"
2019-10-10,2019101001000122,PRVU,19,45,200,270.00,"54,000.00"
2019-10-10,2019101001000121,PRVU,50,4,20,271.00,"5,420.00"
2019-10-10,2019101001000118,PRVU,50,40,100,271.00,"27,100.00"
2019-10-10,2019101001000117,PRVU,50,10,400,271.00,"108,400.00"
2019-10-10,2019101001000116,PRVU,50,57,400,271.00,"108,400.00"
2019-10-10,2019101001000114,PRVU,19,34,50,270.00,"13,500.00"
2019-10-10,2019101001000131,PRVU,47,45,500,270.00,"135,000.00"
2019-10-10,2019101001000130,PRVU,45,45,500,270.00,"135,000.00"
2019-10-10,2019101001000129,PRVU,22,56,"1,000",270.00,"270,000.00"
2019-10-10,2019101001000126,PRVU,41,4,50,271.00,"13,550.00"
2019-10-10,2019101001000125,PRVU,34,45,800,270.00,"216,000.00"
2019-10-10,2019101001000123,PRVU,37,45,"1,000",270.00,"270,000.00"
2019-10-10,2019101001000034,RHPC,17,17,10,80.00,800.00
2019-10-10,2019101001000065,RHPL,45,57,10,160.00,"1,600.00"
2019-10-10,2019101001000058,RHPL,45,57,40,160.00,"6,400.00"
2019-10-10,2019101001000047,RHPL,45,56,10,160.00,"1,600.00"
2019-10-10,2019101001000046,RHPL,45,56,10,160.00,"1,600.00"
2019-10-10,2019101001000035,RHPL,17,17,10,159.00,"1,590.00"
2019-10-10,2019101001000016,RHPL,17,17,10,159.00,"1,590.00"
2019-10-10,2019101001000011,RHPL,17,17,10,159.00,"1,590.00"
2019-10-10,2019101001000006,RHPL,54,6,30,158.00,"4,740.00"
2019-10-10,2019101001000083,RLFL,22,59,40,113.00,"4,520.00"
2019-10-10,2019101001000012,RSDC,17,17,13,328.00,"4,264.00"
2019-10-10,2019101001000127,SBL,33,52,150,336.00,"50,400.00"
2019-10-10,2019101001000124,SBL,41,52,100,337.00,"33,700.00"
2019-10-10,2019101001000048,SBL,58,47,32,339.00,"10,848.00"
2019-10-10,2019101001000044,SBL,33,52,209,336.00,"70,224.00"
2019-10-10,2019101001000043,SBL,19,52,100,336.00,"33,600.00"
2019-10-10,2019101001000042,SBL,42,52,50,336.00,"16,800.00"
2019-10-10,2019101001000041,SBL,34,52,16,336.00,"5,376.00"
2019-10-10,2019101001000040,SBL,55,52,25,336.00,"8,400.00"
2019-10-10,2019101001000038,SBL,7,28,400,338.00,"135,200.00"
2019-10-10,2019101001000152,SHIVM,41,14,100,520.00,"52,000.00"
2019-10-10,2019101001000142,SHIVM,41,45,60,517.00,"31,020.00"
2019-10-10,2019101001000141,SHIVM,41,35,50,515.00,"25,750.00"
2019-10-10,2019101001000068,SHIVM,41,35,60,518.00,"31,080.00"
2019-10-10,2019101001000088,SIFC,43,57,100,155.00,"15,500.00"
2019-10-10,2019101001000033,SIFC,41,57,100,155.00,"15,500.00"
2019-10-10,2019101001000120,SJCL,43,57,20,167.00,"3,340.00"
2019-10-10,2019101001000113,SJCL,43,57,20,167.00,"3,340.00"
2019-10-10,2019101001000110,SJCL,43,57,20,167.00,"3,340.00"
2019-10-10,2019101001000099,SJCL,43,57,20,167.00,"3,340.00"
2019-10-10,2019101001000096,SJCL,43,57,20,167.00,"3,340.00"
2019-10-10,2019101001000090,SJCL,43,57,20,167.00,"3,340.00"
2019-10-10,2019101001000013,SJCL,17,17,10,169.00,"1,690.00"
2019-10-10,2019101001000086,SJCL,43,57,20,167.00,"3,340.00"
2019-10-10,2019101001000075,SJCL,43,57,20,167.00,"3,340.00"
2019-10-10,2019101001000067,SJCL,43,57,20,167.00,"3,340.00"
2019-10-10,2019101001000060,SJCL,43,57,20,167.00,"3,340.00"
2019-10-10,2019101001000036,SJCL,17,17,10,169.00,"1,690.00"
2019-10-10,2019101001000017,SJCL,17,17,10,169.00,"1,690.00"
2019-10-10,2019101001000140,SRBL,48,39,319,237.00,"75,603.00"
2019-10-10,2019101001000139,SRBL,48,39,363,237.00,"86,031.00"
2019-10-10,2019101001000102,SRBL,6,52,500,238.00,"119,000.00"
2019-10-10,2019101001000097,SRBL,7,32,14,237.00,"3,318.00"
2019-10-10,2019101001000091,SRBL,7,52,500,237.00,"118,500.00"
2019-10-10,2019101001000066,SRBL,7,41,71,237.00,"16,827.00"
2019-10-10,2019101001000023,TRH,32,44,100,283.00,"28,300.00"
2019-10-10,2019101001000007,UNL,34,32,10,"20,000.00","200,000.00"
