Date,Transact. No.,Symbol,Buyer,Seller,Quantity,Rate,Amount
2019-01-07,2019010701003257,ADBL,55,37,104,346.00,"35,984.00"
2019-01-07,2019010701003118,ADBL,49,11,200,345.00,"69,000.00"
2019-01-07,2019010701003102,ADBL,49,26,10,345.00,"3,450.00"
2019-01-07,2019010701003113,AHPC,48,26,10,106.00,"1,060.00"
2019-01-07,2019010701002998,AHPC,52,19,390,107.00,"41,730.00"
2019-01-07,2019010701003038,AKPL,33,22,20,184.00,"3,680.00"
2019-01-07,2019010701003018,AKPL,33,22,20,184.00,"3,680.00"
2019-01-07,2019010701003424,ALICL,34,28,100,613.00,"61,300.00"
2019-01-07,2019010701003423,ALICL,34,28,200,612.00,"122,400.00"
2019-01-07,2019010701003274,ALICL,45,36,80,611.00,"48,880.00"
2019-01-07,2019010701003180,ALICL,16,25,85,606.00,"51,510.00"
2019-01-07,2019010701003422,API,16,28,10,157.00,"1,570.00"
2019-01-07,2019010701003304,API,25,28,65,157.00,"10,205.00"
2019-01-07,2019010701003303,API,25,52,935,155.00,"144,925.00"
2019-01-07,2019010701003273,API,25,52,65,155.00,"10,075.00"
2019-01-07,2019010701003272,API,25,26,500,155.00,"77,500.00"
2019-01-07,2019010701003271,API,25,6,935,154.00,"143,990.00"
2019-01-07,2019010701003253,API,20,25,701,153.00,"107,253.00"
2019-01-07,2019010701003252,API,45,25,299,153.00,"45,747.00"
2019-01-07,2019010701003216,API,1,6,65,154.00,"10,010.00"
2019-01-07,2019010701003146,API,45,25,701,153.00,"107,253.00"
2019-01-07,2019010701003145,API,46,25,299,153.00,"45,747.00"
2019-01-07,2019010701003120,API,46,26,10,153.00,"1,530.00"
2019-01-07,2019010701003124,BHBL,11,26,38,135.00,"5,130.00"
2019-01-07,2019010701003365,BOKL,13,41,30,332.00,"9,960.00"
2019-01-07,2019010701003327,BOKL,13,44,84,332.00,"27,888.00"
2019-01-07,2019010701003307,BOKL,7,11,114,333.00,"37,962.00"
2019-01-07,2019010701003306,BOKL,7,19,190,333.00,"63,270.00"
2019-01-07,2019010701003305,BOKL,7,57,696,333.00,"231,768.00"
2019-01-07,2019010701003225,BOKL,45,19,50,333.00,"16,650.00"
2019-01-07,2019010701003122,BOKL,32,19,60,333.00,"19,980.00"
2019-01-07,2019010701003051,BOKL,41,19,200,333.00,"66,600.00"
2019-01-07,2019010701003007,BOKL,13,39,200,332.00,"66,400.00"
2019-01-07,2019010701002961,BOKL,13,22,294,332.00,"97,608.00"
2019-01-07,2019010701002960,BOKL,13,17,895,332.00,"297,140.00"
2019-01-07,2019010701003133,BPCL,57,34,30,370.00,"11,100.00"
2019-01-07,2019010701002957,BPCL,58,34,30,369.00,"11,070.00"
2019-01-07,2019010701003354,CBL,43,58,10,164.00,"1,640.00"
2019-01-07,2019010701003132,CBL,34,26,38,163.00,"6,194.00"
2019-01-07,2019010701003055,CBL,34,49,72,163.00,"11,736.00"
2019-01-07,2019010701002993,CBL,34,26,41,163.00,"6,683.00"
2019-01-07,2019010701003207,CCBL,32,21,422,171.00,"72,162.00"
2019-01-07,2019010701003144,CCBL,42,26,47,170.00,"7,990.00"
2019-01-07,2019010701003010,CCBL,42,59,60,170.00,"10,200.00"
2019-01-07,2019010701003002,CCBL,42,5,"1,259",170.00,"214,030.00"
2019-01-07,2019010701002956,CCBL,21,21,78,171.00,"13,338.00"
2019-01-07,2019010701002955,CCBL,21,45,222,171.00,"37,962.00"
2019-01-07,2019010701003162,CFCL,58,26,40,110.00,"4,400.00"
2019-01-07,2019010701003440,CHCL,38,41,110,550.00,"60,500.00"
2019-01-07,2019010701003439,CHCL,38,53,185,550.00,"101,750.00"
2019-01-07,2019010701003438,CHCL,38,25,145,550.00,"79,750.00"
2019-01-07,2019010701003200,CHCL,10,53,15,550.00,"8,250.00"
2019-01-07,2019010701003199,CHCL,10,52,25,550.00,"13,750.00"
2019-01-07,2019010701003087,CHCL,25,36,100,549.00,"54,900.00"
2019-01-07,2019010701003049,CHCL,37,52,25,550.00,"13,750.00"
2019-01-07,2019010701003048,CHCL,37,50,50,550.00,"27,500.00"
2019-01-07,2019010701003047,CHCL,37,42,25,550.00,"13,750.00"
2019-01-07,2019010701003364,CIT,5,4,50,"2,288.00","114,400.00"
2019-01-07,2019010701003353,CIT,10,22,200,"2,287.00","457,400.00"
2019-01-07,2019010701003352,CIT,10,45,10,"2,286.00","22,860.00"
2019-01-07,2019010701003309,CIT,33,43,20,"2,279.00","45,580.00"
2019-01-07,2019010701003226,CIT,10,44,70,"2,279.00","159,530.00"
2019-01-07,2019010701003185,CIT,10,44,30,"2,279.00","68,370.00"
2019-01-07,2019010701003147,CIT,1,45,240,"2,280.00","547,200.00"
2019-01-07,2019010701003139,CIT,1,34,30,"2,280.00","68,400.00"
2019-01-07,2019010701003138,CIT,1,40,20,"2,280.00","45,600.00"
2019-01-07,2019010701003137,CIT,1,29,10,"2,279.00","22,790.00"
2019-01-07,2019010701003115,CIT,40,43,45,"2,275.00","102,375.00"
2019-01-07,2019010701003114,CIT,40,43,55,"2,275.00","125,125.00"
2019-01-07,2019010701003308,CLBSL,56,50,100,680.00,"68,000.00"
2019-01-07,2019010701003076,CZBIL,58,43,500,212.00,"106,000.00"
2019-01-07,2019010701003075,CZBIL,58,52,200,212.00,"42,400.00"
2019-01-07,2019010701003074,CZBIL,58,43,284,212.00,"60,208.00"
2019-01-07,2019010701003170,DBBL,51,26,29,126.00,"3,654.00"
2019-01-07,2019010701003403,EBL,55,26,75,532.00,"39,900.00"
2019-01-07,2019010701003402,EBL,55,25,125,532.00,"66,500.00"
2019-01-07,2019010701003054,EBL,44,22,100,531.00,"53,100.00"
2019-01-07,2019010701003136,EBL,25,25,100,532.00,"53,200.00"
2019-01-07,2019010701003135,EBL,25,25,90,532.00,"47,880.00"
2019-01-07,2019010701003119,EBL,25,22,10,532.00,"5,320.00"
2019-01-07,2019010701002977,EIC,33,21,50,840.00,"42,000.00"
2019-01-07,2019010701003276,FMDBL,42,43,100,384.00,"38,400.00"
2019-01-07,2019010701003175,FMDBL,42,26,16,383.00,"6,128.00"
2019-01-07,2019010701003021,FOWAD,32,45,100,"1,500.00","150,000.00"
2019-01-07,2019010701003020,FOWAD,32,51,100,"1,500.00","150,000.00"
2019-01-07,2019010701003318,GBBL,45,41,298,190.00,"56,620.00"
2019-01-07,2019010701003053,GBBL,49,39,"4,487",191.00,"857,017.00"
2019-01-07,2019010701002997,GBBL,45,29,143,190.00,"27,170.00"
2019-01-07,2019010701002996,GBBL,45,57,55,190.00,"10,450.00"
2019-01-07,2019010701002995,GBBL,45,19,46,190.00,"8,740.00"
2019-01-07,2019010701002994,GBBL,45,44,"2,680",190.00,"509,200.00"
2019-01-07,2019010701003181,GBIME,34,26,10,269.00,"2,690.00"
2019-01-07,2019010701003014,GBIME,34,59,10,269.00,"2,690.00"
2019-01-07,2019010701003001,GBIME,34,55,200,269.00,"53,800.00"
2019-01-07,2019010701003357,GBLBS,47,41,300,435.00,"130,500.00"
2019-01-07,2019010701003356,GBLBS,47,6,10,435.00,"4,350.00"
2019-01-07,2019010701003208,GBLBS,42,49,50,430.00,"21,500.00"
2019-01-07,2019010701003345,GLICL,45,50,100,719.00,"71,900.00"
2019-01-07,2019010701003344,GLICL,45,35,210,718.00,"150,780.00"
2019-01-07,2019010701003190,GLICL,11,26,11,713.00,"7,843.00"
2019-01-07,2019010701003192,GRDBL,53,26,40,107.00,"4,280.00"
2019-01-07,2019010701003349,HBL,40,19,15,458.00,"6,870.00"
2019-01-07,2019010701003348,HBL,6,19,300,459.00,"137,700.00"
2019-01-07,2019010701003347,HBL,33,19,150,459.00,"68,850.00"
2019-01-07,2019010701003346,HBL,55,19,25,460.00,"11,500.00"
2019-01-07,2019010701003320,HGI,45,13,100,404.00,"40,400.00"
2019-01-07,2019010701003287,HGI,39,25,30,403.00,"12,090.00"
2019-01-07,2019010701003266,HGI,33,25,600,403.00,"241,800.00"
2019-01-07,2019010701003213,HGI,41,25,250,400.00,"100,000.00"
2019-01-07,2019010701003212,HGI,48,25,120,400.00,"48,000.00"
2019-01-07,2019010701003004,HGI,21,41,100,400.00,"40,000.00"
2019-01-07,2019010701003141,HIDCL,52,22,15,150.00,"2,250.00"
2019-01-07,2019010701003450,IGI,29,5,100,485.00,"48,500.00"
2019-01-07,2019010701003407,IGI,29,5,100,484.00,"48,400.00"
2019-01-07,2019010701003013,IGI,40,16,10,484.00,"4,840.00"
2019-01-07,2019010701003343,JBBL,35,6,111,138.00,"15,318.00"
2019-01-07,2019010701003195,JBBL,7,35,12,136.00,"1,632.00"
2019-01-07,2019010701003437,JBNL,49,17,35,168.00,"5,880.00"
2019-01-07,2019010701003283,JBNL,10,26,130,168.00,"21,840.00"
2019-01-07,2019010701003204,JBNL,1,26,100,168.00,"16,800.00"
2019-01-07,2019010701002992,JFL,58,3,"1,000",170.00,"170,000.00"
2019-01-07,2019010701002991,JFL,17,3,200,170.00,"34,000.00"
2019-01-07,2019010701002972,JSLBB,10,21,44,"2,520.00","110,880.00"
2019-01-07,2019010701003247,KBL,6,52,89,246.00,"21,894.00"
2019-01-07,2019010701003198,KBL,37,52,60,247.00,"14,820.00"
2019-01-07,2019010701002958,KBL,6,19,411,246.00,"101,106.00"
2019-01-07,2019010701003224,KRBL,57,13,43,98.00,"4,214.00"
2019-01-07,2019010701003214,LBBL,36,26,135,171.00,"23,085.00"
2019-01-07,2019010701003227,LBL,45,26,28,219.00,"6,132.00"
2019-01-07,2019010701003172,LBL,45,49,658,220.00,"144,760.00"
2019-01-07,2019010701003042,LBL,46,49,50,220.00,"11,000.00"
2019-01-07,2019010701003311,LGIL,19,14,318,542.00,"172,356.00"
2019-01-07,2019010701003310,LGIL,34,14,80,544.00,"43,520.00"
2019-01-07,2019010701003302,LGIL,34,22,250,544.00,"136,000.00"
2019-01-07,2019010701003301,LGIL,34,19,50,544.00,"27,200.00"
2019-01-07,2019010701003300,LGIL,34,17,120,543.00,"65,160.00"
2019-01-07,2019010701003236,LGIL,19,26,17,542.00,"9,214.00"
2019-01-07,2019010701003085,LGIL,57,19,100,544.00,"54,400.00"
2019-01-07,2019010701003084,LGIL,57,16,300,544.00,"163,200.00"
2019-01-07,2019010701003083,LGIL,57,6,100,544.00,"54,400.00"
2019-01-07,2019010701003082,LGIL,19,16,165,542.00,"89,430.00"
2019-01-07,2019010701003056,LGIL,10,57,500,542.00,"271,000.00"
2019-01-07,2019010701003016,LGIL,33,10,150,541.00,"81,150.00"
2019-01-07,2019010701003355,LICN,52,22,20,"1,675.00","33,500.00"
2019-01-07,2019010701003322,LICN,59,48,150,"1,665.00","249,750.00"
2019-01-07,2019010701003319,LICN,52,50,100,"1,673.00","167,300.00"
2019-01-07,2019010701003293,LICN,52,55,177,"1,670.00","295,590.00"
2019-01-07,2019010701003071,LICN,49,53,100,"1,664.00","166,400.00"
2019-01-07,2019010701003434,MBL,11,25,97,210.00,"20,370.00"
2019-01-07,2019010701003401,MBL,11,25,"1,474",210.00,"309,540.00"
2019-01-07,2019010701003400,MBL,11,25,26,210.00,"5,460.00"
2019-01-07,2019010701003270,MBL,36,7,200,209.00,"41,800.00"
2019-01-07,2019010701003261,MBL,11,43,"1,903",209.00,"397,727.00"
2019-01-07,2019010701003149,MBL,11,32,500,208.00,"104,000.00"
2019-01-07,2019010701003088,MBL,58,47,209,207.00,"43,263.00"
2019-01-07,2019010701003241,MDB,45,26,10,281.00,"2,810.00"
2019-01-07,2019010701003255,MEGA,43,33,10,172.00,"1,720.00"
2019-01-07,2019010701003148,MEGA,48,36,299,171.00,"51,129.00"
2019-01-07,2019010701003067,MEGA,48,36,100,171.00,"17,100.00"
2019-01-07,2019010701003066,MEGA,45,36,96,171.00,"16,416.00"
2019-01-07,2019010701003036,MEGA,45,49,45,171.00,"7,695.00"
2019-01-07,2019010701003193,MMFDB,28,57,10,"1,009.00","10,090.00"
2019-01-07,2019010701003035,MNBBL,58,54,315,340.00,"107,100.00"
2019-01-07,2019010701002969,MNBBL,16,54,35,340.00,"11,900.00"
2019-01-07,2019010701002968,MNBBL,56,54,30,340.00,"10,200.00"
2019-01-07,2019010701002967,MNBBL,35,54,500,340.00,"170,000.00"
2019-01-07,2019010701002966,MNBBL,53,54,120,340.00,"40,800.00"
2019-01-07,2019010701003098,MSLB,47,1,30,"1,265.00","37,950.00"
2019-01-07,2019010701003250,NABIL,33,26,15,835.00,"12,525.00"
2019-01-07,2019010701003206,NABIL,55,5,100,838.00,"83,800.00"
2019-01-07,2019010701003073,NABIL,1,3,250,837.00,"209,250.00"
2019-01-07,2019010701003072,NABIL,1,51,100,837.00,"83,700.00"
2019-01-07,2019010701003043,NABIL,1,32,548,836.00,"458,128.00"
2019-01-07,2019010701003026,NABIL,7,32,100,835.00,"83,500.00"
2019-01-07,2019010701003256,NABILP,38,3,227,713.00,"161,851.00"
2019-01-07,2019010701003197,NABILP,38,6,69,712.00,"49,128.00"
2019-01-07,2019010701003183,NABILP,44,39,773,711.00,"549,603.00"
2019-01-07,2019010701003168,NABILP,47,39,400,711.00,"284,400.00"
2019-01-07,2019010701003044,NABILP,34,11,100,710.00,"71,000.00"
2019-01-07,2019010701003008,NABILP,20,39,300,711.00,"213,300.00"
2019-01-07,2019010701003123,NABILP,38,39,240,711.00,"170,640.00"
2019-01-07,2019010701003117,NABILP,38,39,87,711.00,"61,857.00"
2019-01-07,2019010701003116,NABILP,38,11,50,711.00,"35,550.00"
2019-01-07,2019010701003177,NADEP,53,10,10,795.00,"7,950.00"
2019-01-07,2019010701003081,NADEP,53,49,90,790.00,"71,100.00"
2019-01-07,2019010701003246,NBB,33,1,"1,000",191.00,"191,000.00"
2019-01-07,2019010701003231,NBB,11,1,100,191.00,"19,100.00"
2019-01-07,2019010701003430,NBL,1,45,200,308.00,"61,600.00"
2019-01-07,2019010701003429,NBL,52,45,"1,000",308.00,"308,000.00"
2019-01-07,2019010701003428,NBL,49,45,548,308.00,"168,784.00"
2019-01-07,2019010701003406,NBL,49,45,"2,000",308.00,"616,000.00"
2019-01-07,2019010701003339,NBL,49,58,200,308.00,"61,600.00"
2019-01-07,2019010701003338,NBL,49,45,"2,000",308.00,"616,000.00"
2019-01-07,2019010701003142,NBL,44,34,400,307.00,"122,800.00"
2019-01-07,2019010701003077,NBL,21,34,200,308.00,"61,600.00"
2019-01-07,2019010701003017,NBL,52,34,200,308.00,"61,600.00"
2019-01-07,2019010701003337,NBL,49,37,252,308.00,"77,616.00"
2019-01-07,2019010701003292,NBL,36,37,"1,000",308.00,"308,000.00"
2019-01-07,2019010701003281,NBL,49,37,"3,748",308.00,"1,154,384.00"
2019-01-07,2019010701003280,NBL,49,13,495,308.00,"152,460.00"
2019-01-07,2019010701003279,NBL,49,34,757,308.00,"233,156.00"
2019-01-07,2019010701003235,NBL,22,34,"3,000",308.00,"924,000.00"
2019-01-07,2019010701003447,NCCB,50,50,269,220.00,"59,180.00"
2019-01-07,2019010701003446,NCCB,50,14,200,220.00,"44,000.00"
2019-01-07,2019010701003445,NCCB,50,32,864,220.00,"190,080.00"
2019-01-07,2019010701003396,NCCB,36,32,436,220.00,"95,920.00"
2019-01-07,2019010701003395,NCCB,36,55,100,220.00,"22,000.00"
2019-01-07,2019010701003394,NCCB,36,34,"1,000",220.00,"220,000.00"
2019-01-07,2019010701003104,NCCB,25,57,500,219.00,"109,500.00"
2019-01-07,2019010701002974,NCCB,25,3,252,219.00,"55,188.00"
2019-01-07,2019010701002973,NCCB,25,36,105,219.00,"22,995.00"
2019-01-07,2019010701002971,NCCB,14,36,20,219.00,"4,380.00"
2019-01-07,2019010701003166,NCCB,50,47,50,219.00,"10,950.00"
2019-01-07,2019010701003165,NCCB,50,39,517,219.00,"113,223.00"
2019-01-07,2019010701003140,NCCB,34,39,50,219.00,"10,950.00"
2019-01-07,2019010701003130,NCCB,50,39,200,219.00,"43,800.00"
2019-01-07,2019010701003129,NCCB,28,39,300,219.00,"65,700.00"
2019-01-07,2019010701003128,NCCB,25,39,143,219.00,"31,317.00"
2019-01-07,2019010701003393,NCCB,36,7,24,220.00,"5,280.00"
2019-01-07,2019010701003392,NCCB,36,34,200,220.00,"44,000.00"
2019-01-07,2019010701003391,NCCB,36,34,240,220.00,"52,800.00"
2019-01-07,2019010701003233,NCCB,53,34,760,220.00,"167,200.00"
2019-01-07,2019010701003232,NCCB,53,58,240,220.00,"52,800.00"
2019-01-07,2019010701003211,NCCB,32,58,300,220.00,"66,000.00"
2019-01-07,2019010701003127,NGPL,33,22,93,122.00,"11,346.00"
2019-01-07,2019010701003167,NHDL,40,17,130,130.00,"16,900.00"
2019-01-07,2019010701003342,NHPC,34,50,500,69.00,"34,500.00"
2019-01-07,2019010701003263,NIB,49,26,17,551.00,"9,367.00"
2019-01-07,2019010701003092,NIB,49,11,166,551.00,"91,466.00"
2019-01-07,2019010701003012,NIB,49,32,33,551.00,"18,183.00"
2019-01-07,2019010701003009,NIB,49,59,49,551.00,"26,999.00"
2019-01-07,2019010701002980,NIB,49,34,35,551.00,"19,285.00"
2019-01-07,2019010701003335,NICA,10,43,160,379.00,"60,640.00"
2019-01-07,2019010701003221,NICA,34,44,280,379.00,"106,120.00"
2019-01-07,2019010701003220,NICA,43,44,500,379.00,"189,500.00"
2019-01-07,2019010701003219,NICA,45,44,932,379.00,"353,228.00"
2019-01-07,2019010701003096,NICA,33,44,200,380.00,"76,000.00"
2019-01-07,2019010701003449,NICL,22,58,10,561.00,"5,610.00"
2019-01-07,2019010701003289,NICL,43,57,11,570.00,"6,270.00"
2019-01-07,2019010701003288,NICL,43,1,46,568.00,"26,128.00"
2019-01-07,2019010701003277,NICL,22,26,12,561.00,"6,732.00"
2019-01-07,2019010701003265,NICL,34,1,33,568.00,"18,744.00"
2019-01-07,2019010701003264,NICL,34,58,167,565.00,"94,355.00"
2019-01-07,2019010701003179,NICL,10,58,"1,000",563.00,"563,000.00"
2019-01-07,2019010701003089,NICL,10,58,"1,000",563.00,"563,000.00"
2019-01-07,2019010701002962,NICL,34,58,"1,000",563.00,"563,000.00"
2019-01-07,2019010701003326,NIL,53,55,50,545.00,"27,250.00"
2019-01-07,2019010701003325,NIL,53,28,200,545.00,"109,000.00"
2019-01-07,2019010701003324,NIL,53,56,200,545.00,"109,000.00"
2019-01-07,2019010701003323,NIL,53,56,150,544.00,"81,600.00"
2019-01-07,2019010701003290,NIL,51,26,24,541.00,"12,984.00"
2019-01-07,2019010701003258,NIL,51,16,300,543.00,"162,900.00"
2019-01-07,2019010701003032,NIL,41,32,200,540.00,"108,000.00"
2019-01-07,2019010701002975,NIL,33,16,300,541.00,"162,300.00"
2019-01-07,2019010701002952,NIL,29,21,400,538.00,"215,200.00"
2019-01-07,2019010701003237,NIL,11,56,350,544.00,"190,400.00"
2019-01-07,2019010701003210,NIL,51,35,100,543.00,"54,300.00"
2019-01-07,2019010701003209,NIL,51,35,100,543.00,"54,300.00"
2019-01-07,2019010701003050,NIL,34,32,100,540.00,"54,000.00"
2019-01-07,2019010701003039,NIL,34,32,200,540.00,"108,000.00"
2019-01-07,2019010701003248,NLBBL,37,6,37,478.00,"17,686.00"
2019-01-07,2019010701003070,NLBBL,29,57,100,476.00,"47,600.00"
2019-01-07,2019010701003069,NLBBL,29,57,276,475.00,"131,100.00"
2019-01-07,2019010701003312,NLG,45,16,20,863.00,"17,260.00"
2019-01-07,2019010701003251,NLG,45,25,34,862.00,"29,308.00"
2019-01-07,2019010701003444,NLIC,45,47,20,"1,102.00","22,040.00"
2019-01-07,2019010701003443,NLIC,45,45,11,"1,102.00","12,122.00"
2019-01-07,2019010701003375,NLIC,49,33,550,"1,100.00","605,000.00"
2019-01-07,2019010701003374,NLIC,49,10,279,"1,100.00","306,900.00"
2019-01-07,2019010701003367,NLIC,48,10,221,"1,100.00","243,100.00"
2019-01-07,2019010701003366,NLIC,48,10,79,"1,100.00","86,900.00"
2019-01-07,2019010701003151,NLIC,49,35,100,"1,097.00","109,700.00"
2019-01-07,2019010701003150,NLIC,49,19,70,"1,097.00","76,790.00"
2019-01-07,2019010701003000,NLIC,25,19,30,"1,097.00","32,910.00"
2019-01-07,2019010701002999,NLIC,25,53,48,"1,097.00","52,656.00"
2019-01-07,2019010701003157,NLIC,49,29,50,"1,100.00","55,000.00"
2019-01-07,2019010701003156,NLIC,49,42,156,"1,099.00","171,444.00"
2019-01-07,2019010701003155,NLIC,49,13,100,"1,099.00","109,900.00"
2019-01-07,2019010701003154,NLIC,49,28,300,"1,099.00","329,700.00"
2019-01-07,2019010701003153,NLIC,49,28,100,"1,098.00","109,800.00"
2019-01-07,2019010701003152,NLIC,49,58,50,"1,098.00","54,900.00"
2019-01-07,2019010701003188,NLIC,49,49,931,"1,100.00","1,024,100.00"
2019-01-07,2019010701003174,NLIC,57,10,300,"1,101.00","330,300.00"
2019-01-07,2019010701003161,NLIC,49,28,500,"1,100.00","550,000.00"
2019-01-07,2019010701003160,NLIC,49,14,115,"1,100.00","126,500.00"
2019-01-07,2019010701003159,NLIC,49,39,49,"1,100.00","53,900.00"
2019-01-07,2019010701003158,NLIC,49,37,121,"1,100.00","133,100.00"
2019-01-07,2019010701003269,NLIC,49,10,19,"1,100.00","20,900.00"
2019-01-07,2019010701003268,NLIC,49,10,789,"1,100.00","867,900.00"
2019-01-07,2019010701003267,NLIC,48,10,113,"1,101.00","124,413.00"
2019-01-07,2019010701003260,NLIC,48,1,17,"1,101.00","18,717.00"
2019-01-07,2019010701003259,NLIC,48,10,96,"1,101.00","105,696.00"
2019-01-07,2019010701003249,NLIC,42,10,100,"1,101.00","110,100.00"
2019-01-07,2019010701003451,NLICL,33,3,200,714.00,"142,800.00"
2019-01-07,2019010701003286,NLICL,51,56,183,710.00,"129,930.00"
2019-01-07,2019010701003285,NLICL,56,56,200,711.00,"142,200.00"
2019-01-07,2019010701003284,NLICL,48,56,20,713.00,"14,260.00"
2019-01-07,2019010701003242,NLICL,58,17,20,713.00,"14,260.00"
2019-01-07,2019010701003218,NLICL,37,17,20,713.00,"14,260.00"
2019-01-07,2019010701003217,NLICL,37,3,30,713.00,"21,390.00"
2019-01-07,2019010701003131,NLICL,37,50,100,712.00,"71,200.00"
2019-01-07,2019010701003078,NLICL,33,38,200,711.00,"142,200.00"
2019-01-07,2019010701003037,NLICL,58,38,290,710.00,"205,900.00"
2019-01-07,2019010701003169,NMB,36,10,450,324.00,"145,800.00"
2019-01-07,2019010701003109,NMB,29,10,240,324.00,"77,760.00"
2019-01-07,2019010701003108,NMB,29,1,119,324.00,"38,556.00"
2019-01-07,2019010701003107,NMB,29,53,40,324.00,"12,960.00"
2019-01-07,2019010701003040,NMB,16,44,620,323.00,"200,260.00"
2019-01-07,2019010701003033,NMB,54,44,500,323.00,"161,500.00"
2019-01-07,2019010701002984,NMB,44,43,120,323.00,"38,760.00"
2019-01-07,2019010701002970,NMB,58,43,20,323.00,"6,460.00"
2019-01-07,2019010701002964,NMB,13,43,100,323.00,"32,300.00"
2019-01-07,2019010701003015,NMB,29,39,100,322.00,"32,200.00"
2019-01-07,2019010701002989,NMB,44,44,180,323.00,"58,140.00"
2019-01-07,2019010701002988,NMB,44,34,100,323.00,"32,300.00"
2019-01-07,2019010701002987,NMB,44,35,200,323.00,"64,600.00"
2019-01-07,2019010701002986,NMB,44,55,500,323.00,"161,500.00"
2019-01-07,2019010701002985,NMB,44,28,200,323.00,"64,600.00"
2019-01-07,2019010701003022,NMBHF1,26,42,"20,000",9.18,"183,600.00"
2019-01-07,2019010701003121,NMBSF1,56,4,"2,500",10.96,"27,400.00"
2019-01-07,2019010701003065,NSEWA,58,25,360,563.00,"202,680.00"
2019-01-07,2019010701003062,NSEWA,6,25,40,569.00,"22,760.00"
2019-01-07,2019010701003427,NTC,44,38,472,731.00,"345,032.00"
2019-01-07,2019010701003426,NTC,38,38,10,732.00,"7,320.00"
2019-01-07,2019010701003425,NTC,14,38,18,732.00,"13,176.00"
2019-01-07,2019010701003321,NTC,43,16,50,734.00,"36,700.00"
2019-01-07,2019010701002965,NTC,14,22,82,732.00,"60,024.00"
2019-01-07,2019010701003025,NUBL,42,16,100,748.00,"74,800.00"
2019-01-07,2019010701003024,NUBL,42,16,15,748.00,"11,220.00"
2019-01-07,2019010701003023,NUBL,16,16,150,749.00,"112,350.00"
2019-01-07,2019010701003408,OHL,44,14,92,442.00,"40,664.00"
2019-01-07,2019010701003359,OHL,44,18,200,442.00,"88,400.00"
2019-01-07,2019010701003372,PCBL,56,38,31,338.00,"10,478.00"
2019-01-07,2019010701003371,PCBL,56,36,37,337.00,"12,469.00"
2019-01-07,2019010701003313,PCBL,56,26,22,334.00,"7,348.00"
2019-01-07,2019010701003291,PCBL,44,36,163,337.00,"54,931.00"
2019-01-07,2019010701003101,PCBL,41,57,90,338.00,"30,420.00"
2019-01-07,2019010701003100,PCBL,41,58,10,336.00,"3,360.00"
2019-01-07,2019010701003099,PCBL,41,53,100,336.00,"33,600.00"
2019-01-07,2019010701003041,PCBL,44,58,37,335.00,"12,395.00"
2019-01-07,2019010701003027,PCBL,56,39,100,334.00,"33,400.00"
2019-01-07,2019010701003019,PCBL,56,59,10,334.00,"3,340.00"
2019-01-07,2019010701003234,PIC,4,44,500,"1,010.00","505,000.00"
2019-01-07,2019010701003196,PIC,6,6,1,"1,005.00","1,005.00"
2019-01-07,2019010701003194,PIC,6,6,1,"1,005.00","1,005.00"
2019-01-07,2019010701003006,PIC,45,19,50,"1,009.00","50,450.00"
2019-01-07,2019010701003005,PIC,45,45,11,"1,009.00","11,099.00"
2019-01-07,2019010701002959,PIC,35,44,500,"1,008.00","504,000.00"
2019-01-07,2019010701003299,PICL,53,48,50,712.00,"35,600.00"
2019-01-07,2019010701003298,PICL,53,45,50,711.00,"35,550.00"
2019-01-07,2019010701003297,PICL,53,53,50,711.00,"35,550.00"
2019-01-07,2019010701003296,PICL,53,53,100,710.00,"71,000.00"
2019-01-07,2019010701003295,PICL,53,21,219,710.00,"155,490.00"
2019-01-07,2019010701003294,PICL,53,43,30,710.00,"21,300.00"
2019-01-07,2019010701003091,PICL,10,35,200,705.00,"141,000.00"
2019-01-07,2019010701003090,PICL,10,44,500,703.00,"351,500.00"
2019-01-07,2019010701003436,PLIC,57,57,50,505.00,"25,250.00"
2019-01-07,2019010701003435,PLIC,42,57,100,505.00,"50,500.00"
2019-01-07,2019010701003370,PLIC,38,57,10,505.00,"5,050.00"
2019-01-07,2019010701003045,PLIC,38,29,100,501.00,"50,100.00"
2019-01-07,2019010701002983,PLIC,38,16,248,501.00,"124,248.00"
2019-01-07,2019010701002982,PLIC,33,16,86,502.00,"43,172.00"
2019-01-07,2019010701002981,PLIC,33,16,66,502.00,"33,132.00"
2019-01-07,2019010701003419,PRIN,45,45,550,452.00,"248,600.00"
2019-01-07,2019010701003418,PRIN,46,45,350,452.00,"158,200.00"
2019-01-07,2019010701003417,PRIN,4,45,100,452.00,"45,200.00"
2019-01-07,2019010701003390,PRVU,4,58,"1,302",245.00,"318,990.00"
2019-01-07,2019010701003389,PRVU,4,19,20,245.00,"4,900.00"
2019-01-07,2019010701003388,PRVU,4,22,500,245.00,"122,500.00"
2019-01-07,2019010701003387,PRVU,4,34,500,245.00,"122,500.00"
2019-01-07,2019010701003386,PRVU,4,57,420,245.00,"102,900.00"
2019-01-07,2019010701003340,PRVU,36,58,"1,800",243.00,"437,400.00"
2019-01-07,2019010701003282,PRVU,42,14,"1,305",242.00,"315,810.00"
2019-01-07,2019010701003275,PRVU,58,58,200,243.00,"48,600.00"
2019-01-07,2019010701003215,PRVU,42,50,358,242.00,"86,636.00"
2019-01-07,2019010701003030,PRVU,42,59,10,242.00,"2,420.00"
2019-01-07,2019010701003379,PRVU,4,11,100,244.00,"24,400.00"
2019-01-07,2019010701003378,PRVU,4,13,54,244.00,"13,176.00"
2019-01-07,2019010701003377,PRVU,4,49,100,243.00,"24,300.00"
2019-01-07,2019010701003376,PRVU,4,53,24,243.00,"5,832.00"
2019-01-07,2019010701003341,PRVU,36,53,200,243.00,"48,600.00"
2019-01-07,2019010701003385,PRVU,4,37,100,245.00,"24,500.00"
2019-01-07,2019010701003384,PRVU,4,34,"2,000",244.00,"488,000.00"
2019-01-07,2019010701003383,PRVU,4,13,880,244.00,"214,720.00"
2019-01-07,2019010701003382,PRVU,4,25,"1,000",244.00,"244,000.00"
2019-01-07,2019010701003381,PRVU,4,14,500,244.00,"122,000.00"
2019-01-07,2019010701003380,PRVU,4,41,500,244.00,"122,000.00"
2019-01-07,2019010701003416,RBCLPO,33,33,10,"8,900.00","89,000.00"
2019-01-07,2019010701003360,RBCLPO,33,25,10,"8,900.00","89,000.00"
2019-01-07,2019010701003164,RHPC,1,35,12,98.00,"1,176.00"
2019-01-07,2019010701003171,SANIMA,56,49,900,306.00,"275,400.00"
2019-01-07,2019010701003112,SANIMA,56,49,"4,100",306.00,"1,254,600.00"
2019-01-07,2019010701003111,SANIMA,37,49,"1,584",306.00,"484,704.00"
2019-01-07,2019010701003106,SANIMA,10,10,60,307.00,"18,420.00"
2019-01-07,2019010701003052,SANIMA,37,1,26,306.00,"7,956.00"
2019-01-07,2019010701003244,SBI,1,58,21,392.00,"8,232.00"
2019-01-07,2019010701003243,SBI,22,58,79,392.00,"30,968.00"
2019-01-07,2019010701003176,SBI,51,47,40,393.00,"15,720.00"
2019-01-07,2019010701003134,SBI,22,56,21,392.00,"8,232.00"
2019-01-07,2019010701003046,SBI,44,47,41,393.00,"16,113.00"
2019-01-07,2019010701003336,SBL,32,26,24,290.00,"6,960.00"
2019-01-07,2019010701003064,SBL,42,50,150,291.00,"43,650.00"
2019-01-07,2019010701003063,SBL,42,51,900,291.00,"261,900.00"
2019-01-07,2019010701003031,SBL,32,43,200,290.00,"58,000.00"
2019-01-07,2019010701003441,SCB,48,40,300,600.00,"180,000.00"
2019-01-07,2019010701003368,SCB,1,54,19,597.00,"11,343.00"
2019-01-07,2019010701003278,SCB,21,57,70,599.00,"41,930.00"
2019-01-07,2019010701003182,SCB,13,54,30,596.00,"17,880.00"
2019-01-07,2019010701003163,SDESI,17,21,22,655.00,"14,410.00"
2019-01-07,2019010701003110,SDESI,17,49,17,650.00,"11,050.00"
2019-01-07,2019010701003097,SDESI,17,21,89,655.00,"58,295.00"
2019-01-07,2019010701002990,SDESI,17,37,11,655.00,"7,205.00"
2019-01-07,2019010701003143,SEOS,56,25,"2,500",10.00,"25,000.00"
2019-01-07,2019010701003398,SFFIL,42,54,20,220.00,"4,400.00"
2019-01-07,2019010701003397,SFFIL,42,54,20,220.00,"4,400.00"
2019-01-07,2019010701003358,SHPC,40,26,10,227.00,"2,270.00"
2019-01-07,2019010701003442,SIC,16,39,13,"1,335.00","17,355.00"
2019-01-07,2019010701003421,SIC,16,35,100,"1,310.00","131,000.00"
2019-01-07,2019010701003420,SIC,16,13,100,"1,309.00","130,900.00"
2019-01-07,2019010701003405,SIC,1,21,60,"1,300.00","78,000.00"
2019-01-07,2019010701003404,SIC,46,21,40,"1,300.00","52,000.00"
2019-01-07,2019010701003363,SIC,46,21,50,"1,300.00","65,000.00"
2019-01-07,2019010701003362,SIC,6,21,50,"1,301.00","65,050.00"
2019-01-07,2019010701003361,SIC,25,21,50,"1,301.00","65,050.00"
2019-01-07,2019010701003184,SIC,16,33,44,"1,305.00","57,420.00"
2019-01-07,2019010701003105,SIC,34,33,100,"1,305.00","130,500.00"
2019-01-07,2019010701002976,SICL,58,38,500,919.00,"459,500.00"
2019-01-07,2019010701003245,SIL,58,48,10,672.00,"6,720.00"
2019-01-07,2019010701003173,SIL,58,48,10,666.00,"6,660.00"
2019-01-07,2019010701003068,SIL,22,28,96,655.00,"62,880.00"
2019-01-07,2019010701003178,SKBBL,39,10,100,"1,053.00","105,300.00"
2019-01-07,2019010701003061,SKBBL,40,10,80,"1,053.00","84,240.00"
2019-01-07,2019010701003060,SKBBL,25,10,80,"1,053.00","84,240.00"
2019-01-07,2019010701003059,SKBBL,1,10,50,"1,054.00","52,700.00"
2019-01-07,2019010701003058,SKBBL,49,10,100,"1,054.00","105,400.00"
2019-01-07,2019010701003057,SKBBL,10,10,100,"1,055.00","105,500.00"
2019-01-07,2019010701003029,SKBBL,10,43,100,"1,055.00","105,500.00"
2019-01-07,2019010701003448,SLBBL,37,25,300,544.00,"163,200.00"
2019-01-07,2019010701003262,SLBBL,19,50,300,541.00,"162,300.00"
2019-01-07,2019010701003095,SLBBL,46,22,64,540.00,"34,560.00"
2019-01-07,2019010701003094,SLBBL,47,22,20,540.00,"10,800.00"
2019-01-07,2019010701003093,SLBBL,17,22,200,540.00,"108,000.00"
2019-01-07,2019010701003433,SLICL,6,38,100,572.00,"57,200.00"
2019-01-07,2019010701003432,SLICL,6,34,100,572.00,"57,200.00"
2019-01-07,2019010701003431,SLICL,6,25,56,569.00,"31,864.00"
2019-01-07,2019010701003317,SLICL,34,55,100,565.00,"56,500.00"
2019-01-07,2019010701003316,SLICL,34,41,45,565.00,"25,425.00"
2019-01-07,2019010701003315,SLICL,34,13,14,562.00,"7,868.00"
2019-01-07,2019010701003028,SLICL,42,58,50,560.00,"28,000.00"
2019-01-07,2019010701003314,SLICL,34,29,50,562.00,"28,100.00"
2019-01-07,2019010701003240,SLICL,4,29,508,561.00,"284,988.00"
2019-01-07,2019010701003239,SLICL,4,57,88,559.00,"49,192.00"
2019-01-07,2019010701003238,SLICL,4,58,100,559.00,"55,900.00"
2019-01-07,2019010701003080,SLICL,34,50,200,560.00,"112,000.00"
2019-01-07,2019010701003079,SLICL,34,58,15,560.00,"8,400.00"
2019-01-07,2019010701003369,SMATA,58,42,10,"1,100.00","11,000.00"
2019-01-07,2019010701003011,SMATA,58,43,10,"1,122.00","11,220.00"
2019-01-07,2019010701003187,SMFDB,28,40,10,730.00,"7,300.00"
2019-01-07,2019010701003186,SMFDB,28,6,50,729.00,"36,450.00"
2019-01-07,2019010701003373,SRBL,28,44,100,215.00,"21,500.00"
2019-01-07,2019010701003254,SRBL,28,56,10,217.00,"2,170.00"
2019-01-07,2019010701003223,SRBL,33,13,500,215.00,"107,500.00"
2019-01-07,2019010701003222,SRBL,33,53,50,215.00,"10,750.00"
2019-01-07,2019010701003126,SRBL,4,13,307,214.00,"65,698.00"
2019-01-07,2019010701003125,SRBL,50,13,193,214.00,"41,302.00"
2019-01-07,2019010701003086,SRBL,50,49,82,214.00,"17,548.00"
2019-01-07,2019010701002963,SRBL,33,17,134,215.00,"28,810.00"
2019-01-07,2019010701002954,SRBL,33,17,10,215.00,"2,150.00"
2019-01-07,2019010701003399,SWBBL,32,26,10,855.00,"8,550.00"
2019-01-07,2019010701003034,UIC,5,39,100,789.00,"78,900.00"
2019-01-07,2019010701003230,VLBS,51,38,29,680.00,"19,720.00"
2019-01-07,2019010701003229,VLBS,51,38,29,680.00,"19,720.00"
2019-01-07,2019010701003228,VLBS,51,54,24,680.00,"16,320.00"
2019-01-07,2019010701003203,VLBS,51,44,20,670.00,"13,400.00"
2019-01-07,2019010701003202,VLBS,29,44,50,670.00,"33,500.00"
2019-01-07,2019010701003201,VLBS,51,44,10,671.00,"6,710.00"
2019-01-07,2019010701003103,VLBS,51,44,10,675.00,"6,750.00"
2019-01-07,2019010701003415,WOMI,56,38,25,962.00,"24,050.00"
2019-01-07,2019010701003414,WOMI,56,38,25,962.00,"24,050.00"
2019-01-07,2019010701003413,WOMI,56,38,25,962.00,"24,050.00"
2019-01-07,2019010701003412,WOMI,56,38,25,962.00,"24,050.00"
2019-01-07,2019010701003411,WOMI,56,38,15,962.00,"14,430.00"
2019-01-07,2019010701003410,WOMI,56,25,67,961.00,"64,387.00"
2019-01-07,2019010701002953,WOMI,22,26,100,944.00,"94,400.00"
2019-01-07,2019010701003409,WOMI,56,57,40,960.00,"38,400.00"
2019-01-07,2019010701003351,WOMI,56,51,46,955.00,"43,930.00"
2019-01-07,2019010701003350,WOMI,56,5,60,954.00,"57,240.00"
2019-01-07,2019010701003205,WOMI,33,5,10,954.00,"9,540.00"
2019-01-07,2019010701003191,WOMI,33,26,33,944.00,"31,152.00"
2019-01-07,2019010701003189,WOMI,45,26,10,944.00,"9,440.00"
2019-01-07,2019010701002864,ADBL,49,43,739,345.00,"254,955.00"
2019-01-07,2019010701002863,ADBL,10,43,461,345.00,"159,045.00"
2019-01-07,2019010701002799,ADBL,10,7,19,345.00,"6,555.00"
2019-01-07,2019010701002817,AKJCL,44,32,10,91.00,910.00
2019-01-07,2019010701002816,AKJCL,32,32,10,91.00,910.00
2019-01-07,2019010701002796,AKJCL,32,6,10,91.00,910.00
2019-01-07,2019010701002765,AKJCL,32,32,20,91.00,"1,820.00"
2019-01-07,2019010701002712,AKJCL,16,6,10,92.00,920.00
2019-01-07,2019010701002503,AKPL,28,57,100,183.00,"18,300.00"
2019-01-07,2019010701002751,ALICL,36,57,157,605.00,"94,985.00"
2019-01-07,2019010701002576,ALICL,36,41,94,605.00,"56,870.00"
2019-01-07,2019010701002575,ALICL,35,41,10,608.00,"6,080.00"
2019-01-07,2019010701002885,API,25,40,247,155.00,"38,285.00"
2019-01-07,2019010701002742,API,25,40,83,155.00,"12,865.00"
2019-01-07,2019010701002741,API,25,50,67,153.00,"10,251.00"
2019-01-07,2019010701002736,API,39,50,500,153.00,"76,500.00"
2019-01-07,2019010701002686,API,34,50,200,153.00,"30,600.00"
2019-01-07,2019010701002664,API,49,50,33,153.00,"5,049.00"
2019-01-07,2019010701002578,API,49,49,10,153.00,"1,530.00"
2019-01-07,2019010701002695,BHBL,1,42,80,134.00,"10,720.00"
2019-01-07,2019010701002548,BHBL,22,1,100,136.00,"13,600.00"
2019-01-07,2019010701002547,BHBL,22,1,40,136.00,"5,440.00"
2019-01-07,2019010701002937,BOKL,13,17,105,332.00,"34,860.00"
2019-01-07,2019010701002936,BOKL,13,28,95,332.00,"31,540.00"
2019-01-07,2019010701002922,BOKL,48,28,100,332.00,"33,200.00"
2019-01-07,2019010701002846,BOKL,32,28,40,332.00,"13,280.00"
2019-01-07,2019010701002786,BOKL,17,28,55,332.00,"18,260.00"
2019-01-07,2019010701002719,BOKL,42,28,60,332.00,"19,920.00"
2019-01-07,2019010701002673,BOKL,43,44,100,331.00,"33,100.00"
2019-01-07,2019010701002672,BOKL,37,44,83,331.00,"27,473.00"
2019-01-07,2019010701002671,BOKL,17,44,81,331.00,"26,811.00"
2019-01-07,2019010701002558,BOKL,22,37,83,331.00,"27,473.00"
2019-01-07,2019010701002691,BOKL,50,28,100,332.00,"33,200.00"
2019-01-07,2019010701002678,BOKL,33,44,102,331.00,"33,762.00"
2019-01-07,2019010701002677,BOKL,54,44,"1,000",331.00,"331,000.00"
2019-01-07,2019010701002676,BOKL,32,44,500,331.00,"165,500.00"
2019-01-07,2019010701002675,BOKL,37,44,17,331.00,"5,627.00"
2019-01-07,2019010701002674,BOKL,22,44,117,331.00,"38,727.00"
2019-01-07,2019010701002801,BPCL,58,7,10,369.00,"3,690.00"
2019-01-07,2019010701002656,BPCL,50,44,178,370.00,"65,860.00"
2019-01-07,2019010701002637,BPCL,44,44,"1,000",370.00,"370,000.00"
2019-01-07,2019010701002636,BPCL,44,1,300,370.00,"111,000.00"
2019-01-07,2019010701002632,BPCL,21,44,70,370.00,"25,900.00"
2019-01-07,2019010701002631,BPCL,7,44,52,370.00,"19,240.00"
2019-01-07,2019010701002850,CBBL,50,45,125,825.00,"103,125.00"
2019-01-07,2019010701002849,CBBL,50,53,75,825.00,"61,875.00"
2019-01-07,2019010701002793,CBBL,25,51,50,820.00,"41,000.00"
2019-01-07,2019010701002484,CBBL,58,41,"1,000",816.00,"816,000.00"
2019-01-07,2019010701002483,CBBL,22,41,200,820.00,"164,000.00"
2019-01-07,2019010701002482,CBBL,58,41,10,821.00,"8,210.00"
2019-01-07,2019010701002455,CBBL,17,53,100,825.00,"82,500.00"
2019-01-07,2019010701002536,CBBL,17,41,40,815.00,"32,600.00"
2019-01-07,2019010701002486,CBBL,1,41,100,815.00,"81,500.00"
2019-01-07,2019010701002485,CBBL,58,41,150,815.00,"122,250.00"
2019-01-07,2019010701002587,CBBL,58,41,75,812.00,"60,900.00"
2019-01-07,2019010701002586,CBBL,25,41,50,812.00,"40,600.00"
2019-01-07,2019010701002585,CBBL,29,41,300,813.00,"243,900.00"
2019-01-07,2019010701002584,CBBL,34,41,35,813.00,"28,455.00"
2019-01-07,2019010701002583,CBBL,45,41,40,814.00,"32,560.00"
2019-01-07,2019010701002767,CBBL,21,21,800,815.00,"652,000.00"
2019-01-07,2019010701002867,CBL,34,49,68,163.00,"11,084.00"
2019-01-07,2019010701002853,CBL,34,49,68,163.00,"11,084.00"
2019-01-07,2019010701002847,CBL,1,58,20,164.00,"3,280.00"
2019-01-07,2019010701002841,CBL,1,58,27,164.00,"4,428.00"
2019-01-07,2019010701002840,CBL,1,39,23,164.00,"3,772.00"
2019-01-07,2019010701002727,CBL,34,46,269,163.00,"43,847.00"
2019-01-07,2019010701002497,CBL,19,39,36,164.00,"5,904.00"
2019-01-07,2019010701002496,CBL,19,39,45,164.00,"7,380.00"
2019-01-07,2019010701002495,CBL,19,39,32,164.00,"5,248.00"
2019-01-07,2019010701002494,CBL,19,39,34,164.00,"5,576.00"
2019-01-07,2019010701002812,CCBL,17,36,400,171.00,"68,400.00"
2019-01-07,2019010701002784,CCBL,17,49,119,171.00,"20,349.00"
2019-01-07,2019010701002783,CCBL,17,21,224,171.00,"38,304.00"
2019-01-07,2019010701002634,CCBL,42,21,"2,000",170.00,"340,000.00"
2019-01-07,2019010701002557,CCBL,42,21,26,170.00,"4,420.00"
2019-01-07,2019010701002556,CCBL,45,21,100,170.00,"17,000.00"
2019-01-07,2019010701002505,CCBL,5,49,119,170.00,"20,230.00"
2019-01-07,2019010701002555,CCBL,46,21,500,170.00,"85,000.00"
2019-01-07,2019010701002554,CCBL,49,21,200,170.00,"34,000.00"
2019-01-07,2019010701002553,CCBL,10,21,"1,000",170.00,"170,000.00"
2019-01-07,2019010701002552,CCBL,5,21,174,170.00,"29,580.00"
2019-01-07,2019010701002537,CCBL,5,49,119,170.00,"20,230.00"
2019-01-07,2019010701002519,CCBL,5,49,119,170.00,"20,230.00"
2019-01-07,2019010701002737,CHCL,42,16,100,548.00,"54,800.00"
2019-01-07,2019010701002502,CHCL,22,3,91,550.00,"50,050.00"
2019-01-07,2019010701002882,CHL,20,57,10,102.00,"1,020.00"
2019-01-07,2019010701002897,CIT,39,5,92,"2,275.00","209,300.00"
2019-01-07,2019010701002896,CIT,39,13,100,"2,274.00","227,400.00"
2019-01-07,2019010701002878,CIT,33,25,170,"2,270.00","385,900.00"
2019-01-07,2019010701002857,CIT,10,45,350,"2,265.00","792,750.00"
2019-01-07,2019010701002852,CIT,10,45,150,"2,265.00","339,750.00"
2019-01-07,2019010701002851,CIT,10,53,50,"2,264.00","113,200.00"
2019-01-07,2019010701002729,CIT,19,6,50,"2,262.00","113,100.00"
2019-01-07,2019010701002647,CIT,10,22,100,"2,262.00","226,200.00"
2019-01-07,2019010701002646,CIT,10,43,50,"2,262.00","113,100.00"
2019-01-07,2019010701002645,CIT,10,21,20,"2,262.00","45,240.00"
2019-01-07,2019010701002644,CIT,10,34,30,"2,261.00","67,830.00"
2019-01-07,2019010701002811,CIT,22,53,50,"2,264.00","113,200.00"
2019-01-07,2019010701002810,CIT,22,43,50,"2,264.00","113,200.00"
2019-01-07,2019010701002789,CIT,1,46,14,"2,263.00","31,682.00"
2019-01-07,2019010701002788,CIT,1,17,50,"2,263.00","113,150.00"
2019-01-07,2019010701002770,CIT,10,44,100,"2,263.00","226,300.00"
2019-01-07,2019010701002766,CIT,1,37,20,"2,262.00","45,240.00"
2019-01-07,2019010701002893,CZBIL,47,43,16,212.00,"3,392.00"
2019-01-07,2019010701002539,CZBIL,21,37,47,211.00,"9,917.00"
2019-01-07,2019010701002473,CZBIL,21,22,10,211.00,"2,110.00"
2019-01-07,2019010701002839,DBBL,49,37,166,126.00,"20,916.00"
2019-01-07,2019010701002588,DDBL,10,32,500,635.00,"317,500.00"
2019-01-07,2019010701002566,DDBL,21,19,20,640.00,"12,800.00"
2019-01-07,2019010701002945,EBL,18,58,50,532.00,"26,600.00"
2019-01-07,2019010701002879,EBL,44,3,100,531.00,"53,100.00"
2019-01-07,2019010701002609,EBL,29,41,100,532.00,"53,200.00"
2019-01-07,2019010701002608,EBL,51,41,12,532.00,"6,384.00"
2019-01-07,2019010701002579,EBL,51,34,58,532.00,"30,856.00"
2019-01-07,2019010701002615,EBL,58,41,200,530.00,"106,000.00"
2019-01-07,2019010701002614,EBL,46,41,200,530.00,"106,000.00"
2019-01-07,2019010701002613,EBL,58,41,100,530.00,"53,000.00"
2019-01-07,2019010701002612,EBL,36,41,500,530.00,"265,000.00"
2019-01-07,2019010701002611,EBL,25,41,100,531.00,"53,100.00"
2019-01-07,2019010701002610,EBL,29,41,23,531.00,"12,213.00"
2019-01-07,2019010701002620,EBL,45,41,140,528.00,"73,920.00"
2019-01-07,2019010701002619,EBL,19,41,100,529.00,"52,900.00"
2019-01-07,2019010701002618,EBL,37,41,100,530.00,"53,000.00"
2019-01-07,2019010701002617,EBL,28,41,500,530.00,"265,000.00"
2019-01-07,2019010701002616,EBL,19,41,50,530.00,"26,500.00"
2019-01-07,2019010701002768,EIC,17,21,100,840.00,"84,000.00"
2019-01-07,2019010701002756,EIC,17,21,300,840.00,"252,000.00"
2019-01-07,2019010701002571,EIC,26,1,23,830.00,"19,090.00"
2019-01-07,2019010701002652,FMDBL,4,36,150,385.00,"57,750.00"
2019-01-07,2019010701002545,FMDBL,21,36,50,385.00,"19,250.00"
2019-01-07,2019010701002625,FOWAD,21,39,15,"1,500.00","22,500.00"
2019-01-07,2019010701002624,FOWAD,21,58,50,"1,495.00","74,750.00"
2019-01-07,2019010701002623,FOWAD,21,34,100,"1,490.00","149,000.00"
2019-01-07,2019010701002592,FOWAD,45,45,150,"1,481.00","222,150.00"
2019-01-07,2019010701002577,FOWAD,45,45,50,"1,485.00","74,250.00"
2019-01-07,2019010701002573,GBBL,29,32,200,189.00,"37,800.00"
2019-01-07,2019010701002454,GBBL,29,18,55,189.00,"10,395.00"
2019-01-07,2019010701002940,GBIME,39,57,100,269.00,"26,900.00"
2019-01-07,2019010701002892,GBIME,39,49,28,268.00,"7,504.00"
2019-01-07,2019010701002642,GBIME,39,49,28,268.00,"7,504.00"
2019-01-07,2019010701002635,GBIME,47,57,150,269.00,"40,350.00"
2019-01-07,2019010701002651,GBLBS,47,19,195,428.00,"83,460.00"
2019-01-07,2019010701002650,GBLBS,5,19,50,428.00,"21,400.00"
2019-01-07,2019010701002649,GBLBS,56,19,40,429.00,"17,160.00"
2019-01-07,2019010701002521,GBLBS,22,40,50,430.00,"21,500.00"
2019-01-07,2019010701002520,GBLBS,41,40,20,430.00,"8,600.00"
2019-01-07,2019010701002541,GDBL,32,13,55,190.00,"10,450.00"
2019-01-07,2019010701002607,GLICL,50,25,20,717.00,"14,340.00"
2019-01-07,2019010701002861,GUFL,10,25,50,104.00,"5,200.00"
2019-01-07,2019010701002844,HGI,39,22,100,404.00,"40,400.00"
2019-01-07,2019010701002752,HGI,45,57,84,403.00,"33,852.00"
2019-01-07,2019010701002740,HGI,45,34,200,402.00,"80,400.00"
2019-01-07,2019010701002859,HIDCL,42,4,56,150.00,"8,400.00"
2019-01-07,2019010701002606,HIDCL,42,16,235,150.00,"35,250.00"
2019-01-07,2019010701002605,HIDCL,21,16,65,150.00,"9,750.00"
2019-01-07,2019010701002510,HIDCL,21,1,87,150.00,"13,050.00"
2019-01-07,2019010701002509,HIDCL,44,1,213,151.00,"32,163.00"
2019-01-07,2019010701002716,JBBL,7,59,20,136.00,"2,720.00"
2019-01-07,2019010701002550,JBBL,7,56,147,136.00,"19,992.00"
2019-01-07,2019010701002921,JBNL,1,49,20,166.00,"3,320.00"
2019-01-07,2019010701002809,JBNL,1,38,98,166.00,"16,268.00"
2019-01-07,2019010701002808,JBNL,57,38,"2,000",166.00,"332,000.00"
2019-01-07,2019010701002807,JBNL,28,38,500,166.00,"83,000.00"
2019-01-07,2019010701002806,JBNL,58,38,100,166.00,"16,600.00"
2019-01-07,2019010701002805,JBNL,21,38,500,167.00,"83,500.00"
2019-01-07,2019010701002702,JBNL,26,38,200,167.00,"33,400.00"
2019-01-07,2019010701002701,JBNL,42,38,200,168.00,"33,600.00"
2019-01-07,2019010701002700,JBNL,14,38,500,168.00,"84,000.00"
2019-01-07,2019010701002699,JBNL,43,38,602,168.00,"101,136.00"
2019-01-07,2019010701002708,JBNL,17,38,"1,000",166.00,"166,000.00"
2019-01-07,2019010701002707,JBNL,35,38,"1,000",166.00,"166,000.00"
2019-01-07,2019010701002706,JBNL,20,38,100,167.00,"16,700.00"
2019-01-07,2019010701002705,JBNL,55,38,500,167.00,"83,500.00"
2019-01-07,2019010701002704,JBNL,34,38,"1,000",167.00,"167,000.00"
2019-01-07,2019010701002703,JBNL,6,38,"2,000",167.00,"334,000.00"
2019-01-07,2019010701002804,JBNL,42,38,100,167.00,"16,700.00"
2019-01-07,2019010701002803,JBNL,57,38,300,168.00,"50,400.00"
2019-01-07,2019010701002731,JBNL,57,46,200,168.00,"33,600.00"
2019-01-07,2019010701002711,JBNL,38,38,"1,000",166.00,"166,000.00"
2019-01-07,2019010701002710,JBNL,38,38,"1,000",166.00,"166,000.00"
2019-01-07,2019010701002709,JBNL,26,38,300,166.00,"49,800.00"
2019-01-07,2019010701002845,KBBL,48,59,100,213.00,"21,300.00"
2019-01-07,2019010701002754,KBBL,6,32,50,212.00,"10,600.00"
2019-01-07,2019010701002935,KBL,49,52,50,247.00,"12,350.00"
2019-01-07,2019010701002895,KBL,53,57,26,245.00,"6,370.00"
2019-01-07,2019010701002791,KBL,53,22,76,245.00,"18,620.00"
2019-01-07,2019010701002790,KBL,13,22,24,246.00,"5,904.00"
2019-01-07,2019010701002667,KBL,13,37,73,246.00,"17,958.00"
2019-01-07,2019010701002666,KBL,13,22,103,246.00,"25,338.00"
2019-01-07,2019010701002601,KBL,40,22,10,246.00,"2,460.00"
2019-01-07,2019010701002567,KBL,53,57,53,245.00,"12,985.00"
2019-01-07,2019010701002572,KEBL,51,1,50,207.00,"10,350.00"
2019-01-07,2019010701002516,KNBL,11,52,53,123.00,"6,519.00"
2019-01-07,2019010701002800,KPCL,11,6,10,102.00,"1,020.00"
2019-01-07,2019010701002797,KPCL,11,16,10,102.00,"1,020.00"
2019-01-07,2019010701002755,KPCL,11,6,10,102.00,"1,020.00"
2019-01-07,2019010701002722,KPCL,11,6,10,102.00,"1,020.00"
2019-01-07,2019010701002643,KPCL,11,6,10,102.00,"1,020.00"
2019-01-07,2019010701002887,LBBL,36,22,106,171.00,"18,126.00"
2019-01-07,2019010701002886,LBBL,36,58,348,171.00,"59,508.00"
2019-01-07,2019010701002856,LBBL,36,58,150,171.00,"25,650.00"
2019-01-07,2019010701002837,LBL,45,6,250,220.00,"55,000.00"
2019-01-07,2019010701002836,LBL,45,54,150,220.00,"33,000.00"
2019-01-07,2019010701002875,LGIL,29,57,500,541.00,"270,500.00"
2019-01-07,2019010701002865,LGIL,29,41,500,541.00,"270,500.00"
2019-01-07,2019010701002822,LGIL,10,58,140,543.00,"76,020.00"
2019-01-07,2019010701002821,LGIL,10,17,246,542.00,"133,332.00"
2019-01-07,2019010701002690,LGIL,44,44,500,541.00,"270,500.00"
2019-01-07,2019010701002525,LGIL,35,28,200,542.00,"108,400.00"
2019-01-07,2019010701002477,LGIL,10,39,44,540.00,"23,760.00"
2019-01-07,2019010701002931,LICN,45,16,332,"1,660.00","551,120.00"
2019-01-07,2019010701002930,LICN,45,14,70,"1,659.00","116,130.00"
2019-01-07,2019010701002918,LLBS,57,26,50,775.00,"38,750.00"
2019-01-07,2019010701002871,LLBS,45,28,100,789.00,"78,900.00"
2019-01-07,2019010701002833,LLBS,45,42,100,789.00,"78,900.00"
2019-01-07,2019010701002933,MBL,11,34,500,208.00,"104,000.00"
2019-01-07,2019010701002932,MBL,11,1,500,208.00,"104,000.00"
2019-01-07,2019010701002795,MBL,58,50,167,207.00,"34,569.00"
2019-01-07,2019010701002792,MBL,58,50,200,207.00,"41,400.00"
2019-01-07,2019010701002785,MBL,58,16,81,207.00,"16,767.00"
2019-01-07,2019010701002819,MEGA,45,7,46,171.00,"7,866.00"
2019-01-07,2019010701002794,MEGA,45,16,63,171.00,"10,773.00"
2019-01-07,2019010701002747,MEGA,45,36,250,171.00,"42,750.00"
2019-01-07,2019010701002735,MEGA,45,36,250,171.00,"42,750.00"
2019-01-07,2019010701002734,MEGA,45,19,250,171.00,"42,750.00"
2019-01-07,2019010701002685,MEGA,45,19,750,171.00,"128,250.00"
2019-01-07,2019010701002469,MEGA,45,34,100,170.00,"17,000.00"
2019-01-07,2019010701002684,MEGA,45,50,200,171.00,"34,200.00"
2019-01-07,2019010701002683,MEGA,45,34,50,171.00,"8,550.00"
2019-01-07,2019010701002481,MEGA,33,14,100,170.00,"17,000.00"
2019-01-07,2019010701002480,MEGA,33,57,200,170.00,"34,000.00"
2019-01-07,2019010701002479,MEGA,33,14,400,170.00,"68,000.00"
2019-01-07,2019010701002478,MEGA,33,34,"1,900",170.00,"323,000.00"
2019-01-07,2019010701002891,MERO,34,4,16,"1,033.00","16,528.00"
2019-01-07,2019010701002739,MLBBL,57,42,10,941.00,"9,410.00"
2019-01-07,2019010701002828,MMFDB,49,39,10,"1,009.00","10,090.00"
2019-01-07,2019010701002823,MMFDB,49,55,60,990.00,"59,400.00"
2019-01-07,2019010701002772,MNBBL,53,13,80,340.00,"27,200.00"
2019-01-07,2019010701002771,MNBBL,1,13,88,340.00,"29,920.00"
2019-01-07,2019010701002698,MNBBL,1,21,12,340.00,"4,080.00"
2019-01-07,2019010701002697,MNBBL,1,21,18,340.00,"6,120.00"
2019-01-07,2019010701002696,MNBBL,26,21,20,341.00,"6,820.00"
2019-01-07,2019010701002504,MNBBL,57,54,"1,000",341.00,"341,000.00"
2019-01-07,2019010701002514,MSLB,47,17,41,"1,265.00","51,865.00"
2019-01-07,2019010701002950,NABIL,43,32,210,835.00,"175,350.00"
2019-01-07,2019010701002949,NABIL,28,32,16,835.00,"13,360.00"
2019-01-07,2019010701002948,NABIL,32,32,100,835.00,"83,500.00"
2019-01-07,2019010701002947,NABIL,7,32,76,835.00,"63,460.00"
2019-01-07,2019010701002946,NABIL,35,32,50,836.00,"41,800.00"
2019-01-07,2019010701002920,NABIL,35,34,150,836.00,"125,400.00"
2019-01-07,2019010701002860,NABIL,41,51,50,837.00,"41,850.00"
2019-01-07,2019010701002694,NABIL,17,3,400,836.00,"334,400.00"
2019-01-07,2019010701002622,NABIL,17,1,100,836.00,"83,600.00"
2019-01-07,2019010701002604,NABIL,34,51,100,837.00,"83,700.00"
2019-01-07,2019010701002880,NABILP,38,35,50,707.00,"35,350.00"
2019-01-07,2019010701002858,NABILP,38,34,98,707.00,"69,286.00"
2019-01-07,2019010701002843,NABILP,38,34,98,707.00,"69,286.00"
2019-01-07,2019010701002655,NABILP,38,33,87,707.00,"61,509.00"
2019-01-07,2019010701002654,NABILP,22,33,50,708.00,"35,400.00"
2019-01-07,2019010701002917,NADEP,59,21,10,788.00,"7,880.00"
2019-01-07,2019010701002908,NADEP,59,3,10,788.00,"7,880.00"
2019-01-07,2019010701002680,NADEP,19,49,10,790.00,"7,900.00"
2019-01-07,2019010701002648,NADEP,39,6,10,788.00,"7,880.00"
2019-01-07,2019010701002528,NADEP,47,22,10,788.00,"7,880.00"
2019-01-07,2019010701002873,NBB,16,57,502,190.00,"95,380.00"
2019-01-07,2019010701002590,NBBL,51,51,20,775.00,"15,500.00"
2019-01-07,2019010701002919,NBL,56,34,350,308.00,"107,800.00"
2019-01-07,2019010701002838,NBL,49,34,300,308.00,"92,400.00"
2019-01-07,2019010701002831,NBL,44,34,"2,000",307.00,"614,000.00"
2019-01-07,2019010701002693,NBL,51,34,100,308.00,"30,800.00"
2019-01-07,2019010701002670,NBL,44,22,150,307.00,"46,050.00"
2019-01-07,2019010701002662,NBL,44,5,"5,524",307.00,"1,695,868.00"
2019-01-07,2019010701002661,NBL,46,5,200,307.00,"61,400.00"
2019-01-07,2019010701002660,NBL,43,5,500,307.00,"153,500.00"
2019-01-07,2019010701002659,NBL,43,5,700,307.00,"214,900.00"
2019-01-07,2019010701002658,NBL,10,5,"1,076",307.00,"330,332.00"
2019-01-07,2019010701002524,NBL,10,55,50,307.00,"15,350.00"
2019-01-07,2019010701002944,NCCB,58,58,10,218.00,"2,180.00"
2019-01-07,2019010701002934,NCCB,52,36,100,219.00,"21,900.00"
2019-01-07,2019010701002927,NCCB,26,36,10,219.00,"2,190.00"
2019-01-07,2019010701002926,NCCB,32,36,565,219.00,"123,735.00"
2019-01-07,2019010701002894,NCCB,32,48,100,219.00,"21,900.00"
2019-01-07,2019010701002874,NCCB,32,35,500,219.00,"109,500.00"
2019-01-07,2019010701002596,NCCB,32,44,"4,550",219.00,"996,450.00"
2019-01-07,2019010701002489,NCCB,6,44,500,219.00,"109,500.00"
2019-01-07,2019010701002467,NCCB,49,44,50,219.00,"10,950.00"
2019-01-07,2019010701002717,NCCB,22,1,170,219.00,"37,230.00"
2019-01-07,2019010701002630,NCCB,32,34,500,219.00,"109,500.00"
2019-01-07,2019010701002629,NCCB,32,7,500,219.00,"109,500.00"
2019-01-07,2019010701002628,NCCB,32,44,500,219.00,"109,500.00"
2019-01-07,2019010701002627,NCCB,32,1,550,219.00,"120,450.00"
2019-01-07,2019010701002597,NCCB,32,1,450,219.00,"98,550.00"
2019-01-07,2019010701002835,NCCB,32,44,785,219.00,"171,915.00"
2019-01-07,2019010701002834,NCCB,22,44,"1,215",219.00,"266,085.00"
2019-01-07,2019010701002832,NCCB,22,7,385,219.00,"84,315.00"
2019-01-07,2019010701002759,NCCB,22,52,30,219.00,"6,570.00"
2019-01-07,2019010701002720,NCCB,22,45,100,219.00,"21,900.00"
2019-01-07,2019010701002718,NCCB,22,53,100,219.00,"21,900.00"
2019-01-07,2019010701002468,NCDB,35,18,100,119.00,"11,900.00"
2019-01-07,2019010701002472,NHPC,41,58,274,68.00,"18,632.00"
2019-01-07,2019010701002471,NHPC,13,58,676,68.00,"45,968.00"
2019-01-07,2019010701002470,NHPC,42,58,50,68.00,"3,400.00"
2019-01-07,2019010701002925,NIB,49,34,65,551.00,"35,815.00"
2019-01-07,2019010701002903,NIB,49,4,37,551.00,"20,387.00"
2019-01-07,2019010701002866,NIB,49,22,48,551.00,"26,448.00"
2019-01-07,2019010701002743,NIB,22,22,500,550.00,"275,000.00"
2019-01-07,2019010701002730,NIB,32,22,50,551.00,"27,550.00"
2019-01-07,2019010701002641,NIB,4,41,162,549.00,"88,938.00"
2019-01-07,2019010701002522,NIB,43,41,88,551.00,"48,488.00"
2019-01-07,2019010701002511,NIB,43,57,12,551.00,"6,612.00"
2019-01-07,2019010701002457,NIB,33,57,208,550.00,"114,400.00"
2019-01-07,2019010701002640,NIB,49,41,150,550.00,"82,500.00"
2019-01-07,2019010701002639,NIB,22,41,100,550.00,"55,000.00"
2019-01-07,2019010701002638,NIB,33,41,338,550.00,"185,900.00"
2019-01-07,2019010701002563,NIB,33,51,13,550.00,"7,150.00"
2019-01-07,2019010701002559,NIB,33,49,37,550.00,"20,350.00"
2019-01-07,2019010701002523,NIB,33,41,30,550.00,"16,500.00"
2019-01-07,2019010701002679,NIBPO,7,21,10,490.00,"4,900.00"
2019-01-07,2019010701002565,NIBPO,7,17,80,490.00,"39,200.00"
2019-01-07,2019010701002888,NICA,6,43,500,380.00,"190,000.00"
2019-01-07,2019010701002869,NICA,43,19,50,380.00,"19,000.00"
2019-01-07,2019010701002868,NICA,43,44,430,380.00,"163,400.00"
2019-01-07,2019010701002829,NICA,14,44,500,380.00,"190,000.00"
2019-01-07,2019010701002692,NICA,45,49,68,379.00,"25,772.00"
2019-01-07,2019010701002581,NICA,43,44,70,380.00,"26,600.00"
2019-01-07,2019010701002512,NICA,45,44,"1,000",380.00,"380,000.00"
2019-01-07,2019010701002909,NICL,52,58,50,564.00,"28,200.00"
2019-01-07,2019010701002907,NICL,34,58,81,562.00,"45,522.00"
2019-01-07,2019010701002872,NICL,10,58,600,560.00,"336,000.00"
2019-01-07,2019010701002462,NICL,34,21,50,561.00,"28,050.00"
2019-01-07,2019010701002461,NICL,1,26,90,560.00,"50,400.00"
2019-01-07,2019010701002501,NICL,1,21,410,560.00,"229,600.00"
2019-01-07,2019010701002500,NICL,38,21,200,561.00,"112,200.00"
2019-01-07,2019010701002499,NICL,34,21,50,561.00,"28,050.00"
2019-01-07,2019010701002544,NICL,16,21,100,560.00,"56,000.00"
2019-01-07,2019010701002787,NICL,10,21,400,560.00,"224,000.00"
2019-01-07,2019010701002758,NICL,46,16,100,559.00,"55,900.00"
2019-01-07,2019010701002749,NICL,46,25,300,559.00,"167,700.00"
2019-01-07,2019010701002748,NICL,32,25,100,559.00,"55,900.00"
2019-01-07,2019010701002593,NICL,34,21,240,560.00,"134,400.00"
2019-01-07,2019010701002951,NIL,49,21,200,539.00,"107,800.00"
2019-01-07,2019010701002943,NIL,11,6,30,540.00,"16,200.00"
2019-01-07,2019010701002942,NIL,11,32,480,540.00,"259,200.00"
2019-01-07,2019010701002764,NIL,50,32,20,540.00,"10,800.00"
2019-01-07,2019010701002598,NIL,44,44,500,539.00,"269,500.00"
2019-01-07,2019010701002582,NIL,46,17,479,539.00,"258,181.00"
2019-01-07,2019010701002465,NIL,29,18,100,538.00,"53,800.00"
2019-01-07,2019010701002621,NLBBL,20,57,50,475.00,"23,750.00"
2019-01-07,2019010701002527,NLBBL,37,37,89,470.00,"41,830.00"
2019-01-07,2019010701002757,NLG,17,25,100,850.00,"85,000.00"
2019-01-07,2019010701002924,NLIC,26,4,10,"1,094.00","10,940.00"
2019-01-07,2019010701002842,NLIC,26,33,50,"1,094.00","54,700.00"
2019-01-07,2019010701002714,NLIC,55,4,30,"1,096.00","32,880.00"
2019-01-07,2019010701002713,NLIC,55,51,50,"1,096.00","54,800.00"
2019-01-07,2019010701002626,NLIC,48,53,30,"1,097.00","32,910.00"
2019-01-07,2019010701002498,NLIC,44,44,"1,700","1,096.00","1,863,200.00"
2019-01-07,2019010701002762,NLICL,26,3,70,713.00,"49,910.00"
2019-01-07,2019010701002761,NLICL,26,34,80,713.00,"57,040.00"
2019-01-07,2019010701002687,NLICL,37,50,30,709.00,"21,270.00"
2019-01-07,2019010701002600,NLICL,37,45,420,709.00,"297,780.00"
2019-01-07,2019010701002599,NLICL,49,45,80,710.00,"56,800.00"
2019-01-07,2019010701002551,NLICL,49,39,120,710.00,"85,200.00"
2019-01-07,2019010701002506,NLICL,21,3,100,711.00,"71,100.00"
2019-01-07,2019010701002825,NMB,29,21,400,322.00,"128,800.00"
2019-01-07,2019010701002802,NMB,29,6,11,322.00,"3,542.00"
2019-01-07,2019010701002760,NMB,29,6,11,322.00,"3,542.00"
2019-01-07,2019010701002733,NMB,29,6,11,322.00,"3,542.00"
2019-01-07,2019010701002657,NMB,29,6,11,322.00,"3,542.00"
2019-01-07,2019010701002490,NMB,29,22,57,322.00,"18,354.00"
2019-01-07,2019010701002732,NNLB,42,51,60,605.00,"36,300.00"
2019-01-07,2019010701002941,NUBL,16,45,350,749.00,"262,150.00"
2019-01-07,2019010701002570,NUBL,45,45,50,762.00,"38,100.00"
2019-01-07,2019010701002569,NUBL,7,45,100,763.00,"76,300.00"
2019-01-07,2019010701002929,PCBL,52,58,13,335.00,"4,355.00"
2019-01-07,2019010701002928,PCBL,52,16,87,335.00,"29,145.00"
2019-01-07,2019010701002782,PCBL,6,6,100,335.00,"33,500.00"
2019-01-07,2019010701002781,PCBL,6,38,570,335.00,"190,950.00"
2019-01-07,2019010701002780,PCBL,6,42,"1,064",335.00,"356,440.00"
2019-01-07,2019010701002779,PCBL,6,1,181,335.00,"60,635.00"
2019-01-07,2019010701002580,PCBL,56,29,50,334.00,"16,700.00"
2019-01-07,2019010701002535,PCBL,22,29,100,334.00,"33,400.00"
2019-01-07,2019010701002534,PCBL,22,32,100,334.00,"33,400.00"
2019-01-07,2019010701002778,PCBL,6,45,121,335.00,"40,535.00"
2019-01-07,2019010701002777,PCBL,6,19,30,335.00,"10,050.00"
2019-01-07,2019010701002776,PCBL,6,58,100,335.00,"33,500.00"
2019-01-07,2019010701002775,PCBL,6,14,200,334.00,"66,800.00"
2019-01-07,2019010701002774,PCBL,6,38,200,334.00,"66,800.00"
2019-01-07,2019010701002773,PCBL,6,1,15,334.00,"5,010.00"
2019-01-07,2019010701002876,PIC,6,7,100,"1,008.00","100,800.00"
2019-01-07,2019010701002870,PIC,6,44,300,"1,008.00","302,400.00"
2019-01-07,2019010701002848,PIC,33,44,200,"1,008.00","201,600.00"
2019-01-07,2019010701002726,PLIC,33,53,200,506.00,"101,200.00"
2019-01-07,2019010701002725,PLIC,33,35,200,505.00,"101,000.00"
2019-01-07,2019010701002724,PLIC,33,22,100,505.00,"50,500.00"
2019-01-07,2019010701002633,PLIC,33,1,20,502.00,"10,040.00"
2019-01-07,2019010701002653,PMHPL,28,1,10,115.00,"1,150.00"
2019-01-07,2019010701002456,PMHPL,28,35,10,115.00,"1,150.00"
2019-01-07,2019010701002938,PRIN,52,25,40,454.00,"18,160.00"
2019-01-07,2019010701002669,PRIN,28,37,113,452.00,"51,076.00"
2019-01-07,2019010701002532,PRIN,28,51,73,450.00,"32,850.00"
2019-01-07,2019010701002744,PRVU,42,29,500,242.00,"121,000.00"
2019-01-07,2019010701002723,PRVU,42,11,200,242.00,"48,400.00"
2019-01-07,2019010701002689,PRVU,29,50,142,243.00,"34,506.00"
2019-01-07,2019010701002688,PRVU,29,40,358,243.00,"86,994.00"
2019-01-07,2019010701002487,PRVU,42,58,501,242.00,"121,242.00"
2019-01-07,2019010701002602,RADHI,43,43,1,162.00,162.00
2019-01-07,2019010701002562,RADHI,26,43,11,165.00,"1,815.00"
2019-01-07,2019010701002561,RADHI,26,16,11,165.00,"1,815.00"
2019-01-07,2019010701002560,RADHI,26,26,11,164.00,"1,804.00"
2019-01-07,2019010701002458,RHPC,38,50,200,99.00,"19,800.00"
2019-01-07,2019010701002854,RLFL,11,7,32,116.00,"3,712.00"
2019-01-07,2019010701002906,RRHP,58,58,"1,000",107.00,"107,000.00"
2019-01-07,2019010701002899,RRHP,58,6,10,106.00,"1,060.00"
2019-01-07,2019010701002898,RRHP,58,48,10,106.00,"1,060.00"
2019-01-07,2019010701002881,RRHP,58,59,10,104.00,"1,040.00"
2019-01-07,2019010701002818,RRHP,58,6,10,103.00,"1,030.00"
2019-01-07,2019010701002738,RRHP,58,6,10,103.00,"1,030.00"
2019-01-07,2019010701002533,RRHP,58,38,10,103.00,"1,030.00"
2019-01-07,2019010701002529,RRHP,58,38,10,103.00,"1,030.00"
2019-01-07,2019010701002526,RRHP,58,38,10,103.00,"1,030.00"
2019-01-07,2019010701002515,RRHP,58,38,10,103.00,"1,030.00"
2019-01-07,2019010701002507,RRHP,58,38,10,103.00,"1,030.00"
2019-01-07,2019010701002488,RRHP,58,38,10,103.00,"1,030.00"
2019-01-07,2019010701002681,RRHP,58,42,100,103.00,"10,300.00"
2019-01-07,2019010701002538,RRHP,58,38,10,103.00,"1,030.00"
2019-01-07,2019010701002824,RSDC,42,36,30,391.00,"11,730.00"
2019-01-07,2019010701002464,RSDC,19,22,57,390.00,"22,230.00"
2019-01-07,2019010701002915,SANIMA,25,49,100,307.00,"30,700.00"
2019-01-07,2019010701002914,SANIMA,25,14,100,307.00,"30,700.00"
2019-01-07,2019010701002913,SANIMA,25,26,900,307.00,"276,300.00"
2019-01-07,2019010701002912,SANIMA,25,48,"1,500",307.00,"460,500.00"
2019-01-07,2019010701002911,SANIMA,25,45,"1,000",307.00,"307,000.00"
2019-01-07,2019010701002910,SANIMA,25,53,174,306.00,"53,244.00"
2019-01-07,2019010701002855,SANIMA,43,35,450,306.00,"137,700.00"
2019-01-07,2019010701002830,SANIMA,25,35,50,306.00,"15,300.00"
2019-01-07,2019010701002663,SANIMA,25,33,250,306.00,"76,500.00"
2019-01-07,2019010701002595,SANIMA,25,50,200,306.00,"61,200.00"
2019-01-07,2019010701002589,SANIMA,25,22,150,306.00,"45,900.00"
2019-01-07,2019010701002452,SANIMA,21,22,50,306.00,"15,300.00"
2019-01-07,2019010701002715,SBI,22,58,100,392.00,"39,200.00"
2019-01-07,2019010701002540,SBI,21,58,50,392.00,"19,600.00"
2019-01-07,2019010701002916,SBL,46,51,50,291.00,"14,550.00"
2019-01-07,2019010701002769,SBL,32,16,40,290.00,"11,600.00"
2019-01-07,2019010701002594,SBL,32,22,79,290.00,"22,910.00"
2019-01-07,2019010701002531,SBL,34,32,334,289.00,"96,526.00"
2019-01-07,2019010701002530,SBL,58,32,216,289.00,"62,424.00"
2019-01-07,2019010701002902,SCB,21,54,10,597.00,"5,970.00"
2019-01-07,2019010701002901,SCB,17,54,20,598.00,"11,960.00"
2019-01-07,2019010701002900,SCB,42,54,44,598.00,"26,312.00"
2019-01-07,2019010701002798,SCB,26,57,50,599.00,"29,950.00"
2019-01-07,2019010701002665,SCB,22,6,44,598.00,"26,312.00"
2019-01-07,2019010701002475,SCB,13,6,108,598.00,"64,584.00"
2019-01-07,2019010701002474,SCB,13,52,20,598.00,"11,960.00"
2019-01-07,2019010701002827,SDESI,45,41,13,660.00,"8,580.00"
2019-01-07,2019010701002574,SHL,44,44,"5,000",206.00,"1,030,000.00"
2019-01-07,2019010701002542,SHL,45,46,900,203.00,"182,700.00"
2019-01-07,2019010701002466,SHPC,21,56,25,228.00,"5,700.00"
2019-01-07,2019010701002460,SIC,14,21,200,"1,310.00","262,000.00"
2019-01-07,2019010701002459,SIC,16,21,50,"1,311.00","65,550.00"
2019-01-07,2019010701002543,SICL,22,42,50,920.00,"46,000.00"
2019-01-07,2019010701002463,SICL,44,44,700,919.00,"643,300.00"
2019-01-07,2019010701002453,SICL,44,44,"1,000",919.00,"919,000.00"
2019-01-07,2019010701002905,SIL,10,35,200,655.00,"131,000.00"
2019-01-07,2019010701002904,SIL,10,56,42,655.00,"27,510.00"
2019-01-07,2019010701002750,SIL,10,38,242,653.00,"158,026.00"
2019-01-07,2019010701002591,SIL,34,47,500,650.00,"325,000.00"
2019-01-07,2019010701002668,SINDU,57,34,50,120.00,"6,000.00"
2019-01-07,2019010701002889,SKBBL,22,35,10,"1,059.00","10,590.00"
2019-01-07,2019010701002862,SKBBL,7,35,100,"1,059.00","105,900.00"
2019-01-07,2019010701002763,SKBBL,42,41,150,"1,058.00","158,700.00"
2019-01-07,2019010701002491,SKBBL,21,35,25,"1,059.00","26,475.00"
2019-01-07,2019010701002884,SLBBL,28,22,16,541.00,"8,656.00"
2019-01-07,2019010701002883,SLBBL,58,22,100,541.00,"54,100.00"
2019-01-07,2019010701002877,SLBBL,19,42,25,544.00,"13,600.00"
2019-01-07,2019010701002682,SLBBL,19,45,175,544.00,"95,200.00"
2019-01-07,2019010701002564,SLBBL,16,51,130,545.00,"70,850.00"
2019-01-07,2019010701002820,SLBS,28,28,1,"1,048.00","1,048.00"
2019-01-07,2019010701002753,SLBS,28,58,10,"1,050.00","10,500.00"
2019-01-07,2019010701002826,SLICL,22,58,50,560.00,"28,000.00"
2019-01-07,2019010701002814,SLICL,5,58,96,560.00,"53,760.00"
2019-01-07,2019010701002813,SLICL,5,16,54,559.00,"30,186.00"
2019-01-07,2019010701002513,SLICL,34,51,48,556.00,"26,688.00"
2019-01-07,2019010701002476,SLICL,49,51,64,556.00,"35,584.00"
2019-01-07,2019010701002603,SMB,39,49,10,605.00,"6,050.00"
2019-01-07,2019010701002923,SPDL,54,40,10,98.00,980.00
2019-01-07,2019010701002815,SPDL,54,41,29,97.00,"2,813.00"
2019-01-07,2019010701002568,SPDL,54,58,10,96.00,960.00
2019-01-07,2019010701002939,SRBL,46,53,50,215.00,"10,750.00"
2019-01-07,2019010701002728,SRBL,50,49,82,214.00,"17,548.00"
2019-01-07,2019010701002518,SRBL,33,22,505,215.00,"108,575.00"
2019-01-07,2019010701002517,SRBL,33,37,100,215.00,"21,500.00"
2019-01-07,2019010701002746,SWBBL,7,48,50,860.00,"43,000.00"
2019-01-07,2019010701002745,SWBBL,22,48,100,861.00,"86,100.00"
2019-01-07,2019010701002493,SWBBL,45,52,100,864.00,"86,400.00"
2019-01-07,2019010701002492,SWBBL,45,43,100,864.00,"86,400.00"
2019-01-07,2019010701002546,TRH,42,6,10,245.00,"2,450.00"
2019-01-07,2019010701002508,UMHL,11,58,10,124.00,"1,240.00"
2019-01-07,2019010701002343,ADBL,14,13,10,347.00,"3,470.00"
2019-01-07,2019010701002236,ADBL,28,13,20,347.00,"6,940.00"
2019-01-07,2019010701002153,ADBL,14,1,91,346.00,"31,486.00"
2019-01-07,2019010701002152,ADBL,41,1,100,346.00,"34,600.00"
2019-01-07,2019010701002151,ADBL,41,1,50,346.00,"17,300.00"
2019-01-07,2019010701002416,AHPC,26,1,317,105.00,"33,285.00"
2019-01-07,2019010701002371,AHPC,26,57,157,105.00,"16,485.00"
2019-01-07,2019010701002370,AHPC,52,57,43,105.00,"4,515.00"
2019-01-07,2019010701002067,AHPC,52,6,227,105.00,"23,835.00"
2019-01-07,2019010701001953,AHPC,52,19,10,107.00,"1,070.00"
2019-01-07,2019010701002043,AKJCL,16,10,10,92.00,920.00
2019-01-07,2019010701002138,AKPL,28,59,13,183.00,"2,379.00"
2019-01-07,2019010701001964,AMFI,39,39,280,691.00,"193,480.00"
2019-01-07,2019010701002364,API,49,34,17,153.00,"2,601.00"
2019-01-07,2019010701002444,BOKL,17,18,100,331.00,"33,100.00"
2019-01-07,2019010701002438,BOKL,17,32,19,331.00,"6,289.00"
2019-01-07,2019010701002300,BOKL,43,28,50,332.00,"16,600.00"
2019-01-07,2019010701002259,BOKL,43,53,150,332.00,"49,800.00"
2019-01-07,2019010701002258,BOKL,5,53,50,332.00,"16,600.00"
2019-01-07,2019010701002216,BOKL,5,16,250,332.00,"83,000.00"
2019-01-07,2019010701002070,BOKL,19,39,515,331.00,"170,465.00"
2019-01-07,2019010701002069,BOKL,48,39,230,331.00,"76,130.00"
2019-01-07,2019010701001999,BOKL,48,38,300,331.00,"99,300.00"
2019-01-07,2019010701002215,BOKL,5,17,700,332.00,"232,400.00"
2019-01-07,2019010701002186,BOKL,42,38,104,331.00,"34,424.00"
2019-01-07,2019010701002133,BOKL,28,38,60,331.00,"19,860.00"
2019-01-07,2019010701002090,BOKL,44,38,212,331.00,"70,172.00"
2019-01-07,2019010701002086,BOKL,44,1,88,331.00,"29,128.00"
2019-01-07,2019010701002085,BOKL,19,1,485,331.00,"160,535.00"
2019-01-07,2019010701002058,BPCL,21,6,10,372.00,"3,720.00"
2019-01-07,2019010701002057,BPCL,21,41,20,372.00,"7,440.00"
2019-01-07,2019010701002447,CBBL,21,53,25,825.00,"20,625.00"
2019-01-07,2019010701002211,CBBL,45,34,300,825.00,"247,500.00"
2019-01-07,2019010701002185,CBBL,45,42,100,825.00,"82,500.00"
2019-01-07,2019010701001977,CBBL,34,21,10,830.00,"8,300.00"
2019-01-07,2019010701002351,CBL,49,13,"1,000",164.00,"164,000.00"
2019-01-07,2019010701002350,CBL,49,40,150,164.00,"24,600.00"
2019-01-07,2019010701002349,CBL,49,40,31,164.00,"5,084.00"
2019-01-07,2019010701002348,CBL,49,32,950,164.00,"155,800.00"
2019-01-07,2019010701002347,CBL,49,32,98,164.00,"16,072.00"
2019-01-07,2019010701002208,CBL,34,49,506,163.00,"82,478.00"
2019-01-07,2019010701002442,CCBL,6,21,276,171.00,"47,196.00"
2019-01-07,2019010701002266,CCBL,6,25,224,171.00,"38,304.00"
2019-01-07,2019010701002265,CCBL,58,25,276,171.00,"47,196.00"
2019-01-07,2019010701002212,CCBL,58,17,54,171.00,"9,234.00"
2019-01-07,2019010701002174,CCBL,58,42,200,171.00,"34,200.00"
2019-01-07,2019010701002139,CCBL,58,29,500,171.00,"85,500.00"
2019-01-07,2019010701002082,CCBL,58,35,34,171.00,"5,814.00"
2019-01-07,2019010701002059,CCBL,36,28,300,172.00,"51,600.00"
2019-01-07,2019010701001955,CCBL,47,47,2,170.00,340.00
2019-01-07,2019010701002230,CHCL,36,3,29,550.00,"15,950.00"
2019-01-07,2019010701002226,CHCL,33,3,80,550.00,"44,000.00"
2019-01-07,2019010701002225,CHCL,33,26,20,550.00,"11,000.00"
2019-01-07,2019010701002126,CHCL,45,26,100,550.00,"55,000.00"
2019-01-07,2019010701002415,CIT,10,28,13,"2,261.00","29,393.00"
2019-01-07,2019010701002289,CIT,16,28,90,"2,255.00","202,950.00"
2019-01-07,2019010701002288,CIT,16,28,100,"2,255.00","225,500.00"
2019-01-07,2019010701002287,CIT,45,28,40,"2,256.00","90,240.00"
2019-01-07,2019010701001994,CIT,57,43,50,"2,264.00","113,200.00"
2019-01-07,2019010701001993,CIT,57,14,50,"2,264.00","113,200.00"
2019-01-07,2019010701001992,CIT,57,5,100,"2,263.00","226,300.00"
2019-01-07,2019010701001976,CIT,59,42,30,"2,263.00","67,890.00"
2019-01-07,2019010701002429,CLBSL,34,39,20,675.00,"13,500.00"
2019-01-07,2019010701002391,CORBL,11,56,100,98.00,"9,800.00"
2019-01-07,2019010701002423,CZBIL,21,51,40,211.00,"8,440.00"
2019-01-07,2019010701002422,CZBIL,33,51,10,211.00,"2,110.00"
2019-01-07,2019010701002406,CZBIL,21,43,200,212.00,"42,400.00"
2019-01-07,2019010701002379,CZBIL,33,43,490,211.00,"103,390.00"
2019-01-07,2019010701002378,CZBIL,16,43,10,211.00,"2,110.00"
2019-01-07,2019010701002257,CZBIL,16,13,10,211.00,"2,110.00"
2019-01-07,2019010701002142,CZBIL,16,59,10,211.00,"2,110.00"
2019-01-07,2019010701002091,CZBIL,16,6,100,211.00,"21,100.00"
2019-01-07,2019010701001990,CZBIL,16,34,10,211.00,"2,110.00"
2019-01-07,2019010701001962,CZBIL,33,43,172,212.00,"36,464.00"
2019-01-07,2019010701002344,DBBL,51,16,14,126.00,"1,764.00"
2019-01-07,2019010701002233,DBBL,26,21,157,127.00,"19,939.00"
2019-01-07,2019010701002221,DBBL,26,21,43,127.00,"5,461.00"
2019-01-07,2019010701002335,DDBL,50,39,500,635.00,"317,500.00"
2019-01-07,2019010701002334,DDBL,50,1,300,630.00,"189,000.00"
2019-01-07,2019010701002333,DDBL,50,53,52,629.00,"32,708.00"
2019-01-07,2019010701002332,DDBL,50,32,100,628.00,"62,800.00"
2019-01-07,2019010701002134,DDBL,45,32,100,628.00,"62,800.00"
2019-01-07,2019010701002407,EBL,25,22,100,532.00,"53,200.00"
2019-01-07,2019010701002404,EBL,29,35,27,531.00,"14,337.00"
2019-01-07,2019010701002403,EBL,25,35,100,531.00,"53,100.00"
2019-01-07,2019010701002402,EBL,6,35,73,531.00,"38,763.00"
2019-01-07,2019010701002372,EBL,6,34,21,531.00,"11,151.00"
2019-01-07,2019010701002248,EBL,25,7,799,532.00,"425,068.00"
2019-01-07,2019010701002087,EBL,22,7,100,532.00,"53,200.00"
2019-01-07,2019010701002048,EBL,37,57,50,531.00,"26,550.00"
2019-01-07,2019010701002032,EBL,32,22,100,532.00,"53,200.00"
2019-01-07,2019010701002247,EBL,25,3,50,532.00,"26,600.00"
2019-01-07,2019010701002246,EBL,25,7,200,532.00,"106,400.00"
2019-01-07,2019010701002223,EBL,6,13,16,531.00,"8,496.00"
2019-01-07,2019010701002137,EBL,6,55,390,531.00,"207,090.00"
2019-01-07,2019010701002136,EBL,26,55,100,531.00,"53,100.00"
2019-01-07,2019010701002135,EBL,37,55,10,531.00,"5,310.00"
2019-01-07,2019010701002365,FMDBL,36,40,297,383.00,"113,751.00"
2019-01-07,2019010701002316,FMDBL,19,51,100,384.00,"38,400.00"
2019-01-07,2019010701002330,FOWAD,1,55,40,"1,490.00","59,600.00"
2019-01-07,2019010701002210,FOWAD,10,55,10,"1,490.00","14,900.00"
2019-01-07,2019010701002034,GBBL,59,44,20,190.00,"3,800.00"
2019-01-07,2019010701002019,GBBL,29,47,325,189.00,"61,425.00"
2019-01-07,2019010701002329,GBIME,39,22,77,268.00,"20,636.00"
2019-01-07,2019010701002328,GBIME,19,22,113,268.00,"30,284.00"
2019-01-07,2019010701002318,GBIME,21,57,200,269.00,"53,800.00"
2019-01-07,2019010701002317,GBIME,32,57,45,269.00,"12,105.00"
2019-01-07,2019010701002244,GBIME,32,17,195,269.00,"52,455.00"
2019-01-07,2019010701002197,GBIME,28,57,20,270.00,"5,400.00"
2019-01-07,2019010701002178,GBIME,26,57,100,270.00,"27,000.00"
2019-01-07,2019010701002424,GBLBS,1,22,60,431.00,"25,860.00"
2019-01-07,2019010701002394,GBLBS,41,26,10,430.00,"4,300.00"
2019-01-07,2019010701002377,GBLBS,41,34,10,430.00,"4,300.00"
2019-01-07,2019010701002320,GBLBS,56,22,10,431.00,"4,310.00"
2019-01-07,2019010701002149,GILB,19,38,18,"1,132.00","20,376.00"
2019-01-07,2019010701002148,GILB,19,38,18,"1,132.00","20,376.00"
2019-01-07,2019010701002094,GLICL,45,34,200,714.00,"142,800.00"
2019-01-07,2019010701002346,GRDBL,38,38,50,108.00,"5,400.00"
2019-01-07,2019010701002068,GRDBL,43,34,40,108.00,"4,320.00"
2019-01-07,2019010701002109,HATH,11,1,100,128.00,"12,800.00"
2019-01-07,2019010701002387,HBL,10,17,500,461.00,"230,500.00"
2019-01-07,2019010701002386,HBL,10,1,70,460.00,"32,200.00"
2019-01-07,2019010701002262,HBL,55,22,275,460.00,"126,500.00"
2019-01-07,2019010701002261,HBL,45,22,25,461.00,"11,525.00"
2019-01-07,2019010701002154,HBL,28,6,25,463.00,"11,575.00"
2019-01-07,2019010701001963,HBL,40,19,200,463.00,"92,600.00"
2019-01-07,2019010701001960,HBL,40,19,250,463.00,"115,750.00"
2019-01-07,2019010701001959,HBL,6,19,500,463.00,"231,500.00"
2019-01-07,2019010701001958,HBL,45,19,100,464.00,"46,400.00"
2019-01-07,2019010701001957,HBL,58,19,100,465.00,"46,500.00"
2019-01-07,2019010701001956,HBL,6,19,50,465.00,"23,250.00"
2019-01-07,2019010701002269,HDL,33,45,10,"1,376.00","13,760.00"
2019-01-07,2019010701002254,HDL,33,45,10,"1,377.00","13,770.00"
2019-01-07,2019010701002384,HIDCL,44,34,46,151.00,"6,946.00"
2019-01-07,2019010701002021,HIDCL,44,35,56,151.00,"8,456.00"
2019-01-07,2019010701002388,HPPL,22,34,10,184.00,"1,840.00"
2019-01-07,2019010701002145,HPPL,22,59,10,184.00,"1,840.00"
2019-01-07,2019010701001967,HPPL,18,45,10,185.00,"1,850.00"
2019-01-07,2019010701001966,HPPL,18,45,20,185.00,"3,700.00"
2019-01-07,2019010701002224,ICFC,11,35,100,155.00,"15,500.00"
2019-01-07,2019010701002173,IGI,29,16,10,475.00,"4,750.00"
2019-01-07,2019010701002411,JBBL,11,6,37,138.00,"5,106.00"
2019-01-07,2019010701002264,JBBL,11,17,63,138.00,"8,694.00"
2019-01-07,2019010701002124,JBBL,38,57,454,138.00,"62,652.00"
2019-01-07,2019010701002131,JBNL,55,29,500,168.00,"84,000.00"
2019-01-07,2019010701002130,JBNL,34,29,"2,000",168.00,"336,000.00"
2019-01-07,2019010701002129,JBNL,58,29,500,168.00,"84,000.00"
2019-01-07,2019010701002039,JBNL,10,56,90,169.00,"15,210.00"
2019-01-07,2019010701002029,JBNL,58,56,500,169.00,"84,500.00"
2019-01-07,2019010701002309,JEFL,11,28,37,118.00,"4,366.00"
2019-01-07,2019010701002308,JEFL,11,28,45,118.00,"5,310.00"
2019-01-07,2019010701002307,JEFL,11,22,18,118.00,"2,124.00"
2019-01-07,2019010701002338,KBL,52,48,150,246.00,"36,900.00"
2019-01-07,2019010701002337,KBL,17,48,350,246.00,"86,100.00"
2019-01-07,2019010701002146,KBL,17,52,150,246.00,"36,900.00"
2019-01-07,2019010701002053,KBL,33,52,100,246.00,"24,600.00"
2019-01-07,2019010701002004,KBL,17,48,"1,000",246.00,"246,000.00"
2019-01-07,2019010701002003,KBL,35,48,50,246.00,"12,300.00"
2019-01-07,2019010701002002,KBL,36,48,487,246.00,"119,802.00"
2019-01-07,2019010701002336,KEBL,26,1,68,207.00,"14,076.00"
2019-01-07,2019010701002353,KKHC,38,38,10,95.00,950.00
2019-01-07,2019010701002298,KKHC,11,32,100,94.00,"9,400.00"
2019-01-07,2019010701002297,KKHC,52,32,10,94.00,940.00
2019-01-07,2019010701002162,KMFL,48,38,14,958.00,"13,412.00"
2019-01-07,2019010701002279,KNBL,11,52,100,123.00,"12,300.00"
2019-01-07,2019010701002278,KNBL,11,1,47,121.00,"5,687.00"
2019-01-07,2019010701002430,KPCL,11,35,10,102.00,"1,020.00"
2019-01-07,2019010701002405,KPCL,11,26,10,102.00,"1,020.00"
2019-01-07,2019010701002147,KPCL,43,59,10,100.00,"1,000.00"
2019-01-07,2019010701002390,KSBBL,57,6,316,136.00,"42,976.00"
2019-01-07,2019010701002253,KSBBL,26,26,40,137.00,"5,480.00"
2019-01-07,2019010701002176,KSBBL,26,26,393,137.00,"53,841.00"
2019-01-07,2019010701002175,KSBBL,26,13,57,137.00,"7,809.00"
2019-01-07,2019010701002093,KSBBL,57,1,200,136.00,"27,200.00"
2019-01-07,2019010701002327,LBL,45,45,260,219.00,"56,940.00"
2019-01-07,2019010701002179,LBL,45,34,505,219.00,"110,595.00"
2019-01-07,2019010701002076,LBL,45,34,285,219.00,"62,415.00"
2019-01-07,2019010701002066,LBL,45,57,115,219.00,"25,185.00"
2019-01-07,2019010701001986,LBL,45,56,446,220.00,"98,120.00"
2019-01-07,2019010701001974,LBL,38,56,168,220.00,"36,960.00"
2019-01-07,2019010701001973,LBL,38,58,12,219.00,"2,628.00"
2019-01-07,2019010701002435,LGIL,10,39,14,540.00,"7,560.00"
2019-01-07,2019010701002396,LGIL,10,39,24,540.00,"12,960.00"
2019-01-07,2019010701002395,LGIL,41,39,20,540.00,"10,800.00"
2019-01-07,2019010701002345,LGIL,14,58,50,543.00,"27,150.00"
2019-01-07,2019010701002273,LGIL,41,6,50,540.00,"27,000.00"
2019-01-07,2019010701002272,LGIL,22,6,50,541.00,"27,050.00"
2019-01-07,2019010701002190,LGIL,41,22,180,540.00,"97,200.00"
2019-01-07,2019010701002420,LICN,52,16,50,"1,660.00","83,000.00"
2019-01-07,2019010701002419,LICN,52,16,50,"1,660.00","83,000.00"
2019-01-07,2019010701002418,LICN,59,16,36,"1,660.00","59,760.00"
2019-01-07,2019010701002042,LICN,59,49,500,"1,660.00","830,000.00"
2019-01-07,2019010701002038,LICN,59,49,14,"1,660.00","23,240.00"
2019-01-07,2019010701002431,MBL,21,43,50,209.00,"10,450.00"
2019-01-07,2019010701002414,MBL,1,43,47,209.00,"9,823.00"
2019-01-07,2019010701002413,MBL,57,42,"1,600",207.00,"331,200.00"
2019-01-07,2019010701002363,MBL,57,38,976,207.00,"202,032.00"
2019-01-07,2019010701002362,MBL,11,38,224,207.00,"46,368.00"
2019-01-07,2019010701002325,MBL,11,11,"1,000",208.00,"208,000.00"
2019-01-07,2019010701001997,MBL,36,57,500,207.00,"103,500.00"
2019-01-07,2019010701001996,MBL,46,57,500,207.00,"103,500.00"
2019-01-07,2019010701002270,MBL,11,17,200,207.00,"41,400.00"
2019-01-07,2019010701002144,MBL,11,19,267,208.00,"55,536.00"
2019-01-07,2019010701002097,MBL,11,6,33,208.00,"6,864.00"
2019-01-07,2019010701002089,MBL,36,35,200,208.00,"41,600.00"
2019-01-07,2019010701002088,MBL,36,56,442,208.00,"91,936.00"
2019-01-07,2019010701001998,MBL,11,57,"1,576",207.00,"326,232.00"
2019-01-07,2019010701002285,MEGA,34,49,197,169.00,"33,293.00"
2019-01-07,2019010701002284,MEGA,22,49,10,169.00,"1,690.00"
2019-01-07,2019010701002283,MEGA,50,49,97,169.00,"16,393.00"
2019-01-07,2019010701002214,MEGA,50,38,459,169.00,"77,571.00"
2019-01-07,2019010701002075,MEGA,55,52,107,170.00,"18,190.00"
2019-01-07,2019010701002074,MEGA,55,52,107,170.00,"18,190.00"
2019-01-07,2019010701002073,MEGA,55,19,500,170.00,"85,000.00"
2019-01-07,2019010701002050,MEGA,39,19,500,170.00,"85,000.00"
2019-01-07,2019010701001952,MEGA,50,56,600,170.00,"102,000.00"
2019-01-07,2019010701002220,MERO,34,55,60,"1,033.00","61,980.00"
2019-01-07,2019010701002235,MLBL,32,56,500,169.00,"84,500.00"
2019-01-07,2019010701002245,MMFDB,28,50,130,985.00,"128,050.00"
2019-01-07,2019010701001985,MMFDB,28,7,70,985.00,"68,950.00"
2019-01-07,2019010701001984,MMFDB,44,7,10,985.00,"9,850.00"
2019-01-07,2019010701001983,MMFDB,56,7,10,999.00,"9,990.00"
2019-01-07,2019010701002172,MNBBL,1,54,72,340.00,"24,480.00"
2019-01-07,2019010701002171,MNBBL,47,54,"1,000",340.00,"340,000.00"
2019-01-07,2019010701002170,MNBBL,26,54,200,341.00,"68,200.00"
2019-01-07,2019010701002169,MNBBL,22,54,200,341.00,"68,200.00"
2019-01-07,2019010701002168,MNBBL,38,54,500,341.00,"170,500.00"
2019-01-07,2019010701002167,MNBBL,25,54,"1,000",342.00,"342,000.00"
2019-01-07,2019010701002166,MNBBL,17,54,50,342.00,"17,100.00"
2019-01-07,2019010701002165,MNBBL,42,54,36,343.00,"12,348.00"
2019-01-07,2019010701002164,MNBBL,55,54,200,345.00,"69,000.00"
2019-01-07,2019010701002271,MPFL,34,17,10,173.00,"1,730.00"
2019-01-07,2019010701002275,NABIL,42,3,50,837.00,"41,850.00"
2019-01-07,2019010701002274,NABIL,16,3,20,837.00,"16,740.00"
2019-01-07,2019010701002228,NABIL,7,14,20,835.00,"16,700.00"
2019-01-07,2019010701002227,NABIL,45,14,50,836.00,"41,800.00"
2019-01-07,2019010701002110,NADEP,38,38,10,788.00,"7,880.00"
2019-01-07,2019010701002044,NADEP,48,17,10,786.00,"7,860.00"
2019-01-07,2019010701002040,NADEP,58,17,10,787.00,"7,870.00"
2019-01-07,2019010701002234,NBB,51,13,100,189.00,"18,900.00"
2019-01-07,2019010701002113,NBB,39,57,280,190.00,"53,200.00"
2019-01-07,2019010701002015,NBB,39,51,220,190.00,"41,800.00"
2019-01-07,2019010701002014,NBB,52,51,100,190.00,"19,000.00"
2019-01-07,2019010701002013,NBB,32,51,400,190.00,"76,000.00"
2019-01-07,2019010701002012,NBB,35,51,200,190.00,"38,000.00"
2019-01-07,2019010701002011,NBB,45,51,580,190.00,"110,200.00"
2019-01-07,2019010701002119,NBB,34,57,500,189.00,"94,500.00"
2019-01-07,2019010701002118,NBB,39,57,100,189.00,"18,900.00"
2019-01-07,2019010701002117,NBB,25,57,"1,000",189.00,"189,000.00"
2019-01-07,2019010701002116,NBB,55,57,100,189.00,"18,900.00"
2019-01-07,2019010701002115,NBB,55,57,500,189.00,"94,500.00"
2019-01-07,2019010701002114,NBB,26,57,358,189.00,"67,662.00"
2019-01-07,2019010701002449,NBL,49,34,93,308.00,"28,644.00"
2019-01-07,2019010701002448,NBL,49,44,107,308.00,"32,956.00"
2019-01-07,2019010701002393,NBL,21,44,50,308.00,"15,400.00"
2019-01-07,2019010701002324,NBL,10,25,874,307.00,"268,318.00"
2019-01-07,2019010701002323,NBL,43,25,126,307.00,"38,682.00"
2019-01-07,2019010701002196,NBL,10,44,"4,843",308.00,"1,491,644.00"
2019-01-07,2019010701002195,NBL,10,13,"1,000",308.00,"308,000.00"
2019-01-07,2019010701002194,NBL,10,34,157,308.00,"48,356.00"
2019-01-07,2019010701002193,NBL,43,17,24,307.00,"7,368.00"
2019-01-07,2019010701002187,NBL,39,34,100,308.00,"30,800.00"
2019-01-07,2019010701002112,NBL,45,34,500,308.00,"154,000.00"
2019-01-07,2019010701002023,NBL,41,34,200,308.00,"61,600.00"
2019-01-07,2019010701002446,NCCB,13,44,500,219.00,"109,500.00"
2019-01-07,2019010701002400,NCCB,10,7,500,219.00,"109,500.00"
2019-01-07,2019010701002399,NCCB,10,36,300,219.00,"65,700.00"
2019-01-07,2019010701002398,NCCB,10,44,"1,550",219.00,"339,450.00"
2019-01-07,2019010701002322,NCCB,52,44,"1,000",219.00,"219,000.00"
2019-01-07,2019010701002314,NCCB,50,16,5,218.00,"1,090.00"
2019-01-07,2019010701002280,NCCB,50,16,5,218.00,"1,090.00"
2019-01-07,2019010701002229,NCCB,58,58,40,218.00,"8,720.00"
2019-01-07,2019010701002095,NCCB,1,44,250,219.00,"54,750.00"
2019-01-07,2019010701002010,NCCB,49,44,"1,950",219.00,"427,050.00"
2019-01-07,2019010701001989,NCCB,41,44,50,219.00,"10,950.00"
2019-01-07,2019010701002311,NCCB,50,16,5,218.00,"1,090.00"
2019-01-07,2019010701002303,NCCB,50,16,5,218.00,"1,090.00"
2019-01-07,2019010701002302,NCCB,34,44,200,219.00,"43,800.00"
2019-01-07,2019010701002291,NCCB,50,16,5,218.00,"1,090.00"
2019-01-07,2019010701002290,NCCB,50,16,5,218.00,"1,090.00"
2019-01-07,2019010701002286,NCCB,50,16,5,218.00,"1,090.00"
2019-01-07,2019010701002020,NCDB,35,21,50,119.00,"5,950.00"
2019-01-07,2019010701002017,NCDB,52,21,10,120.00,"1,200.00"
2019-01-07,2019010701002177,NEF,1,45,"1,932",8.46,"16,344.72"
2019-01-07,2019010701002282,NGPL,33,17,174,122.00,"21,228.00"
2019-01-07,2019010701002281,NGPL,43,17,126,122.00,"15,372.00"
2019-01-07,2019010701002163,NHDL,11,59,10,128.00,"1,280.00"
2019-01-07,2019010701002451,NIB,33,49,37,550.00,"20,350.00"
2019-01-07,2019010701002443,NIB,33,49,37,550.00,"20,350.00"
2019-01-07,2019010701002441,NIB,51,57,38,551.00,"20,938.00"
2019-01-07,2019010701002440,NIB,51,42,42,551.00,"23,142.00"
2019-01-07,2019010701002410,NIB,33,37,300,550.00,"165,000.00"
2019-01-07,2019010701002409,NIB,13,37,300,550.00,"165,000.00"
2019-01-07,2019010701001954,NIB,17,6,120,551.00,"66,120.00"
2019-01-07,2019010701002203,NIB,45,39,30,550.00,"16,500.00"
2019-01-07,2019010701002202,NIB,32,39,100,550.00,"55,000.00"
2019-01-07,2019010701002201,NIB,54,39,30,550.00,"16,500.00"
2019-01-07,2019010701002188,NIB,45,42,58,551.00,"31,958.00"
2019-01-07,2019010701001965,NIB,45,34,60,551.00,"33,060.00"
2019-01-07,2019010701001961,NIB,45,6,30,551.00,"16,530.00"
2019-01-07,2019010701002359,NIB,28,34,20,550.00,"11,000.00"
2019-01-07,2019010701002358,NIB,33,34,17,550.00,"9,350.00"
2019-01-07,2019010701002301,NIB,33,57,400,550.00,"220,000.00"
2019-01-07,2019010701002243,NIB,33,49,37,550.00,"20,350.00"
2019-01-07,2019010701002205,NIB,33,39,546,550.00,"300,300.00"
2019-01-07,2019010701002204,NIB,46,39,50,550.00,"27,500.00"
2019-01-07,2019010701002434,NIBLPF,13,13,"2,424",7.40,"17,937.60"
2019-01-07,2019010701002260,NIBPO,44,17,20,490.00,"9,800.00"
2019-01-07,2019010701002374,NICA,17,58,20,378.00,"7,560.00"
2019-01-07,2019010701002373,NICA,46,58,100,378.00,"37,800.00"
2019-01-07,2019010701002313,NICA,33,44,"1,000",380.00,"380,000.00"
2019-01-07,2019010701002312,NICA,33,57,304,379.00,"115,216.00"
2019-01-07,2019010701002310,NICA,45,57,"1,000",379.00,"379,000.00"
2019-01-07,2019010701002219,NICA,45,13,462,380.00,"175,560.00"
2019-01-07,2019010701002140,NICA,28,13,38,380.00,"14,440.00"
2019-01-07,2019010701002100,NICA,45,45,500,380.00,"190,000.00"
2019-01-07,2019010701002099,NICA,45,6,100,380.00,"38,000.00"
2019-01-07,2019010701002098,NICA,45,56,200,380.00,"76,000.00"
2019-01-07,2019010701002035,NICA,57,44,"1,707",379.00,"646,953.00"
2019-01-07,2019010701002433,NICL,16,37,300,562.00,"168,600.00"
2019-01-07,2019010701002381,NICL,1,35,75,560.00,"42,000.00"
2019-01-07,2019010701002361,NICL,36,35,65,560.00,"36,400.00"
2019-01-07,2019010701002267,NICL,36,6,135,560.00,"75,600.00"
2019-01-07,2019010701002009,NICL,36,28,300,560.00,"168,000.00"
2019-01-07,2019010701002369,NIL,45,32,500,540.00,"270,000.00"
2019-01-07,2019010701002368,NIL,45,34,200,540.00,"108,000.00"
2019-01-07,2019010701002367,NIL,45,6,200,540.00,"108,000.00"
2019-01-07,2019010701002366,NIL,45,51,130,540.00,"70,200.00"
2019-01-07,2019010701002380,NLBBL,37,17,200,470.00,"94,000.00"
2019-01-07,2019010701002277,NLBBL,6,50,15,471.00,"7,065.00"
2019-01-07,2019010701002276,NLBBL,11,50,19,471.00,"8,949.00"
2019-01-07,2019010701002342,NLIC,6,29,41,"1,095.00","44,895.00"
2019-01-07,2019010701002341,NLIC,6,35,24,"1,095.00","26,280.00"
2019-01-07,2019010701002237,NLIC,19,35,40,"1,095.00","43,800.00"
2019-01-07,2019010701002213,NLIC,16,35,36,"1,095.00","39,420.00"
2019-01-07,2019010701002161,NLIC,55,53,22,"1,097.00","24,134.00"
2019-01-07,2019010701002160,NLIC,55,56,40,"1,097.00","43,880.00"
2019-01-07,2019010701002159,NLIC,55,51,38,"1,097.00","41,686.00"
2019-01-07,2019010701002125,NLIC,16,36,100,"1,095.00","109,500.00"
2019-01-07,2019010701002041,NLIC,16,57,68,"1,095.00","74,460.00"
2019-01-07,2019010701002026,NLIC,16,26,17,"1,095.00","18,615.00"
2019-01-07,2019010701002025,NLIC,16,52,12,"1,095.00","13,140.00"
2019-01-07,2019010701002024,NLIC,16,1,17,"1,095.00","18,615.00"
2019-01-07,2019010701002385,NMB,21,43,50,323.00,"16,150.00"
2019-01-07,2019010701002376,NMB,48,38,"1,171",321.00,"375,891.00"
2019-01-07,2019010701002375,NMB,17,38,329,321.00,"105,609.00"
2019-01-07,2019010701002331,NMB,33,57,271,322.00,"87,262.00"
2019-01-07,2019010701002321,NMB,33,57,409,322.00,"131,698.00"
2019-01-07,2019010701002315,NMB,33,44,91,322.00,"29,302.00"
2019-01-07,2019010701002096,NMB,17,57,450,321.00,"144,450.00"
2019-01-07,2019010701002036,NMB,17,29,34,321.00,"10,914.00"
2019-01-07,2019010701001975,NMB,17,34,97,321.00,"31,137.00"
2019-01-07,2019010701002033,NSEWA,5,39,20,580.00,"11,600.00"
2019-01-07,2019010701002397,NTC,35,22,18,734.00,"13,212.00"
2019-01-07,2019010701002339,NTC,35,39,20,734.00,"14,680.00"
2019-01-07,2019010701002256,NTC,35,13,12,734.00,"8,808.00"
2019-01-07,2019010701002255,NTC,44,13,88,734.00,"64,592.00"
2019-01-07,2019010701002189,NTC,44,35,12,734.00,"8,808.00"
2019-01-07,2019010701001982,NTC,58,51,20,735.00,"14,700.00"
2019-01-07,2019010701001981,NTC,14,51,50,735.00,"36,750.00"
2019-01-07,2019010701002132,NUBL,45,26,50,762.00,"38,100.00"
2019-01-07,2019010701002016,OHL,55,34,100,444.00,"44,400.00"
2019-01-07,2019010701002000,OHL,35,16,300,443.00,"132,900.00"
2019-01-07,2019010701002296,PCBL,6,10,"1,045",334.00,"349,030.00"
2019-01-07,2019010701002295,PCBL,6,16,191,334.00,"63,794.00"
2019-01-07,2019010701002294,PCBL,6,6,35,334.00,"11,690.00"
2019-01-07,2019010701002293,PCBL,6,51,34,334.00,"11,356.00"
2019-01-07,2019010701002292,PCBL,6,25,100,333.00,"33,300.00"
2019-01-07,2019010701002084,PCBL,45,52,149,332.00,"49,468.00"
2019-01-07,2019010701002083,PCBL,45,40,113,332.00,"37,516.00"
2019-01-07,2019010701002049,PCBL,56,22,100,331.00,"33,100.00"
2019-01-07,2019010701001970,PFL,34,41,500,133.00,"66,500.00"
2019-01-07,2019010701001969,PFL,17,41,100,133.00,"13,300.00"
2019-01-07,2019010701001968,PFL,13,41,300,133.00,"39,900.00"
2019-01-07,2019010701002392,PIC,50,34,11,"1,004.00","11,044.00"
2019-01-07,2019010701002108,PIC,58,35,100,"1,004.00","100,400.00"
2019-01-07,2019010701002078,PIC,44,44,"1,000","1,004.00","1,004,000.00"
2019-01-07,2019010701002072,PIC,32,7,300,"1,008.00","302,400.00"
2019-01-07,2019010701002047,PIC,45,52,168,"1,007.00","169,176.00"
2019-01-07,2019010701002071,PICL,56,44,500,705.00,"352,500.00"
2019-01-07,2019010701002037,PICL,53,1,100,701.00,"70,100.00"
2019-01-07,2019010701002008,PICL,37,6,220,702.00,"154,440.00"
2019-01-07,2019010701001988,PICL,37,48,100,702.00,"70,200.00"
2019-01-07,2019010701002252,PLIC,29,37,72,503.00,"36,216.00"
2019-01-07,2019010701002251,PLIC,29,28,50,503.00,"25,150.00"
2019-01-07,2019010701002450,PMHPL,28,35,10,115.00,"1,150.00"
2019-01-07,2019010701002439,PMHPL,28,35,10,115.00,"1,150.00"
2019-01-07,2019010701002421,PMHPL,28,26,10,115.00,"1,150.00"
2019-01-07,2019010701002401,PMHPL,6,59,10,116.00,"1,160.00"
2019-01-07,2019010701002158,PMHPL,11,42,70,118.00,"8,260.00"
2019-01-07,2019010701002157,PMHPL,11,28,10,117.00,"1,170.00"
2019-01-07,2019010701002156,PMHPL,11,28,10,117.00,"1,170.00"
2019-01-07,2019010701002155,PMHPL,11,28,10,117.00,"1,170.00"
2019-01-07,2019010701002389,PRIN,28,35,200,450.00,"90,000.00"
2019-01-07,2019010701002299,PRIN,28,26,174,450.00,"78,300.00"
2019-01-07,2019010701002268,PRIN,44,33,300,450.00,"135,000.00"
2019-01-07,2019010701002222,PRIN,6,33,200,450.00,"90,000.00"
2019-01-07,2019010701002198,PRIN,28,33,500,450.00,"225,000.00"
2019-01-07,2019010701002182,PRIN,16,42,50,449.00,"22,450.00"
2019-01-07,2019010701002141,PRIN,16,42,23,449.00,"10,327.00"
2019-01-07,2019010701002030,PRIN,53,33,666,450.00,"299,700.00"
2019-01-07,2019010701002001,PRIN,44,33,250,450.00,"112,500.00"
2019-01-07,2019010701002437,PRVU,13,40,242,243.00,"58,806.00"
2019-01-07,2019010701002436,PRVU,13,36,258,243.00,"62,694.00"
2019-01-07,2019010701002355,PRVU,42,38,"2,000",242.00,"484,000.00"
2019-01-07,2019010701002354,PRVU,42,22,200,242.00,"48,400.00"
2019-01-07,2019010701002263,PRVU,59,36,42,243.00,"10,206.00"
2019-01-07,2019010701002127,PRVU,25,55,200,242.00,"48,400.00"
2019-01-07,2019010701001980,PRVU,46,34,35,241.00,"8,435.00"
2019-01-07,2019010701002242,PRVU,59,43,50,243.00,"12,150.00"
2019-01-07,2019010701002241,PRVU,59,57,300,243.00,"72,900.00"
2019-01-07,2019010701002240,PRVU,59,45,155,243.00,"37,665.00"
2019-01-07,2019010701002239,PRVU,59,45,256,243.00,"62,208.00"
2019-01-07,2019010701002238,PRVU,59,58,"1,697",243.00,"412,371.00"
2019-01-07,2019010701002128,PRVU,25,29,500,242.00,"121,000.00"
2019-01-07,2019010701002206,RBCL,59,22,10,"9,600.00","96,000.00"
2019-01-07,2019010701002018,RBCLPO,59,32,20,"8,900.00","178,000.00"
2019-01-07,2019010701002184,RHPC,1,1,188,98.00,"18,424.00"
2019-01-07,2019010701002183,RHPC,42,1,24,98.00,"2,352.00"
2019-01-07,2019010701002028,RHPC,34,50,20,99.00,"1,980.00"
2019-01-07,2019010701002027,RHPC,17,50,39,99.00,"3,861.00"
2019-01-07,2019010701002081,RMDC,41,1,50,543.00,"27,150.00"
2019-01-07,2019010701002080,RMDC,41,48,35,541.00,"18,935.00"
2019-01-07,2019010701002079,RMDC,41,44,50,540.00,"27,000.00"
2019-01-07,2019010701002425,RRHP,58,26,10,103.00,"1,030.00"
2019-01-07,2019010701002022,RRHP,58,1,10,103.00,"1,030.00"
2019-01-07,2019010701002200,SANIMA,52,52,"1,031",306.00,"315,486.00"
2019-01-07,2019010701002199,SANIMA,52,56,25,306.00,"7,650.00"
2019-01-07,2019010701001972,SANIMA,6,56,130,306.00,"39,780.00"
2019-01-07,2019010701001971,SANIMA,44,56,345,306.00,"105,570.00"
2019-01-07,2019010701002056,SBI,38,6,48,389.00,"18,672.00"
2019-01-07,2019010701002055,SBI,10,6,50,389.00,"19,450.00"
2019-01-07,2019010701002054,SBI,19,6,20,389.00,"7,780.00"
2019-01-07,2019010701002052,SBI,38,49,12,390.00,"4,680.00"
2019-01-07,2019010701002051,SBI,42,49,63,390.00,"24,570.00"
2019-01-07,2019010701002046,SBI,42,41,137,390.00,"53,430.00"
2019-01-07,2019010701002045,SBI,17,41,100,390.00,"39,000.00"
2019-01-07,2019010701002426,SBL,21,51,50,291.00,"14,550.00"
2019-01-07,2019010701002326,SBL,58,57,345,290.00,"100,050.00"
2019-01-07,2019010701002319,SBL,45,57,664,290.00,"192,560.00"
2019-01-07,2019010701002209,SBL,28,13,20,290.00,"5,800.00"
2019-01-07,2019010701002150,SBL,50,1,130,290.00,"37,700.00"
2019-01-07,2019010701001995,SCB,13,37,20,596.00,"11,920.00"
2019-01-07,2019010701001991,SCB,13,37,20,596.00,"11,920.00"
2019-01-07,2019010701001987,SCB,13,51,10,596.00,"5,960.00"
2019-01-07,2019010701001979,SCB,38,54,500,597.00,"298,500.00"
2019-01-07,2019010701001978,SCB,48,54,177,597.00,"105,669.00"
2019-01-07,2019010701002383,SHPC,55,56,39,228.00,"8,892.00"
2019-01-07,2019010701002382,SHPC,55,38,61,228.00,"13,908.00"
2019-01-07,2019010701002340,SHPC,49,6,200,226.00,"45,200.00"
2019-01-07,2019010701002031,SHPC,48,1,40,226.00,"9,040.00"
2019-01-07,2019010701002007,SHPC,22,1,60,226.00,"13,560.00"
2019-01-07,2019010701002006,SHPC,34,38,39,228.00,"8,892.00"
2019-01-07,2019010701002005,SHPC,34,6,36,228.00,"8,208.00"
2019-01-07,2019010701002077,SIC,16,39,36,"1,320.00","47,520.00"
2019-01-07,2019010701002180,SICL,59,42,50,915.00,"45,750.00"
2019-01-07,2019010701002218,SIL,10,44,"1,000",649.00,"649,000.00"
2019-01-07,2019010701002217,SIL,10,44,567,648.00,"367,416.00"
2019-01-07,2019010701002360,SKBBL,39,51,40,"1,059.00","42,360.00"
2019-01-07,2019010701002123,SKBBL,43,51,100,"1,050.00","105,000.00"
2019-01-07,2019010701002122,SKBBL,52,51,200,"1,051.00","210,200.00"
2019-01-07,2019010701002121,SKBBL,19,51,80,"1,051.00","84,080.00"
2019-01-07,2019010701002120,SKBBL,17,51,80,"1,052.00","84,160.00"
2019-01-07,2019010701002065,SKBBL,17,58,20,"1,052.00","21,040.00"
2019-01-07,2019010701002064,SKBBL,1,58,100,"1,053.00","105,300.00"
2019-01-07,2019010701002063,SKBBL,19,58,50,"1,053.00","52,650.00"
2019-01-07,2019010701002062,SKBBL,41,58,50,"1,055.00","52,750.00"
2019-01-07,2019010701002061,SKBBL,43,58,30,"1,056.00","31,680.00"
2019-01-07,2019010701002060,SKBBL,43,58,100,"1,056.00","105,600.00"
2019-01-07,2019010701002232,SLBBL,19,25,200,544.00,"108,800.00"
2019-01-07,2019010701002231,SLBBL,40,25,100,545.00,"54,500.00"
2019-01-07,2019010701002092,SLBS,57,38,20,"1,030.00","20,600.00"
2019-01-07,2019010701002356,SLICL,34,29,"1,553",558.00,"866,574.00"
2019-01-07,2019010701002143,SLICL,49,42,13,556.00,"7,228.00"
2019-01-07,2019010701002428,SPDL,54,26,15,95.00,"1,425.00"
2019-01-07,2019010701002445,SRBL,28,37,400,215.00,"86,000.00"
2019-01-07,2019010701002427,SRBL,50,22,600,214.00,"128,400.00"
2019-01-07,2019010701002352,SRBL,33,32,"1,500",215.00,"322,500.00"
2019-01-07,2019010701002306,SRBL,33,41,172,215.00,"36,980.00"
2019-01-07,2019010701002305,SRBL,33,22,211,215.00,"45,365.00"
2019-01-07,2019010701002304,SRBL,33,25,70,215.00,"15,050.00"
2019-01-07,2019010701002207,SRBL,50,17,11,214.00,"2,354.00"
2019-01-07,2019010701002357,SWBBL,7,17,50,860.00,"43,000.00"
2019-01-07,2019010701002191,SWBBL,57,43,50,863.00,"43,150.00"
2019-01-07,2019010701002408,TRH,38,6,10,245.00,"2,450.00"
2019-01-07,2019010701002181,UFL,43,59,56,170.00,"9,520.00"
2019-01-07,2019010701002111,UFL,43,49,100,170.00,"17,000.00"
2019-01-07,2019010701002432,UMHL,11,26,14,124.00,"1,736.00"
2019-01-07,2019010701002250,UMHL,11,40,14,124.00,"1,736.00"
2019-01-07,2019010701002249,UMHL,11,1,48,123.00,"5,904.00"
2019-01-07,2019010701002192,UMHL,45,59,10,122.00,"1,220.00"
2019-01-07,2019010701002412,VLBS,38,44,10,675.00,"6,750.00"
2019-01-07,2019010701001688,AKJCL,32,1,20,91.00,"1,820.00"
2019-01-07,2019010701001687,AKJCL,32,55,20,91.00,"1,820.00"
2019-01-07,2019010701001481,ALICL,45,42,63,612.00,"38,556.00"
2019-01-07,2019010701001935,AMFI,34,58,100,691.00,"69,100.00"
2019-01-07,2019010701001933,AMFI,58,39,10,701.00,"7,010.00"
2019-01-07,2019010701001796,API,25,50,148,154.00,"22,792.00"
2019-01-07,2019010701001648,API,25,50,52,154.00,"8,008.00"
2019-01-07,2019010701001647,API,25,38,29,153.00,"4,437.00"
2019-01-07,2019010701001646,API,25,38,19,153.00,"2,907.00"
2019-01-07,2019010701001479,API,32,38,10,153.00,"1,530.00"
2019-01-07,2019010701001917,BARUN,51,37,10,104.00,"1,040.00"
2019-01-07,2019010701001875,BARUN,51,37,10,104.00,"1,040.00"
2019-01-07,2019010701001754,BARUN,32,39,50,106.00,"5,300.00"
2019-01-07,2019010701001753,BARUN,52,39,10,106.00,"1,060.00"
2019-01-07,2019010701001543,BHBL,22,52,60,136.00,"8,160.00"
2019-01-07,2019010701001514,BHBL,52,52,20,136.00,"2,720.00"
2019-01-07,2019010701001657,BNT,55,5,20,"6,450.00","129,000.00"
2019-01-07,2019010701001881,BOKL,48,22,70,331.00,"23,170.00"
2019-01-07,2019010701001880,BOKL,47,22,30,331.00,"9,930.00"
2019-01-07,2019010701001874,BOKL,47,11,70,331.00,"23,170.00"
2019-01-07,2019010701001873,BOKL,33,11,10,331.00,"3,310.00"
2019-01-07,2019010701001845,BOKL,33,13,40,331.00,"13,240.00"
2019-01-07,2019010701001681,BOKL,33,21,50,331.00,"16,550.00"
2019-01-07,2019010701001680,BOKL,22,21,50,331.00,"16,550.00"
2019-01-07,2019010701001679,BOKL,17,17,300,332.00,"99,600.00"
2019-01-07,2019010701001544,BOKL,22,51,100,331.00,"33,100.00"
2019-01-07,2019010701001852,BPCL,7,1,98,370.00,"36,260.00"
2019-01-07,2019010701001851,BPCL,39,1,10,370.00,"3,700.00"
2019-01-07,2019010701001793,CBBL,21,41,100,826.00,"82,600.00"
2019-01-07,2019010701001782,CBBL,50,53,50,825.00,"41,250.00"
2019-01-07,2019010701001779,CBBL,29,17,270,824.00,"222,480.00"
2019-01-07,2019010701001764,CBBL,32,57,500,824.00,"412,000.00"
2019-01-07,2019010701001752,CBBL,19,45,89,820.00,"72,980.00"
2019-01-07,2019010701001745,CBBL,58,45,111,820.00,"91,020.00"
2019-01-07,2019010701001683,CBBL,58,50,119,815.00,"96,985.00"
2019-01-07,2019010701001744,CBBL,58,29,150,820.00,"123,000.00"
2019-01-07,2019010701001743,CBBL,58,42,25,819.00,"20,475.00"
2019-01-07,2019010701001742,CBBL,58,21,165,819.00,"135,135.00"
2019-01-07,2019010701001741,CBBL,58,20,490,818.00,"400,820.00"
2019-01-07,2019010701001740,CBBL,58,16,59,817.00,"48,203.00"
2019-01-07,2019010701001684,CBBL,58,16,179,816.00,"146,064.00"
2019-01-07,2019010701001950,CBL,34,44,176,163.00,"28,688.00"
2019-01-07,2019010701001883,CBL,34,1,116,163.00,"18,908.00"
2019-01-07,2019010701001794,CBL,34,39,100,163.00,"16,300.00"
2019-01-07,2019010701001923,CCBL,47,13,2,172.00,344.00
2019-01-07,2019010701001900,CCBL,38,28,100,172.00,"17,200.00"
2019-01-07,2019010701001825,CCBL,58,17,136,171.00,"23,256.00"
2019-01-07,2019010701001789,CCBL,45,28,50,172.00,"8,600.00"
2019-01-07,2019010701001488,CCBL,17,38,217,171.00,"37,107.00"
2019-01-07,2019010701001487,CCBL,17,38,232,171.00,"39,672.00"
2019-01-07,2019010701001710,CCBL,58,21,800,171.00,"136,800.00"
2019-01-07,2019010701001651,CCBL,46,26,569,171.00,"97,299.00"
2019-01-07,2019010701001637,CCBL,17,26,31,171.00,"5,301.00"
2019-01-07,2019010701001555,CCBL,17,43,269,171.00,"45,999.00"
2019-01-07,2019010701001554,CCBL,17,43,83,171.00,"14,193.00"
2019-01-07,2019010701001711,CFCL,58,32,527,111.00,"58,497.00"
2019-01-07,2019010701001927,CHCL,21,26,50,550.00,"27,500.00"
2019-01-07,2019010701001810,CHCL,42,1,56,548.00,"30,688.00"
2019-01-07,2019010701001664,CHCL,42,42,40,548.00,"21,920.00"
2019-01-07,2019010701001938,CHL,55,37,10,100.00,"1,000.00"
2019-01-07,2019010701001906,CHL,55,37,10,100.00,"1,000.00"
2019-01-07,2019010701001650,CHL,55,1,94,100.00,"9,400.00"
2019-01-07,2019010701001505,CHL,52,43,10,102.00,"1,020.00"
2019-01-07,2019010701001936,CIT,38,42,10,"2,263.00","22,630.00"
2019-01-07,2019010701001702,CIT,38,51,20,"2,265.00","45,300.00"
2019-01-07,2019010701001699,CIT,38,35,30,"2,264.00","67,920.00"
2019-01-07,2019010701001696,CIT,17,35,20,"2,264.00","45,280.00"
2019-01-07,2019010701001491,CIT,26,43,105,"2,260.00","237,300.00"
2019-01-07,2019010701001490,CIT,51,43,10,"2,260.00","22,600.00"
2019-01-07,2019010701001480,CIT,16,43,100,"2,261.00","226,100.00"
2019-01-07,2019010701001467,CIT,34,43,30,"2,262.00","67,860.00"
2019-01-07,2019010701001584,CORBL,22,56,200,98.00,"19,600.00"
2019-01-07,2019010701001493,CORBL,22,56,200,98.00,"19,600.00"
2019-01-07,2019010701001912,CZBIL,16,50,10,211.00,"2,110.00"
2019-01-07,2019010701001911,CZBIL,50,50,"1,890",211.00,"398,790.00"
2019-01-07,2019010701001840,CZBIL,50,13,11,211.00,"2,321.00"
2019-01-07,2019010701001819,CZBIL,50,1,99,211.00,"20,889.00"
2019-01-07,2019010701001818,CZBIL,29,1,50,211.00,"10,550.00"
2019-01-07,2019010701001636,CZBIL,17,28,150,212.00,"31,800.00"
2019-01-07,2019010701001608,CZBIL,17,37,700,212.00,"148,400.00"
2019-01-07,2019010701001531,CZBIL,17,51,100,212.00,"21,200.00"
2019-01-07,2019010701001530,CZBIL,17,25,45,212.00,"9,540.00"
2019-01-07,2019010701001474,CZBIL,29,55,10,211.00,"2,110.00"
2019-01-07,2019010701001783,DBBL,13,25,"1,000",126.00,"126,000.00"
2019-01-07,2019010701001592,DBBL,22,21,100,127.00,"12,700.00"
2019-01-07,2019010701001503,DBBL,22,21,76,127.00,"9,652.00"
2019-01-07,2019010701001502,DBBL,22,45,24,127.00,"3,048.00"
2019-01-07,2019010701001499,DBBL,52,45,20,127.00,"2,540.00"
2019-01-07,2019010701001492,DDBL,10,16,100,625.00,"62,500.00"
2019-01-07,2019010701001872,EBL,37,16,40,531.00,"21,240.00"
2019-01-07,2019010701001871,EBL,28,16,33,531.00,"17,523.00"
2019-01-07,2019010701001870,EBL,34,16,27,531.00,"14,337.00"
2019-01-07,2019010701001509,EBL,33,3,970,533.00,"517,010.00"
2019-01-07,2019010701001504,EBL,28,29,200,534.00,"106,800.00"
2019-01-07,2019010701001571,EBL,32,10,20,533.00,"10,660.00"
2019-01-07,2019010701001545,EBL,34,6,73,531.00,"38,763.00"
2019-01-07,2019010701001512,EBL,34,3,"1,000",532.00,"532,000.00"
2019-01-07,2019010701001511,EBL,48,3,146,532.00,"77,672.00"
2019-01-07,2019010701001510,EBL,49,3,11,532.00,"5,852.00"
2019-01-07,2019010701001465,FMDBL,17,19,50,384.00,"19,200.00"
2019-01-07,2019010701001855,FOWAD,37,37,15,"1,495.00","22,425.00"
2019-01-07,2019010701001660,FOWAD,10,14,10,"1,490.00","14,900.00"
2019-01-07,2019010701001578,FOWAD,21,21,13,"1,500.00","19,500.00"
2019-01-07,2019010701001553,FOWAD,21,51,59,"1,500.00","88,500.00"
2019-01-07,2019010701001552,FOWAD,21,42,50,"1,500.00","75,000.00"
2019-01-07,2019010701001551,FOWAD,21,19,100,"1,500.00","150,000.00"
2019-01-07,2019010701001550,FOWAD,21,7,50,"1,500.00","75,000.00"
2019-01-07,2019010701001549,FOWAD,21,59,48,"1,495.00","71,760.00"
2019-01-07,2019010701001803,GBBL,29,13,128,189.00,"24,192.00"
2019-01-07,2019010701001768,GBBL,29,35,36,189.00,"6,804.00"
2019-01-07,2019010701001691,GBBL,1,44,200,190.00,"38,000.00"
2019-01-07,2019010701001628,GBBL,29,19,34,189.00,"6,426.00"
2019-01-07,2019010701001627,GBBL,45,19,124,189.00,"23,436.00"
2019-01-07,2019010701001591,GBBL,45,19,158,189.00,"29,862.00"
2019-01-07,2019010701001501,GBBL,53,17,100,190.00,"19,000.00"
2019-01-07,2019010701001500,GBBL,53,58,100,190.00,"19,000.00"
2019-01-07,2019010701001905,GBIME,32,22,60,269.00,"16,140.00"
2019-01-07,2019010701001894,GBIME,37,22,40,269.00,"10,760.00"
2019-01-07,2019010701001835,GBIME,37,59,60,269.00,"16,140.00"
2019-01-07,2019010701001725,GBIME,37,47,100,269.00,"26,900.00"
2019-01-07,2019010701001622,GBIME,19,19,24,268.00,"6,432.00"
2019-01-07,2019010701001611,GBIME,19,28,63,268.00,"16,884.00"
2019-01-07,2019010701001610,GBIME,41,28,133,268.00,"35,644.00"
2019-01-07,2019010701001609,GBIME,11,28,304,269.00,"81,776.00"
2019-01-07,2019010701001597,GBIME,11,19,24,269.00,"6,456.00"
2019-01-07,2019010701001507,GBLBS,56,5,10,431.00,"4,310.00"
2019-01-07,2019010701001625,GDBL,17,19,62,190.00,"11,780.00"
2019-01-07,2019010701001483,GMFIL,52,19,10,130.00,"1,300.00"
2019-01-07,2019010701001598,GRDBL,22,22,200,109.00,"21,800.00"
2019-01-07,2019010701001508,GRDBL,22,22,200,109.00,"21,800.00"
2019-01-07,2019010701001469,GRDBL,52,22,20,109.00,"2,180.00"
2019-01-07,2019010701001701,GUFL,47,25,50,102.00,"5,100.00"
2019-01-07,2019010701001700,GUFL,47,6,38,102.00,"3,876.00"
2019-01-07,2019010701001600,HATH,4,1,10,128.00,"1,280.00"
2019-01-07,2019010701001769,HGI,1,39,200,396.00,"79,200.00"
