Date,Transact. No.,Symbol,Buyer,Seller,Quantity,Rate,Amount
2020-03-19,2020031901018531,ADBL,51,21,40,376.00,"15,040.00"
2020-03-19,2020031901018530,ADBL,51,35,10,376.00,"3,760.00"
2020-03-19,2020031901018685,AKPL,21,49,500,113.00,"56,500.00"
2020-03-19,2020031901018547,AKPL,56,34,260,112.00,"29,120.00"
2020-03-19,2020031901018546,AKPL,25,34,50,112.00,"5,600.00"
2020-03-19,2020031901018638,ALBSL,8,50,10,623.00,"6,230.00"
2020-03-19,2020031901018730,ALICL,42,58,20,485.00,"9,700.00"
2020-03-19,2020031901018512,API,25,34,10,108.00,"1,080.00"
2020-03-19,2020031901018511,API,25,53,50,107.00,"5,350.00"
2020-03-19,2020031901018510,API,25,1,400,107.00,"42,800.00"
2020-03-19,2020031901018439,API,39,1,100,107.00,"10,700.00"
2020-03-19,2020031901018438,API,39,22,200,107.00,"21,400.00"
2020-03-19,2020031901018437,API,39,42,"2,700",106.00,"286,200.00"
2020-03-19,2020031901018751,BOKL,42,57,40,223.00,"8,920.00"
2020-03-19,2020031901018427,BOKL,19,57,100,223.00,"22,300.00"
2020-03-19,2020031901018311,BOKL,16,16,980,222.00,"217,560.00"
2020-03-19,2020031901018310,BOKL,32,16,20,222.00,"4,440.00"
2020-03-19,2020031901018656,CBBL,40,59,410,965.00,"395,650.00"
2020-03-19,2020031901018655,CBBL,57,59,100,965.00,"96,500.00"
2020-03-19,2020031901018654,CBBL,22,59,63,967.00,"60,921.00"
2020-03-19,2020031901018653,CBBL,45,59,50,967.00,"48,350.00"
2020-03-19,2020031901018652,CBBL,52,59,200,968.00,"193,600.00"
2020-03-19,2020031901018651,CBBL,29,59,150,968.00,"145,200.00"
2020-03-19,2020031901018359,CBBL,36,45,33,970.00,"32,010.00"
2020-03-19,2020031901018650,CBBL,43,59,377,969.00,"365,313.00"
2020-03-19,2020031901018648,CBBL,4,38,10,970.00,"9,700.00"
2020-03-19,2020031901018402,CBBL,43,57,333,969.00,"322,677.00"
2020-03-19,2020031901018401,CBBL,36,57,67,970.00,"64,990.00"
2020-03-19,2020031901018690,CBL,39,56,"2,328",140.00,"325,920.00"
2020-03-19,2020031901018689,CBL,39,56,"1,672",140.00,"234,080.00"
2020-03-19,2020031901018677,CBL,39,36,307,140.00,"42,980.00"
2020-03-19,2020031901018555,CBL,39,39,"1,000",140.00,"140,000.00"
2020-03-19,2020031901018482,CBL,39,41,500,140.00,"70,000.00"
2020-03-19,2020031901018383,CCBL,51,25,264,162.00,"42,768.00"
2020-03-19,2020031901018332,CCBL,48,51,25,163.00,"4,075.00"
2020-03-19,2020031901018331,CCBL,48,28,100,163.00,"16,300.00"
2020-03-19,2020031901018330,CCBL,48,25,175,163.00,"28,525.00"
2020-03-19,2020031901018520,CHCL,38,14,400,377.00,"150,800.00"
2020-03-19,2020031901018460,CHCL,38,41,100,377.00,"37,700.00"
2020-03-19,2020031901018362,CHCL,54,14,200,378.00,"75,600.00"
2020-03-19,2020031901018641,CIT,33,33,30,"2,465.00","73,950.00"
2020-03-19,2020031901018459,CIT,58,58,397,"2,466.00","979,002.00"
2020-03-19,2020031901018484,CLBSL,36,45,11,984.00,"10,824.00"
2020-03-19,2020031901018425,CLBSL,36,8,20,984.00,"19,680.00"
2020-03-19,2020031901018424,CLBSL,13,8,20,985.00,"19,700.00"
2020-03-19,2020031901018440,CZBIL,32,1,100,185.00,"18,500.00"
2020-03-19,2020031901018606,DDBL,48,8,200,760.00,"152,000.00"
2020-03-19,2020031901018667,EBL,6,44,20,630.00,"12,600.00"
2020-03-19,2020031901018666,EBL,56,44,140,630.00,"88,200.00"
2020-03-19,2020031901018665,EBL,1,44,371,630.00,"233,730.00"
2020-03-19,2020031901018664,EBL,26,44,20,631.00,"12,620.00"
2020-03-19,2020031901018663,EBL,17,44,100,631.00,"63,100.00"
2020-03-19,2020031901018662,EBL,56,44,100,631.00,"63,100.00"
2020-03-19,2020031901018609,EBL,10,44,267,636.00,"169,812.00"
2020-03-19,2020031901018608,EBL,14,44,300,637.00,"191,100.00"
2020-03-19,2020031901018607,EBL,45,44,20,638.00,"12,760.00"
2020-03-19,2020031901018706,EDBL,53,40,100,375.00,"37,500.00"
2020-03-19,2020031901018705,EDBL,19,40,500,376.00,"188,000.00"
2020-03-19,2020031901018704,EDBL,40,40,100,376.00,"37,600.00"
2020-03-19,2020031901018703,EDBL,34,40,100,377.00,"37,700.00"
2020-03-19,2020031901018702,EDBL,45,40,100,377.00,"37,700.00"
2020-03-19,2020031901018701,EDBL,19,40,180,378.00,"68,040.00"
2020-03-19,2020031901018700,EDBL,45,40,20,379.00,"7,580.00"
2020-03-19,2020031901018669,EDBL,19,36,33,380.00,"12,540.00"
2020-03-19,2020031901018373,EDBL,29,36,12,380.00,"4,560.00"
2020-03-19,2020031901018595,EIC,45,28,150,340.00,"51,000.00"
2020-03-19,2020031901018594,EIC,48,28,300,340.00,"102,000.00"
2020-03-19,2020031901018346,EIC,51,48,100,339.00,"33,900.00"
2020-03-19,2020031901018601,FMDBL,44,32,364,438.00,"159,432.00"
2020-03-19,2020031901018600,FMDBL,55,32,56,439.00,"24,584.00"
2020-03-19,2020031901018528,FMDBL,55,28,244,439.00,"107,116.00"
2020-03-19,2020031901018527,FMDBL,35,28,100,439.00,"43,900.00"
2020-03-19,2020031901018526,FMDBL,54,28,25,439.00,"10,975.00"
2020-03-19,2020031901018525,FMDBL,29,28,10,440.00,"4,400.00"
2020-03-19,2020031901018524,FMDBL,5,28,21,440.00,"9,240.00"
2020-03-19,2020031901018309,FMDBL,5,53,44,440.00,"19,360.00"
2020-03-19,2020031901018308,FMDBL,56,53,30,441.00,"13,230.00"
2020-03-19,2020031901018771,FOWAD,36,5,17,"1,380.00","23,460.00"
2020-03-19,2020031901018770,FOWAD,36,22,80,"1,380.00","110,400.00"
2020-03-19,2020031901018769,FOWAD,56,22,100,"1,380.00","138,000.00"
2020-03-19,2020031901018768,FOWAD,53,22,10,"1,380.00","13,800.00"
2020-03-19,2020031901018777,GBBL,21,34,10,218.00,"2,180.00"
2020-03-19,2020031901018750,GBBL,1,34,"1,200",218.00,"261,600.00"
2020-03-19,2020031901018749,GBBL,1,53,300,218.00,"65,400.00"
2020-03-19,2020031901018297,GBBL,26,4,500,219.00,"109,500.00"
2020-03-19,2020031901018296,GBBL,34,4,50,219.00,"10,950.00"
2020-03-19,2020031901018295,GBBL,47,4,500,219.00,"109,500.00"
2020-03-19,2020031901018294,GBBL,39,4,100,219.00,"21,900.00"
2020-03-19,2020031901018293,GBBL,40,4,500,219.00,"109,500.00"
2020-03-19,2020031901018755,GBIME,13,52,50,255.00,"12,750.00"
2020-03-19,2020031901018754,GBIME,10,52,200,255.00,"51,000.00"
2020-03-19,2020031901018715,GBIME,6,22,20,256.00,"5,120.00"
2020-03-19,2020031901018683,GBIME,52,22,250,256.00,"64,000.00"
2020-03-19,2020031901018382,GBIME,13,53,100,255.00,"25,500.00"
2020-03-19,2020031901018688,GBLBS,39,34,50,419.00,"20,950.00"
2020-03-19,2020031901018604,GBLBS,40,34,500,419.00,"209,500.00"
2020-03-19,2020031901018603,GBLBS,14,38,115,418.00,"48,070.00"
2020-03-19,2020031901018324,GBLBS,5,38,50,418.00,"20,900.00"
2020-03-19,2020031901018508,GLICL,22,57,100,396.00,"39,600.00"
2020-03-19,2020031901018431,GLICL,48,57,100,397.00,"39,700.00"
2020-03-19,2020031901018430,GLICL,34,57,100,397.00,"39,700.00"
2020-03-19,2020031901018429,GLICL,41,57,100,397.00,"39,700.00"
2020-03-19,2020031901018428,GLICL,22,57,100,397.00,"39,700.00"
2020-03-19,2020031901018361,GLICL,52,57,40,398.00,"15,920.00"
2020-03-19,2020031901018360,GLICL,57,57,92,398.00,"36,616.00"
2020-03-19,2020031901018358,GLICL,57,44,69,398.00,"27,462.00"
2020-03-19,2020031901018322,GLICL,57,57,149,398.00,"59,302.00"
2020-03-19,2020031901018321,GLICL,50,57,130,398.00,"51,740.00"
2020-03-19,2020031901018320,GLICL,49,57,200,398.00,"79,600.00"
2020-03-19,2020031901018572,GMFBS,51,52,40,768.00,"30,720.00"
2020-03-19,2020031901018307,HBL,54,49,100,520.00,"52,000.00"
2020-03-19,2020031901018776,HDL,6,37,10,"1,304.00","13,040.00"
2020-03-19,2020031901018775,HDL,59,37,10,"1,304.00","13,040.00"
2020-03-19,2020031901018661,HGI,43,51,50,335.00,"16,750.00"
2020-03-19,2020031901018660,HGI,6,51,30,335.00,"10,050.00"
2020-03-19,2020031901018649,HGI,22,6,10,339.00,"3,390.00"
2020-03-19,2020031901018658,HIDCL,33,5,"1,120",130.00,"145,600.00"
2020-03-19,2020031901018657,HIDCL,33,21,16,130.00,"2,080.00"
2020-03-19,2020031901018408,ICFC,32,58,450,172.00,"77,400.00"
2020-03-19,2020031901018407,ICFC,32,25,500,172.00,"86,000.00"
2020-03-19,2020031901018406,ICFC,32,55,100,172.00,"17,200.00"
2020-03-19,2020031901018405,ICFC,32,29,500,172.00,"86,000.00"
2020-03-19,2020031901018404,ICFC,32,52,200,172.00,"34,400.00"
2020-03-19,2020031901018403,ICFC,32,26,13,170.00,"2,210.00"
2020-03-19,2020031901018642,IGI,35,34,15,347.00,"5,205.00"
2020-03-19,2020031901018758,ILBS,54,41,10,667.00,"6,670.00"
2020-03-19,2020031901018579,JBBL,59,38,250,170.00,"42,500.00"
2020-03-19,2020031901018578,JBBL,43,38,213,170.00,"36,210.00"
2020-03-19,2020031901018577,JBBL,58,38,50,171.00,"8,550.00"
2020-03-19,2020031901018376,JOSHI,37,55,20,58.00,"1,160.00"
2020-03-19,2020031901018645,JSLBB,26,29,110,"1,723.00","189,530.00"
2020-03-19,2020031901018644,JSLBB,28,29,10,"1,723.00","17,230.00"
2020-03-19,2020031901018643,JSLBB,53,29,130,"1,723.00","223,990.00"
2020-03-19,2020031901018714,KBL,22,36,200,185.00,"37,000.00"
2020-03-19,2020031901018456,KBL,33,36,200,185.00,"37,000.00"
2020-03-19,2020031901018449,KBL,21,36,500,185.00,"92,500.00"
2020-03-19,2020031901018377,KBL,6,34,16,184.00,"2,944.00"
2020-03-19,2020031901018325,KBL,14,36,100,185.00,"18,500.00"
2020-03-19,2020031901018790,KPCL,25,1,120,104.00,"12,480.00"
2020-03-19,2020031901018789,KPCL,25,53,20,102.00,"2,040.00"
2020-03-19,2020031901018788,KPCL,25,57,300,100.00,"30,000.00"
2020-03-19,2020031901018787,KPCL,25,53,10,100.00,"1,000.00"
2020-03-19,2020031901018574,LBBL,33,51,10,178.00,"1,780.00"
2020-03-19,2020031901018571,LBL,16,25,70,208.00,"14,560.00"
2020-03-19,2020031901018570,LBL,16,34,27,208.00,"5,616.00"
2020-03-19,2020031901018353,LBL,41,34,173,208.00,"35,984.00"
2020-03-19,2020031901018352,LBL,41,37,35,208.00,"7,280.00"
2020-03-19,2020031901018305,LGIL,42,55,50,400.00,"20,000.00"
2020-03-19,2020031901018713,LICN,52,56,100,"1,180.00","118,000.00"
2020-03-19,2020031901018712,LICN,33,56,100,"1,180.00","118,000.00"
2020-03-19,2020031901018711,LICN,6,56,15,"1,180.00","17,700.00"
2020-03-19,2020031901018710,LICN,14,56,37,"1,180.00","43,660.00"
2020-03-19,2020031901018709,LICN,19,56,100,"1,181.00","118,100.00"
2020-03-19,2020031901018708,LICN,14,56,100,"1,195.00","119,500.00"
2020-03-19,2020031901018707,LICN,52,56,82,"1,196.00","98,072.00"
2020-03-19,2020031901018676,LICN,52,57,18,"1,196.00","21,528.00"
2020-03-19,2020031901018518,LICN,44,52,50,"1,197.00","59,850.00"
2020-03-19,2020031901018496,MBL,43,19,500,219.00,"109,500.00"
2020-03-19,2020031901018350,MBL,41,49,250,217.00,"54,250.00"
2020-03-19,2020031901018349,MBL,42,49,500,217.00,"108,500.00"
2020-03-19,2020031901018348,MBL,45,49,50,217.00,"10,850.00"
2020-03-19,2020031901018347,MBL,48,49,200,217.00,"43,400.00"
2020-03-19,2020031901018302,MBL,51,56,"5,000",218.00,"1,090,000.00"
2020-03-19,2020031901018301,MBL,38,56,100,218.00,"21,800.00"
2020-03-19,2020031901018728,MDB,52,33,10,332.00,"3,320.00"
2020-03-19,2020031901018767,MEGA,43,39,10,206.00,"2,060.00"
2020-03-19,2020031901018696,MEGA,33,34,100,205.00,"20,500.00"
2020-03-19,2020031901018695,MEGA,14,34,100,205.00,"20,500.00"
2020-03-19,2020031901018548,MEGA,35,39,50,206.00,"10,300.00"
2020-03-19,2020031901018462,MEGA,43,39,10,206.00,"2,060.00"
2020-03-19,2020031901018461,MEGA,43,21,200,205.00,"41,000.00"
2020-03-19,2020031901018318,MEGA,39,44,365,204.00,"74,460.00"
2020-03-19,2020031901018323,MERO,6,34,223,550.00,"122,650.00"
2020-03-19,2020031901018753,MFIL,55,14,700,243.00,"170,100.00"
2020-03-19,2020031901018659,MFIL,1,4,100,245.00,"24,500.00"
2020-03-19,2020031901018426,MFIL,56,4,360,245.00,"88,200.00"
2020-03-19,2020031901018329,MFIL,45,43,200,244.00,"48,800.00"
2020-03-19,2020031901018328,MFIL,1,43,100,244.00,"24,400.00"
2020-03-19,2020031901018327,MFIL,55,43,25,244.00,"6,100.00"
2020-03-19,2020031901018306,MFIL,55,34,400,244.00,"97,600.00"
2020-03-19,2020031901018772,MNBBL,48,48,20,299.00,"5,980.00"
2020-03-19,2020031901018680,MNBBL,55,34,10,300.00,"3,000.00"
2020-03-19,2020031901018639,MNBBL,25,34,50,300.00,"15,000.00"
2020-03-19,2020031901018529,MNBBL,45,34,300,300.00,"90,000.00"
2020-03-19,2020031901018543,MPFL,51,7,90,120.00,"10,800.00"
2020-03-19,2020031901018542,MPFL,43,7,10,121.00,"1,210.00"
2020-03-19,2020031901018419,MPFL,43,32,100,121.00,"12,100.00"
2020-03-19,2020031901018418,MPFL,43,42,90,121.00,"10,890.00"
2020-03-19,2020031901018454,NABIL,29,49,200,730.00,"146,000.00"
2020-03-19,2020031901018453,NABIL,26,49,45,730.00,"32,850.00"
2020-03-19,2020031901018446,NABIL,17,51,50,732.00,"36,600.00"
2020-03-19,2020031901018400,NABIL,26,45,55,730.00,"40,150.00"
2020-03-19,2020031901018399,NABIL,50,45,11,730.00,"8,030.00"
2020-03-19,2020031901018366,NABIL,14,52,100,730.00,"73,000.00"
2020-03-19,2020031901018317,NABIL,41,3,131,733.00,"96,023.00"
2020-03-19,2020031901018316,NABIL,41,34,50,732.00,"36,600.00"
2020-03-19,2020031901018315,NABIL,41,22,590,732.00,"431,880.00"
2020-03-19,2020031901018314,NABIL,41,6,229,731.00,"167,399.00"
2020-03-19,2020031901018679,NADEP,19,6,27,555.00,"14,985.00"
2020-03-19,2020031901018678,NADEP,19,32,23,554.00,"12,742.00"
2020-03-19,2020031901018420,NBB,33,43,366,199.00,"72,834.00"
2020-03-19,2020031901018397,NBB,19,43,500,199.00,"99,500.00"
2020-03-19,2020031901018304,NBB,38,43,134,199.00,"26,666.00"
2020-03-19,2020031901018773,NBL,33,49,50,260.00,"13,000.00"
2020-03-19,2020031901018469,NBL,44,49,350,260.00,"91,000.00"
2020-03-19,2020031901018468,NBL,44,36,50,260.00,"13,000.00"
2020-03-19,2020031901018467,NBL,44,32,100,260.00,"26,000.00"
2020-03-19,2020031901018466,NBL,44,19,"1,000",259.00,"259,000.00"
2020-03-19,2020031901018458,NBL,59,49,343,258.00,"88,494.00"
2020-03-19,2020031901018356,NBL,59,36,100,258.00,"25,800.00"
2020-03-19,2020031901018355,NBL,59,28,"1,000",258.00,"258,000.00"
2020-03-19,2020031901018354,NBL,59,22,57,258.00,"14,706.00"
2020-03-19,2020031901018759,NCCB,58,58,10,190.00,"1,900.00"
2020-03-19,2020031901018686,NCCB,58,58,10,187.00,"1,870.00"
2020-03-19,2020031901018636,NCCB,58,1,300,184.00,"55,200.00"
2020-03-19,2020031901018635,NCCB,58,35,885,184.00,"162,840.00"
2020-03-19,2020031901018634,NCCB,58,53,250,184.00,"46,000.00"
2020-03-19,2020031901018633,NCCB,58,57,100,183.00,"18,300.00"
2020-03-19,2020031901018620,NCCB,58,42,500,182.00,"91,000.00"
2020-03-19,2020031901018619,NCCB,58,45,101,181.00,"18,281.00"
2020-03-19,2020031901018618,NCCB,58,25,"2,000",181.00,"362,000.00"
2020-03-19,2020031901018626,NCCB,58,11,"1,000",183.00,"183,000.00"
2020-03-19,2020031901018625,NCCB,58,33,190,183.00,"34,770.00"
2020-03-19,2020031901018624,NCCB,58,7,500,182.00,"91,000.00"
2020-03-19,2020031901018623,NCCB,58,25,637,182.00,"115,934.00"
2020-03-19,2020031901018622,NCCB,58,16,400,182.00,"72,800.00"
2020-03-19,2020031901018621,NCCB,58,49,500,182.00,"91,000.00"
2020-03-19,2020031901018632,NCCB,58,21,200,183.00,"36,600.00"
2020-03-19,2020031901018631,NCCB,58,21,200,183.00,"36,600.00"
2020-03-19,2020031901018630,NCCB,58,50,299,183.00,"54,717.00"
2020-03-19,2020031901018629,NCCB,58,50,300,183.00,"54,900.00"
2020-03-19,2020031901018628,NCCB,58,55,"1,000",183.00,"183,000.00"
2020-03-19,2020031901018627,NCCB,58,49,"1,000",183.00,"183,000.00"
2020-03-19,2020031901018565,NHDL,33,25,10,117.00,"1,170.00"
2020-03-19,2020031901018495,NHDL,49,33,400,119.00,"47,600.00"
2020-03-19,2020031901018766,NHPC,33,34,10,51.00,510.00
2020-03-19,2020031901018455,NHPC,1,48,"1,000",50.00,"50,000.00"
2020-03-19,2020031901018344,NHPC,58,14,200,51.00,"10,200.00"
2020-03-19,2020031901018343,NHPC,36,14,"1,000",51.00,"51,000.00"
2020-03-19,2020031901018342,NHPC,45,14,"1,000",51.00,"51,000.00"
2020-03-19,2020031901018341,NHPC,8,14,200,51.00,"10,200.00"
2020-03-19,2020031901018340,NHPC,34,14,500,51.00,"25,500.00"
2020-03-19,2020031901018339,NHPC,11,14,180,51.00,"9,180.00"
2020-03-19,2020031901018445,NIB,55,34,79,379.00,"29,941.00"
2020-03-19,2020031901018444,NIB,13,34,11,379.00,"4,169.00"
2020-03-19,2020031901018443,NIB,57,34,500,380.00,"190,000.00"
2020-03-19,2020031901018729,NIBLPF,34,17,"11,010",7.70,"84,777.00"
2020-03-19,2020031901018765,NIBPO,58,52,20,348.00,"6,960.00"
2020-03-19,2020031901018764,NIBPO,58,53,200,348.00,"69,600.00"
2020-03-19,2020031901018763,NIBPO,58,14,40,348.00,"13,920.00"
2020-03-19,2020031901018762,NIBPO,58,14,50,345.00,"17,250.00"
2020-03-19,2020031901018761,NIBPO,58,14,200,343.00,"68,600.00"
2020-03-19,2020031901018760,NIBPO,58,6,290,342.00,"99,180.00"
2020-03-19,2020031901018483,NIBPO,6,6,10,342.00,"3,420.00"
2020-03-19,2020031901018716,NICA,25,28,50,509.00,"25,450.00"
2020-03-19,2020031901018673,NICA,50,33,881,507.00,"446,667.00"
2020-03-19,2020031901018672,NICA,58,33,"1,000",507.00,"507,000.00"
2020-03-19,2020031901018671,NICA,42,33,300,507.00,"152,100.00"
2020-03-19,2020031901018670,NICA,51,33,399,507.00,"202,293.00"
2020-03-19,2020031901018554,NICA,10,33,420,510.00,"214,200.00"
2020-03-19,2020031901018553,NICA,10,7,50,510.00,"25,500.00"
2020-03-19,2020031901018552,NICA,10,45,500,510.00,"255,000.00"
2020-03-19,2020031901018551,NICA,10,13,30,509.00,"15,270.00"
2020-03-19,2020031901018417,NICA,51,59,101,507.00,"51,207.00"
2020-03-19,2020031901018333,NICA,38,38,200,509.00,"101,800.00"
2020-03-19,2020031901018384,NICL,40,21,230,345.00,"79,350.00"
2020-03-19,2020031901018448,NICL,11,45,10,349.00,"3,490.00"
2020-03-19,2020031901018447,NICL,11,52,490,349.00,"171,010.00"
2020-03-19,2020031901018381,NIL,55,58,139,486.00,"67,554.00"
2020-03-19,2020031901018380,NIL,41,58,100,486.00,"48,600.00"
2020-03-19,2020031901018379,NIL,44,58,300,486.00,"145,800.00"
2020-03-19,2020031901018378,NIL,49,58,461,486.00,"224,046.00"
2020-03-19,2020031901018364,NLBBL,49,26,29,651.00,"18,879.00"
2020-03-19,2020031901018357,NLBBL,49,28,100,651.00,"65,100.00"
2020-03-19,2020031901018616,NLG,40,8,200,545.00,"109,000.00"
2020-03-19,2020031901018532,NLG,8,57,16,546.00,"8,736.00"
2020-03-19,2020031901018682,NLIC,29,41,991,"1,059.00","1,049,469.00"
2020-03-19,2020031901018681,NLIC,37,41,100,"1,059.00","105,900.00"
2020-03-19,2020031901018610,NLIC,1,59,20,"1,058.00","21,160.00"
2020-03-19,2020031901018534,NLIC,56,44,80,"1,055.00","84,400.00"
2020-03-19,2020031901018517,NLIC,1,44,120,"1,055.00","126,600.00"
2020-03-19,2020031901018515,NLIC,1,44,100,"1,055.00","105,500.00"
2020-03-19,2020031901018345,NLIC,14,39,200,"1,057.00","211,400.00"
2020-03-19,2020031901018319,NLIC,14,34,105,"1,057.00","110,985.00"
2020-03-19,2020031901018488,NLIC,17,59,30,"1,058.00","31,740.00"
2020-03-19,2020031901018487,NLIC,17,34,70,"1,058.00","74,060.00"
2020-03-19,2020031901018442,NLIC,6,26,151,"1,055.00","159,305.00"
2020-03-19,2020031901018441,NLIC,14,26,195,"1,057.00","206,115.00"
2020-03-19,2020031901018436,NLIC,54,34,130,"1,058.00","137,540.00"
2020-03-19,2020031901018435,NLIC,54,56,70,"1,058.00","74,060.00"
2020-03-19,2020031901018549,NLICL,1,51,84,587.00,"49,308.00"
2020-03-19,2020031901018432,NLICL,1,5,16,587.00,"9,392.00"
2020-03-19,2020031901018687,NMB,35,14,95,386.00,"36,670.00"
2020-03-19,2020031901018593,NMB,59,14,"3,000",386.00,"1,158,000.00"
2020-03-19,2020031901018592,NMB,57,14,500,386.00,"193,000.00"
2020-03-19,2020031901018591,NMB,49,14,"2,000",386.00,"772,000.00"
2020-03-19,2020031901018590,NMB,58,14,40,386.00,"15,440.00"
2020-03-19,2020031901018589,NMB,42,14,75,386.00,"28,950.00"
2020-03-19,2020031901018335,NMB,41,58,860,388.00,"333,680.00"
2020-03-19,2020031901018463,NMB,49,45,15,389.00,"5,835.00"
2020-03-19,2020031901018450,NMB,49,45,300,389.00,"116,700.00"
2020-03-19,2020031901018421,NMB,6,42,100,387.00,"38,700.00"
2020-03-19,2020031901018338,NMB,41,33,588,390.00,"229,320.00"
2020-03-19,2020031901018337,NMB,41,4,452,389.00,"175,828.00"
2020-03-19,2020031901018336,NMB,41,59,100,388.00,"38,800.00"
2020-03-19,2020031901018582,NMB,11,14,200,387.00,"77,400.00"
2020-03-19,2020031901018581,NMB,7,14,40,387.00,"15,480.00"
2020-03-19,2020031901018580,NMB,6,14,400,387.00,"154,800.00"
2020-03-19,2020031901018573,NMB,42,21,50,388.00,"19,400.00"
2020-03-19,2020031901018550,NMB,45,45,135,389.00,"52,515.00"
2020-03-19,2020031901018465,NMB,11,45,50,389.00,"19,450.00"
2020-03-19,2020031901018588,NMB,38,14,"1,000",386.00,"386,000.00"
2020-03-19,2020031901018587,NMB,29,14,300,386.00,"115,800.00"
2020-03-19,2020031901018586,NMB,45,14,200,386.00,"77,200.00"
2020-03-19,2020031901018585,NMB,39,14,50,387.00,"19,350.00"
2020-03-19,2020031901018584,NMB,45,14,100,387.00,"38,700.00"
2020-03-19,2020031901018583,NMB,29,14,"1,000",387.00,"387,000.00"
2020-03-19,2020031901018684,NMBMF,16,58,115,770.00,"88,550.00"
2020-03-19,2020031901018471,NMBMF,5,58,85,770.00,"65,450.00"
2020-03-19,2020031901018470,NMBMF,5,45,15,770.00,"11,550.00"
2020-03-19,2020031901018334,NMFBS,33,33,10,"1,581.00","15,810.00"
2020-03-19,2020031901018394,NSEWA,36,17,10,591.00,"5,910.00"
2020-03-19,2020031901018393,NSEWA,16,17,150,591.00,"88,650.00"
2020-03-19,2020031901018392,NSEWA,26,17,50,592.00,"29,600.00"
2020-03-19,2020031901018391,NSEWA,26,17,20,592.00,"11,840.00"
2020-03-19,2020031901018390,NSEWA,26,17,20,592.00,"11,840.00"
2020-03-19,2020031901018389,NSEWA,17,17,10,592.00,"5,920.00"
2020-03-19,2020031901018388,NSEWA,58,17,100,594.00,"59,400.00"
2020-03-19,2020031901018387,NSEWA,22,17,300,595.00,"178,500.00"
2020-03-19,2020031901018386,NSEWA,36,17,50,595.00,"29,750.00"
2020-03-19,2020031901018563,NUBL,45,6,50,910.00,"45,500.00"
2020-03-19,2020031901018562,NUBL,45,57,50,909.00,"45,450.00"
2020-03-19,2020031901018516,PCBL,51,34,200,264.00,"52,800.00"
2020-03-19,2020031901018507,PCBL,36,13,100,260.00,"26,000.00"
2020-03-19,2020031901018506,PCBL,42,13,110,260.00,"28,600.00"
2020-03-19,2020031901018505,PCBL,6,13,100,261.00,"26,100.00"
2020-03-19,2020031901018313,PCBL,32,42,932,263.00,"245,116.00"
2020-03-19,2020031901018312,PCBL,32,13,500,263.00,"131,500.00"
2020-03-19,2020031901018617,PFL,13,22,300,150.00,"45,000.00"
2020-03-19,2020031901018486,PIC,28,49,100,498.00,"49,800.00"
2020-03-19,2020031901018452,PIC,28,50,100,498.00,"49,800.00"
2020-03-19,2020031901018451,PIC,6,50,400,498.00,"199,200.00"
2020-03-19,2020031901018423,PIC,48,38,48,500.00,"24,000.00"
2020-03-19,2020031901018422,PIC,48,34,52,500.00,"26,000.00"
2020-03-19,2020031901018398,PIC,48,34,30,500.00,"15,000.00"
2020-03-19,2020031901018691,PICL,44,58,100,390.00,"39,000.00"
2020-03-19,2020031901018675,PLIC,19,44,71,520.00,"36,920.00"
2020-03-19,2020031901018612,PLIC,19,25,200,520.00,"104,000.00"
2020-03-19,2020031901018599,PLIC,19,32,100,520.00,"52,000.00"
2020-03-19,2020031901018598,PLIC,19,45,200,520.00,"104,000.00"
2020-03-19,2020031901018597,PLIC,19,1,345,520.00,"179,400.00"
2020-03-19,2020031901018596,PLIC,19,21,84,520.00,"43,680.00"
2020-03-19,2020031901018668,PRIN,45,14,125,364.00,"45,500.00"
2020-03-19,2020031901018726,PRVU,26,32,100,226.00,"22,600.00"
2020-03-19,2020031901018725,PRVU,26,32,100,226.00,"22,600.00"
2020-03-19,2020031901018724,PRVU,43,32,150,226.00,"33,900.00"
2020-03-19,2020031901018723,PRVU,10,32,"1,000",226.00,"226,000.00"
2020-03-19,2020031901018722,PRVU,14,32,100,226.00,"22,600.00"
2020-03-19,2020031901018556,PRVU,57,34,300,227.00,"68,100.00"
2020-03-19,2020031901018491,PRVU,45,34,143,227.00,"32,461.00"
2020-03-19,2020031901018490,PRVU,45,35,57,227.00,"12,939.00"
2020-03-19,2020031901018721,PRVU,6,32,40,226.00,"9,040.00"
2020-03-19,2020031901018720,PRVU,14,32,200,226.00,"45,200.00"
2020-03-19,2020031901018719,PRVU,14,32,50,226.00,"11,300.00"
2020-03-19,2020031901018718,PRVU,58,32,100,226.00,"22,600.00"
2020-03-19,2020031901018717,PRVU,22,32,200,226.00,"45,200.00"
2020-03-19,2020031901018605,PRVU,36,34,500,227.00,"113,500.00"
2020-03-19,2020031901018494,RADHI,38,22,10,172.00,"1,720.00"
2020-03-19,2020031901018497,RBCL,33,41,10,"8,900.00","89,000.00"
2020-03-19,2020031901018464,RBCL,33,41,10,"8,900.00","89,000.00"
2020-03-19,2020031901018647,RHPL,37,7,120,151.00,"18,120.00"
2020-03-19,2020031901018646,RHPL,37,57,20,151.00,"3,020.00"
2020-03-19,2020031901018363,RMDC,48,55,37,615.00,"22,755.00"
2020-03-19,2020031901018375,RSDC,39,48,90,440.00,"39,600.00"
2020-03-19,2020031901018374,RSDC,49,48,10,440.00,"4,400.00"
2020-03-19,2020031901018564,SADBL,19,41,500,142.00,"71,000.00"
2020-03-19,2020031901018699,SANIMA,52,13,50,320.00,"16,000.00"
2020-03-19,2020031901018698,SANIMA,58,13,100,320.00,"32,000.00"
2020-03-19,2020031901018697,SANIMA,58,13,220,320.00,"70,400.00"
2020-03-19,2020031901018602,SANIMA,45,13,20,324.00,"6,480.00"
2020-03-19,2020031901018509,SANIMA,44,13,10,324.00,"3,240.00"
2020-03-19,2020031901018300,SANIMA,58,13,80,320.00,"25,600.00"
2020-03-19,2020031901018299,SANIMA,22,13,500,320.00,"160,000.00"
2020-03-19,2020031901018298,SANIMA,29,13,256,320.00,"81,920.00"
2020-03-19,2020031901018748,SAPDBL,32,4,"2,000",114.00,"228,000.00"
2020-03-19,2020031901018747,SAPDBL,59,4,500,114.00,"57,000.00"
2020-03-19,2020031901018746,SAPDBL,10,4,100,114.00,"11,400.00"
2020-03-19,2020031901018745,SAPDBL,4,4,200,114.00,"22,800.00"
2020-03-19,2020031901018744,SAPDBL,1,4,"1,000",114.00,"114,000.00"
2020-03-19,2020031901018743,SAPDBL,19,4,100,114.00,"11,400.00"
2020-03-19,2020031901018410,SAPDBL,56,4,100,119.00,"11,900.00"
2020-03-19,2020031901018409,SAPDBL,26,4,37,120.00,"4,440.00"
2020-03-19,2020031901018416,SAPDBL,20,4,50,118.00,"5,900.00"
2020-03-19,2020031901018415,SAPDBL,8,4,55,118.00,"6,490.00"
2020-03-19,2020031901018414,SAPDBL,33,4,200,118.00,"23,600.00"
2020-03-19,2020031901018413,SAPDBL,33,4,200,118.00,"23,600.00"
2020-03-19,2020031901018412,SAPDBL,43,4,207,118.00,"24,426.00"
2020-03-19,2020031901018411,SAPDBL,56,4,100,119.00,"11,900.00"
2020-03-19,2020031901018477,SAPDBL,1,4,200,116.00,"23,200.00"
2020-03-19,2020031901018476,SAPDBL,55,4,32,116.00,"3,712.00"
2020-03-19,2020031901018475,SAPDBL,35,4,100,116.00,"11,600.00"
2020-03-19,2020031901018474,SAPDBL,52,4,250,117.00,"29,250.00"
2020-03-19,2020031901018473,SAPDBL,29,4,"1,000",117.00,"117,000.00"
2020-03-19,2020031901018472,SAPDBL,49,4,100,117.00,"11,700.00"
2020-03-19,2020031901018567,SAPDBL,45,4,"1,000",115.00,"115,000.00"
2020-03-19,2020031901018566,SAPDBL,1,4,500,115.00,"57,500.00"
2020-03-19,2020031901018481,SAPDBL,1,4,800,116.00,"92,800.00"
2020-03-19,2020031901018480,SAPDBL,16,4,"1,000",116.00,"116,000.00"
2020-03-19,2020031901018479,SAPDBL,52,4,50,116.00,"5,800.00"
2020-03-19,2020031901018478,SAPDBL,46,4,"1,000",116.00,"116,000.00"
2020-03-19,2020031901018736,SAPDBL,35,4,"2,000",114.00,"228,000.00"
2020-03-19,2020031901018735,SAPDBL,59,4,500,115.00,"57,500.00"
2020-03-19,2020031901018734,SAPDBL,55,4,34,115.00,"3,910.00"
2020-03-19,2020031901018733,SAPDBL,29,4,781,115.00,"89,815.00"
2020-03-19,2020031901018569,SAPDBL,29,4,219,115.00,"25,185.00"
2020-03-19,2020031901018568,SAPDBL,1,4,800,115.00,"92,000.00"
2020-03-19,2020031901018742,SAPDBL,35,4,"1,000",114.00,"114,000.00"
2020-03-19,2020031901018741,SAPDBL,46,4,"1,000",114.00,"114,000.00"
2020-03-19,2020031901018740,SAPDBL,1,4,"1,000",114.00,"114,000.00"
2020-03-19,2020031901018739,SAPDBL,34,4,200,114.00,"22,800.00"
2020-03-19,2020031901018738,SAPDBL,52,4,100,114.00,"11,400.00"
2020-03-19,2020031901018737,SAPDBL,1,4,"1,000",114.00,"114,000.00"
2020-03-19,2020031901018732,SBI,19,38,19,420.00,"7,980.00"
2020-03-19,2020031901018504,SBI,19,55,40,420.00,"16,800.00"
2020-03-19,2020031901018503,SBI,19,56,45,420.00,"18,900.00"
2020-03-19,2020031901018502,SBI,19,52,25,420.00,"10,500.00"
2020-03-19,2020031901018501,SBI,19,16,100,419.00,"41,900.00"
2020-03-19,2020031901018500,SBI,19,41,50,418.00,"20,900.00"
2020-03-19,2020031901018499,SBI,19,45,15,418.00,"6,270.00"
2020-03-19,2020031901018498,SBI,19,52,25,418.00,"10,450.00"
2020-03-19,2020031901018557,SBL,29,47,33,292.00,"9,636.00"
2020-03-19,2020031901018370,SBL,49,13,49,292.00,"14,308.00"
2020-03-19,2020031901018369,SBL,45,13,200,292.00,"58,400.00"
2020-03-19,2020031901018368,SBL,14,13,10,292.00,"2,920.00"
2020-03-19,2020031901018367,SBL,57,13,200,292.00,"58,400.00"
2020-03-19,2020031901018541,SCB,50,49,50,604.00,"30,200.00"
2020-03-19,2020031901018519,SDESI,34,5,27,788.00,"21,276.00"
2020-03-19,2020031901018611,SHINE,57,38,100,260.00,"26,000.00"
2020-03-19,2020031901018774,SHIVM,59,16,300,500.00,"150,000.00"
2020-03-19,2020031901018757,SHIVM,59,10,300,500.00,"150,000.00"
2020-03-19,2020031901018756,SHIVM,14,10,100,501.00,"50,100.00"
2020-03-19,2020031901018727,SHIVM,59,32,100,500.00,"50,000.00"
2020-03-19,2020031901018694,SHIVM,59,4,639,500.00,"319,500.00"
2020-03-19,2020031901018693,SHIVM,47,4,100,500.00,"50,000.00"
2020-03-19,2020031901018385,SHIVM,58,7,100,501.00,"50,100.00"
2020-03-19,2020031901018326,SHIVM,58,19,100,501.00,"50,100.00"
2020-03-19,2020031901018303,SHIVM,58,19,214,501.00,"107,214.00"
2020-03-19,2020031901018537,SHIVM,14,49,200,500.00,"100,000.00"
2020-03-19,2020031901018536,SHIVM,57,49,96,501.00,"48,096.00"
2020-03-19,2020031901018535,SHIVM,57,34,20,501.00,"10,020.00"
2020-03-19,2020031901018523,SHIVM,57,52,14,501.00,"7,014.00"
2020-03-19,2020031901018522,SHIVM,1,52,300,501.00,"150,300.00"
2020-03-19,2020031901018521,SHIVM,58,52,186,501.00,"93,186.00"
2020-03-19,2020031901018692,SHIVM,55,4,261,500.00,"130,500.00"
2020-03-19,2020031901018576,SHIVM,55,57,39,500.00,"19,500.00"
2020-03-19,2020031901018575,SHIVM,49,57,461,500.00,"230,500.00"
2020-03-19,2020031901018540,SHIVM,49,49,539,500.00,"269,500.00"
2020-03-19,2020031901018539,SHIVM,41,49,100,500.00,"50,000.00"
2020-03-19,2020031901018538,SHIVM,38,49,65,500.00,"32,500.00"
2020-03-19,2020031901018792,SICL,49,53,25,842.00,"21,050.00"
2020-03-19,2020031901018791,SICL,29,53,75,842.00,"63,150.00"
2020-03-19,2020031901018396,SIL,25,40,10,460.00,"4,600.00"
2020-03-19,2020031901018395,SIL,25,41,15,458.00,"6,870.00"
2020-03-19,2020031901018351,SIL,45,58,180,457.00,"82,260.00"
2020-03-19,2020031901018561,SINDU,26,58,268,127.00,"34,036.00"
2020-03-19,2020031901018560,SINDU,34,58,200,127.00,"25,400.00"
2020-03-19,2020031901018559,SINDU,21,58,40,127.00,"5,080.00"
2020-03-19,2020031901018558,SINDU,55,58,13,128.00,"1,664.00"
2020-03-19,2020031901018493,SKBBL,26,59,197,"1,004.00","197,788.00"
2020-03-19,2020031901018492,SKBBL,26,34,53,"1,004.00","53,212.00"
2020-03-19,2020031901018786,SLBBL,34,37,43,790.00,"33,970.00"
2020-03-19,2020031901018785,SLBBL,34,57,200,785.00,"157,000.00"
2020-03-19,2020031901018365,SLBBL,55,49,107,775.00,"82,925.00"
2020-03-19,2020031901018778,SLBBL,34,41,107,775.00,"82,925.00"
2020-03-19,2020031901018489,SLBBL,55,41,893,775.00,"692,075.00"
2020-03-19,2020031901018784,SLBBL,34,58,500,785.00,"392,500.00"
2020-03-19,2020031901018783,SLBBL,34,45,50,783.00,"39,150.00"
2020-03-19,2020031901018782,SLBBL,34,32,25,779.00,"19,475.00"
2020-03-19,2020031901018781,SLBBL,34,28,13,777.00,"10,101.00"
2020-03-19,2020031901018780,SLBBL,34,21,124,775.00,"96,100.00"
2020-03-19,2020031901018779,SLBBL,34,17,63,775.00,"48,825.00"
2020-03-19,2020031901018674,SLICL,39,57,200,372.00,"74,400.00"
2020-03-19,2020031901018637,SLICL,16,59,50,373.00,"18,650.00"
2020-03-19,2020031901018514,SLICL,16,34,50,373.00,"18,650.00"
2020-03-19,2020031901018513,SLICL,57,34,50,373.00,"18,650.00"
2020-03-19,2020031901018615,SMATA,34,45,17,673.00,"11,441.00"
2020-03-19,2020031901018614,SMATA,34,7,23,660.00,"15,180.00"
2020-03-19,2020031901018485,SMATA,45,7,30,660.00,"19,800.00"
2020-03-19,2020031901018457,SPARS,41,7,50,707.00,"35,350.00"
2020-03-19,2020031901018752,SRBL,49,22,30,240.00,"7,200.00"
2020-03-19,2020031901018731,STC,5,45,15,"2,440.00","36,600.00"
2020-03-19,2020031901018545,STC,5,38,10,"2,391.00","23,910.00"
2020-03-19,2020031901018544,STC,52,38,20,"2,435.00","48,700.00"
2020-03-19,2020031901018613,UIC,20,1,62,307.00,"19,034.00"
2020-03-19,2020031901018533,UIC,51,1,318,310.00,"98,580.00"
2020-03-19,2020031901018372,UIC,51,5,176,314.00,"55,264.00"
2020-03-19,2020031901018371,UIC,51,35,20,313.00,"6,260.00"
2020-03-19,2020031901018640,UPPER,41,32,600,230.00,"138,000.00"
2020-03-19,2020031901018434,UPPER,49,38,325,228.00,"74,100.00"
2020-03-19,2020031901018433,UPPER,51,38,75,228.00,"17,100.00"
2020-03-19,2020031901018288,ADBL,41,35,10,376.00,"3,760.00"
2020-03-19,2020031901018231,ADBL,41,10,190,376.00,"71,440.00"
2020-03-19,2020031901018236,AKPL,49,49,"1,000",113.00,"113,000.00"
2020-03-19,2020031901018150,AKPL,17,49,100,113.00,"11,300.00"
2020-03-19,2020031901018149,AKPL,13,49,500,113.00,"56,500.00"
2020-03-19,2020031901018148,AKPL,7,49,487,113.00,"55,031.00"
2020-03-19,2020031901017805,AKPL,7,36,13,113.00,"1,469.00"
2020-03-19,2020031901018065,ALBSL,54,29,100,615.00,"61,500.00"
2020-03-19,2020031901017821,ALBSL,8,29,100,615.00,"61,500.00"
2020-03-19,2020031901018086,BARUN,25,51,10,85.00,850.00
2020-03-19,2020031901018085,BARUN,25,36,300,85.00,"25,500.00"
2020-03-19,2020031901018285,BOKL,45,57,214,223.00,"47,722.00"
2020-03-19,2020031901018284,BOKL,45,45,786,223.00,"175,278.00"
2020-03-19,2020031901018183,CBL,16,56,969,141.00,"136,629.00"
2020-03-19,2020031901018182,CBL,16,14,500,141.00,"70,500.00"
2020-03-19,2020031901018181,CBL,16,48,800,141.00,"112,800.00"
2020-03-19,2020031901018061,CCBL,51,4,50,162.00,"8,100.00"
2020-03-19,2020031901018060,CCBL,51,35,"1,000",162.00,"162,000.00"
2020-03-19,2020031901018059,CCBL,51,26,"2,000",162.00,"324,000.00"
2020-03-19,2020031901018058,CCBL,51,41,50,162.00,"8,100.00"
2020-03-19,2020031901018057,CCBL,51,4,50,161.00,"8,050.00"
2020-03-19,2020031901018056,CCBL,51,7,286,161.00,"46,046.00"
2020-03-19,2020031901018055,CCBL,51,19,"1,300",161.00,"209,300.00"
2020-03-19,2020031901018052,CCBL,35,21,400,159.00,"63,600.00"
2020-03-19,2020031901018265,CIT,48,6,10,"2,469.00","24,690.00"
2020-03-19,2020031901017948,CLBSL,7,8,25,999.00,"24,975.00"
2020-03-19,2020031901017842,CLBSL,7,25,45,999.00,"44,955.00"
2020-03-19,2020031901017841,CLBSL,10,25,55,"1,000.00","55,000.00"
2020-03-19,2020031901017840,CLBSL,40,25,100,"1,000.00","100,000.00"
2020-03-19,2020031901018135,CZBIL,38,38,28,184.00,"5,152.00"
2020-03-19,2020031901018027,CZBIL,45,38,500,184.00,"92,000.00"
2020-03-19,2020031901018121,DDBL,39,59,11,758.00,"8,338.00"
2020-03-19,2020031901018136,EBL,14,55,100,637.00,"63,700.00"
2020-03-19,2020031901017969,EBL,10,57,233,636.00,"148,188.00"
2020-03-19,2020031901018276,EDBL,19,52,20,378.00,"7,560.00"
2020-03-19,2020031901018275,EDBL,19,52,100,378.00,"37,800.00"
2020-03-19,2020031901018274,EDBL,45,52,50,378.00,"18,900.00"
2020-03-19,2020031901018096,EDBL,21,36,53,379.00,"20,087.00"
2020-03-19,2020031901018095,EDBL,19,36,30,379.00,"11,370.00"
2020-03-19,2020031901018094,EDBL,35,36,20,380.00,"7,600.00"
2020-03-19,2020031901018230,EIC,51,32,100,339.00,"33,900.00"
2020-03-19,2020031901018229,EIC,51,21,175,339.00,"59,325.00"
2020-03-19,2020031901018228,EIC,51,26,25,338.00,"8,450.00"
2020-03-19,2020031901018026,EIC,48,26,50,338.00,"16,900.00"
2020-03-19,2020031901017920,EIC,48,26,150,338.00,"50,700.00"
2020-03-19,2020031901017919,EIC,39,26,50,338.00,"16,900.00"
2020-03-19,2020031901018195,FMDBL,58,38,100,441.00,"44,100.00"
2020-03-19,2020031901018030,FMDBL,41,53,183,442.00,"80,886.00"
2020-03-19,2020031901018029,FMDBL,8,53,40,445.00,"17,800.00"
2020-03-19,2020031901018028,FMDBL,39,53,100,446.00,"44,600.00"
2020-03-19,2020031901017981,FMDBL,39,57,50,446.00,"22,300.00"
2020-03-19,2020031901017927,FMDBL,8,38,300,445.00,"133,500.00"
2020-03-19,2020031901017832,FMDBL,8,34,100,445.00,"44,500.00"
2020-03-19,2020031901017923,FOWAD,45,44,195,"1,400.00","273,000.00"
2020-03-19,2020031901017922,FOWAD,45,41,39,"1,395.00","54,405.00"
2020-03-19,2020031901017921,FOWAD,45,47,17,"1,395.00","23,715.00"
2020-03-19,2020031901018281,GBIME,34,22,100,256.00,"25,600.00"
2020-03-19,2020031901018280,GBIME,8,22,50,256.00,"12,800.00"
2020-03-19,2020031901018279,GBIME,11,22,561,256.00,"143,616.00"
2020-03-19,2020031901018271,GBIME,11,58,189,256.00,"48,384.00"
2020-03-19,2020031901018260,GBIME,11,49,250,256.00,"64,000.00"
2020-03-19,2020031901018259,GBIME,57,49,50,256.00,"12,800.00"
2020-03-19,2020031901017973,GBIME,8,59,100,256.00,"25,600.00"
2020-03-19,2020031901018273,GBLBS,52,38,35,418.00,"14,630.00"
2020-03-19,2020031901018143,GBLBS,6,34,90,417.00,"37,530.00"
2020-03-19,2020031901018010,GLICL,32,44,100,400.00,"40,000.00"
2020-03-19,2020031901018009,GLICL,39,44,30,400.00,"12,000.00"
2020-03-19,2020031901017838,GLICL,39,33,200,400.00,"80,000.00"
2020-03-19,2020031901017818,GUFL,42,28,"1,420",115.00,"163,300.00"
2020-03-19,2020031901017817,GUFL,52,28,30,115.00,"3,450.00"
2020-03-19,2020031901017816,GUFL,25,28,100,115.00,"11,500.00"
2020-03-19,2020031901017815,GUFL,25,28,100,115.00,"11,500.00"
2020-03-19,2020031901017814,GUFL,50,28,"1,000",116.00,"116,000.00"
2020-03-19,2020031901017813,GUFL,32,28,500,116.00,"58,000.00"
2020-03-19,2020031901017806,GUFL,1,28,100,117.00,"11,700.00"
2020-03-19,2020031901017812,GUFL,1,28,500,116.00,"58,000.00"
2020-03-19,2020031901017811,GUFL,47,28,100,116.00,"11,600.00"
2020-03-19,2020031901017810,GUFL,1,28,300,116.00,"34,800.00"
2020-03-19,2020031901017809,GUFL,46,28,50,116.00,"5,800.00"
2020-03-19,2020031901017808,GUFL,38,28,50,116.00,"5,800.00"
2020-03-19,2020031901017807,GUFL,50,28,500,117.00,"58,500.00"
2020-03-19,2020031901018134,HBL,55,34,72,510.00,"36,720.00"
2020-03-19,2020031901018133,HBL,51,34,100,510.00,"51,000.00"
2020-03-19,2020031901018132,HBL,14,34,50,510.00,"25,500.00"
2020-03-19,2020031901018131,HBL,48,34,50,510.00,"25,500.00"
2020-03-19,2020031901018130,HBL,52,34,18,510.00,"9,180.00"
2020-03-19,2020031901018129,HBL,42,34,10,510.00,"5,100.00"
2020-03-19,2020031901018068,HBL,38,13,100,511.00,"51,100.00"
2020-03-19,2020031901018067,HBL,4,13,10,511.00,"5,110.00"
2020-03-19,2020031901018287,HDL,58,42,40,"1,290.00","51,600.00"
2020-03-19,2020031901018216,HDL,33,16,50,"1,300.00","65,000.00"
2020-03-19,2020031901017961,HDL,33,4,90,"1,300.00","117,000.00"
2020-03-19,2020031901017926,HDL,25,53,100,"1,275.00","127,500.00"
2020-03-19,2020031901017925,HDL,44,53,10,"1,275.00","12,750.00"
2020-03-19,2020031901017918,HDL,6,53,50,"1,275.00","63,750.00"
2020-03-19,2020031901017795,HDL,22,53,100,"1,275.00","127,500.00"
2020-03-19,2020031901017794,HDL,37,53,100,"1,275.00","127,500.00"
2020-03-19,2020031901017793,HDL,56,53,200,"1,275.00","255,000.00"
2020-03-19,2020031901017801,HDL,49,53,100,"1,275.00","127,500.00"
2020-03-19,2020031901017800,HDL,25,53,200,"1,275.00","255,000.00"
2020-03-19,2020031901017799,HDL,25,53,100,"1,275.00","127,500.00"
2020-03-19,2020031901017798,HDL,29,53,200,"1,275.00","255,000.00"
2020-03-19,2020031901017797,HDL,54,53,200,"1,275.00","255,000.00"
2020-03-19,2020031901017796,HDL,36,53,150,"1,275.00","191,250.00"
2020-03-19,2020031901017857,HDL,29,53,500,"1,275.00","637,500.00"
2020-03-19,2020031901017856,HDL,29,53,"2,000","1,275.00","2,550,000.00"
2020-03-19,2020031901017855,HDL,1,53,50,"1,275.00","63,750.00"
2020-03-19,2020031901017854,HDL,58,53,845,"1,275.00","1,077,375.00"
2020-03-19,2020031901017803,HDL,58,53,330,"1,275.00","420,750.00"
2020-03-19,2020031901017802,HDL,44,53,10,"1,275.00","12,750.00"
2020-03-19,2020031901017863,HDL,19,53,500,"1,275.00","637,500.00"
2020-03-19,2020031901017862,HDL,53,53,200,"1,275.00","255,000.00"
2020-03-19,2020031901017861,HDL,53,53,200,"1,275.00","255,000.00"
2020-03-19,2020031901017860,HDL,53,53,200,"1,275.00","255,000.00"
2020-03-19,2020031901017859,HDL,25,53,50,"1,275.00","63,750.00"
2020-03-19,2020031901017858,HDL,34,53,50,"1,275.00","63,750.00"
2020-03-19,2020031901017869,HDL,45,53,100,"1,275.00","127,500.00"
2020-03-19,2020031901017868,HDL,48,53,500,"1,275.00","637,500.00"
2020-03-19,2020031901017867,HDL,38,53,500,"1,275.00","637,500.00"
2020-03-19,2020031901017866,HDL,17,53,"1,000","1,275.00","1,275,000.00"
2020-03-19,2020031901017865,HDL,54,53,200,"1,275.00","255,000.00"
2020-03-19,2020031901017864,HDL,58,53,500,"1,275.00","637,500.00"
2020-03-19,2020031901017875,HDL,25,53,200,"1,275.00","255,000.00"
2020-03-19,2020031901017874,HDL,53,53,50,"1,275.00","63,750.00"
2020-03-19,2020031901017873,HDL,25,53,10,"1,275.00","12,750.00"
2020-03-19,2020031901017872,HDL,37,53,200,"1,275.00","255,000.00"
2020-03-19,2020031901017871,HDL,53,53,50,"1,275.00","63,750.00"
2020-03-19,2020031901017870,HDL,55,53,200,"1,275.00","255,000.00"
2020-03-19,2020031901017881,HDL,53,53,100,"1,275.00","127,500.00"
2020-03-19,2020031901017880,HDL,53,53,200,"1,275.00","255,000.00"
2020-03-19,2020031901017879,HDL,25,53,200,"1,275.00","255,000.00"
2020-03-19,2020031901017878,HDL,14,53,20,"1,275.00","25,500.00"
2020-03-19,2020031901017877,HDL,25,53,200,"1,275.00","255,000.00"
2020-03-19,2020031901017876,HDL,38,53,100,"1,275.00","127,500.00"
2020-03-19,2020031901017887,HDL,29,53,300,"1,275.00","382,500.00"
2020-03-19,2020031901017886,HDL,39,53,50,"1,275.00","63,750.00"
2020-03-19,2020031901017885,HDL,48,53,100,"1,275.00","127,500.00"
2020-03-19,2020031901017884,HDL,45,53,500,"1,275.00","637,500.00"
2020-03-19,2020031901017883,HDL,39,53,50,"1,275.00","63,750.00"
2020-03-19,2020031901017882,HDL,49,53,150,"1,275.00","191,250.00"
2020-03-19,2020031901017893,HDL,39,53,50,"1,275.00","63,750.00"
2020-03-19,2020031901017892,HDL,49,53,200,"1,275.00","255,000.00"
2020-03-19,2020031901017891,HDL,39,53,50,"1,275.00","63,750.00"
2020-03-19,2020031901017890,HDL,39,53,50,"1,275.00","63,750.00"
2020-03-19,2020031901017889,HDL,41,53,30,"1,275.00","38,250.00"
2020-03-19,2020031901017888,HDL,25,53,10,"1,275.00","12,750.00"
2020-03-19,2020031901017899,HDL,54,53,"5,000","1,275.00","6,375,000.00"
2020-03-19,2020031901017898,HDL,4,53,100,"1,275.00","127,500.00"
2020-03-19,2020031901017897,HDL,34,53,20,"1,275.00","25,500.00"
2020-03-19,2020031901017896,HDL,49,53,100,"1,275.00","127,500.00"
2020-03-19,2020031901017895,HDL,49,53,100,"1,275.00","127,500.00"
2020-03-19,2020031901017894,HDL,5,53,200,"1,275.00","255,000.00"
2020-03-19,2020031901017905,HDL,49,53,500,"1,275.00","637,500.00"
2020-03-19,2020031901017904,HDL,38,53,200,"1,275.00","255,000.00"
2020-03-19,2020031901017903,HDL,52,53,200,"1,275.00","255,000.00"
2020-03-19,2020031901017902,HDL,19,53,"1,000","1,275.00","1,275,000.00"
2020-03-19,2020031901017901,HDL,53,53,500,"1,275.00","637,500.00"
2020-03-19,2020031901017900,HDL,49,53,80,"1,275.00","102,000.00"
2020-03-19,2020031901017911,HDL,16,53,100,"1,275.00","127,500.00"
2020-03-19,2020031901017910,HDL,53,53,100,"1,275.00","127,500.00"
2020-03-19,2020031901017909,HDL,6,53,10,"1,275.00","12,750.00"
2020-03-19,2020031901017908,HDL,19,53,200,"1,275.00","255,000.00"
2020-03-19,2020031901017907,HDL,49,53,500,"1,275.00","637,500.00"
2020-03-19,2020031901017906,HDL,53,53,100,"1,275.00","127,500.00"
2020-03-19,2020031901017917,HDL,49,53,20,"1,275.00","25,500.00"
2020-03-19,2020031901017916,HDL,45,53,500,"1,275.00","637,500.00"
2020-03-19,2020031901017915,HDL,25,53,50,"1,275.00","63,750.00"
2020-03-19,2020031901017914,HDL,54,53,20,"1,275.00","25,500.00"
2020-03-19,2020031901017913,HDL,25,53,500,"1,275.00","637,500.00"
2020-03-19,2020031901017912,HDL,59,53,600,"1,275.00","765,000.00"
2020-03-19,2020031901017833,HPPL,39,36,20,136.00,"2,720.00"
2020-03-19,2020031901017958,ICFC,57,26,987,170.00,"167,790.00"
2020-03-19,2020031901017957,ICFC,57,55,105,170.00,"17,850.00"
2020-03-19,2020031901017956,ICFC,57,57,500,169.00,"84,500.00"
2020-03-19,2020031901017955,ICFC,57,17,320,169.00,"54,080.00"
2020-03-19,2020031901017954,ICFC,57,17,235,169.00,"39,715.00"
2020-03-19,2020031901017953,ICFC,57,17,84,169.00,"14,196.00"
2020-03-19,2020031901017952,ICFC,57,45,269,168.00,"45,192.00"
2020-03-19,2020031901018258,IGI,38,34,50,350.00,"17,500.00"
2020-03-19,2020031901018257,IGI,10,34,225,350.00,"78,750.00"
2020-03-19,2020031901018103,IGI,21,34,100,353.00,"35,300.00"
2020-03-19,2020031901018153,ILBS,34,13,10,680.00,"6,800.00"
2020-03-19,2020031901018152,ILBS,34,51,10,680.00,"6,800.00"
2020-03-19,2020031901018151,ILBS,34,41,10,675.00,"6,750.00"
2020-03-19,2020031901018093,ILBS,34,14,200,670.00,"134,000.00"
2020-03-19,2020031901018092,ILBS,34,42,10,669.00,"6,690.00"
2020-03-19,2020031901018091,ILBS,34,52,200,669.00,"133,800.00"
2020-03-19,2020031901018090,ILBS,34,38,100,668.00,"66,800.00"
2020-03-19,2020031901017992,JBBL,43,58,37,170.00,"6,290.00"
2020-03-19,2020031901018172,KBL,26,36,100,185.00,"18,500.00"
2020-03-19,2020031901018036,KBL,38,36,100,185.00,"18,500.00"
2020-03-19,2020031901017994,KBL,45,36,500,185.00,"92,500.00"
2020-03-19,2020031901018244,KMCDB,49,25,10,751.00,"7,510.00"
2020-03-19,2020031901018042,KMCDB,49,7,50,737.00,"36,850.00"
2020-03-19,2020031901017933,KPCL,52,36,10,98.00,980.00
2020-03-19,2020031901018098,LBBL,8,57,300,176.00,"52,800.00"
2020-03-19,2020031901017932,LBBL,22,51,100,178.00,"17,800.00"
2020-03-19,2020031901018272,LBL,14,35,70,207.00,"14,490.00"
2020-03-19,2020031901017962,LBL,14,36,18,207.00,"3,726.00"
2020-03-19,2020031901018192,LGIL,49,22,100,401.00,"40,100.00"
2020-03-19,2020031901017959,LICN,25,56,10,"1,199.00","11,990.00"
2020-03-19,2020031901018089,MBL,32,32,20,218.00,"4,360.00"
2020-03-19,2020031901018083,MBL,52,32,500,218.00,"109,000.00"
2020-03-19,2020031901018082,MBL,13,32,500,218.00,"109,000.00"
2020-03-19,2020031901018081,MBL,59,32,100,218.00,"21,800.00"
2020-03-19,2020031901018080,MBL,32,32,200,218.00,"43,600.00"
2020-03-19,2020031901018079,MBL,14,32,100,218.00,"21,800.00"
2020-03-19,2020031901018078,MBL,22,32,100,218.00,"21,800.00"
2020-03-19,2020031901018077,MBL,41,32,200,219.00,"43,800.00"
2020-03-19,2020031901018076,MBL,41,32,115,219.00,"25,185.00"
2020-03-19,2020031901018173,MEGA,43,36,10,205.00,"2,050.00"
2020-03-19,2020031901018154,MEGA,33,33,100,204.00,"20,400.00"
2020-03-19,2020031901018218,MERO,6,35,11,550.00,"6,050.00"
2020-03-19,2020031901018071,MERO,6,58,109,550.00,"59,950.00"
2020-03-19,2020031901018211,MLBBL,39,29,100,615.00,"61,500.00"
2020-03-19,2020031901018210,MLBBL,17,29,100,615.00,"61,500.00"
2020-03-19,2020031901018209,MLBBL,34,29,10,616.00,"6,160.00"
2020-03-19,2020031901017972,MLBL,32,36,96,194.00,"18,624.00"
2020-03-19,2020031901018270,MNBBL,45,34,500,300.00,"150,000.00"
2020-03-19,2020031901018268,MNBBL,45,45,200,300.00,"60,000.00"
2020-03-19,2020031901018267,MNBBL,41,45,100,300.00,"30,000.00"
2020-03-19,2020031901018266,MNBBL,3,45,200,300.00,"60,000.00"
2020-03-19,2020031901018202,MNBBL,3,13,300,300.00,"90,000.00"
2020-03-19,2020031901018141,MNBBL,42,42,50,301.00,"15,050.00"
2020-03-19,2020031901018102,MNBBL,48,16,20,300.00,"6,000.00"
2020-03-19,2020031901018292,NABIL,45,6,23,731.00,"16,813.00"
2020-03-19,2020031901018291,NABIL,45,6,30,731.00,"21,930.00"
2020-03-19,2020031901018290,NABIL,11,6,15,731.00,"10,965.00"
2020-03-19,2020031901018224,NABIL,11,13,85,731.00,"62,135.00"
2020-03-19,2020031901017970,NABIL,6,3,151,730.00,"110,230.00"
2020-03-19,2020031901017943,NABIL,6,13,44,730.00,"32,120.00"
2020-03-19,2020031901017837,NABIL,6,39,105,730.00,"76,650.00"
2020-03-19,2020031901018191,NBB,38,59,550,199.00,"109,450.00"
2020-03-19,2020031901018190,NBB,32,59,150,199.00,"29,850.00"
2020-03-19,2020031901018189,NBB,13,59,500,199.00,"99,500.00"
2020-03-19,2020031901018188,NBB,26,59,200,199.00,"39,800.00"
2020-03-19,2020031901018187,NBB,10,59,100,199.00,"19,900.00"
2020-03-19,2020031901018235,NBL,22,22,130,258.00,"33,540.00"
2020-03-19,2020031901018234,NBL,22,45,300,258.00,"77,400.00"
2020-03-19,2020031901018233,NBL,22,44,70,258.00,"18,060.00"
2020-03-19,2020031901018197,NBL,6,49,300,257.00,"77,100.00"
2020-03-19,2020031901018196,NBL,6,21,347,257.00,"89,179.00"
2020-03-19,2020031901018101,NBL,21,21,250,257.00,"64,250.00"
2020-03-19,2020031901017924,NBL,51,21,300,257.00,"77,100.00"
2020-03-19,2020031901017849,NBL,33,21,500,257.00,"128,500.00"
2020-03-19,2020031901017997,NBL,26,21,100,257.00,"25,700.00"
2020-03-19,2020031901017991,NBL,13,47,243,256.00,"62,208.00"
2020-03-19,2020031901017990,NBL,33,47,257,256.00,"65,792.00"
2020-03-19,2020031901017967,NBL,59,21,300,257.00,"77,100.00"
2020-03-19,2020031901017937,NBL,45,21,400,257.00,"102,800.00"
2020-03-19,2020031901017934,NBL,59,21,"1,500",257.00,"385,500.00"
2020-03-19,2020031901018205,NCCB,58,45,100,181.00,"18,100.00"
2020-03-19,2020031901018184,NCCB,58,58,"3,131",180.00,"563,580.00"
2020-03-19,2020031901018171,NCCB,58,58,"10,869",180.00,"1,956,420.00"
2020-03-19,2020031901018170,NCCB,58,37,"3,000",180.00,"540,000.00"
2020-03-19,2020031901018169,NCCB,58,53,600,180.00,"108,000.00"
2020-03-19,2020031901018168,NCCB,58,25,500,180.00,"90,000.00"
2020-03-19,2020031901018161,NCCB,58,49,300,179.00,"53,700.00"
2020-03-19,2020031901018160,NCCB,58,8,"1,000",179.00,"179,000.00"
2020-03-19,2020031901018087,NCCB,58,8,"1,085",178.00,"193,130.00"
2020-03-19,2020031901018053,NCCB,46,8,15,178.00,"2,670.00"
2020-03-19,2020031901017993,NCCB,58,8,400,178.00,"71,200.00"
2020-03-19,2020031901017964,NCCB,58,10,100,178.00,"17,800.00"
2020-03-19,2020031901018167,NCCB,58,52,100,180.00,"18,000.00"
2020-03-19,2020031901018166,NCCB,58,49,150,180.00,"27,000.00"
2020-03-19,2020031901018165,NCCB,58,25,500,180.00,"90,000.00"
2020-03-19,2020031901018164,NCCB,58,8,50,180.00,"9,000.00"
2020-03-19,2020031901018163,NCCB,58,51,243,180.00,"43,740.00"
2020-03-19,2020031901018162,NCCB,58,17,"3,131",179.00,"560,449.00"
2020-03-19,2020031901018050,NHDL,49,33,100,119.00,"11,900.00"
2020-03-19,2020031901017851,NHPC,11,42,310,51.00,"15,810.00"
2020-03-19,2020031901017850,NHPC,51,42,690,52.00,"35,880.00"
2020-03-19,2020031901018242,NICA,47,38,450,510.00,"229,500.00"
2020-03-19,2020031901018232,NICA,29,28,250,511.00,"127,750.00"
2020-03-19,2020031901018128,NICA,47,10,50,510.00,"25,500.00"
2020-03-19,2020031901018127,NICA,57,10,100,510.00,"51,000.00"
2020-03-19,2020031901018126,NICA,19,10,50,510.00,"25,500.00"
2020-03-19,2020031901018125,NICA,16,10,300,510.00,"153,000.00"
2020-03-19,2020031901017824,NICA,41,45,53,510.00,"27,030.00"
2020-03-19,2020031901017830,NICA,41,28,177,511.00,"90,447.00"
2020-03-19,2020031901017829,NICA,41,17,323,511.00,"165,053.00"
2020-03-19,2020031901017828,NICA,41,38,90,511.00,"45,990.00"
2020-03-19,2020031901017827,NICA,41,7,50,510.00,"25,500.00"
2020-03-19,2020031901017826,NICA,41,41,100,510.00,"51,000.00"
2020-03-19,2020031901017825,NICA,41,45,207,510.00,"105,570.00"
2020-03-19,2020031901017980,NICA,48,28,"1,000",511.00,"511,000.00"
2020-03-19,2020031901017978,NICA,36,54,422,507.00,"213,954.00"
2020-03-19,2020031901017977,NICA,36,54,100,507.00,"50,700.00"
2020-03-19,2020031901017976,NICA,36,54,260,507.00,"131,820.00"
2020-03-19,2020031901017975,NICA,36,54,"1,000",508.00,"508,000.00"
2020-03-19,2020031901017974,NICA,36,54,218,508.00,"110,744.00"
2020-03-19,2020031901018286,NICL,43,52,10,349.00,"3,490.00"
2020-03-19,2020031901018208,NICL,40,32,"1,740",345.00,"600,300.00"
2020-03-19,2020031901018207,NICL,34,32,100,345.00,"34,500.00"
2020-03-19,2020031901018206,NICL,34,32,500,345.00,"172,500.00"
2020-03-19,2020031901017938,NICL,36,55,130,349.00,"45,370.00"
2020-03-19,2020031901018123,NIL,42,44,658,490.00,"322,420.00"
2020-03-19,2020031901018122,NIL,42,56,342,487.00,"166,554.00"
2020-03-19,2020031901018107,NIL,38,56,150,487.00,"73,050.00"
2020-03-19,2020031901018106,NIL,50,56,100,487.00,"48,700.00"
2020-03-19,2020031901018105,NIL,3,56,50,488.00,"24,400.00"
2020-03-19,2020031901018104,NIL,3,56,50,488.00,"24,400.00"
2020-03-19,2020031901018084,NIL,46,44,10,490.00,"4,900.00"
2020-03-19,2020031901018054,NIL,29,44,381,490.00,"186,690.00"
2020-03-19,2020031901017995,NIL,29,52,100,490.00,"49,000.00"
2020-03-19,2020031901018088,NLG,45,8,37,550.00,"20,350.00"
2020-03-19,2020031901017935,NLG,45,5,53,550.00,"29,150.00"
2020-03-19,2020031901018256,NLIC,6,56,200,"1,058.00","211,600.00"
2020-03-19,2020031901018212,NLIC,42,56,30,"1,058.00","31,740.00"
2020-03-19,2020031901018201,NLIC,25,56,700,"1,058.00","740,600.00"
2020-03-19,2020031901018176,NLIC,6,53,149,"1,055.00","157,195.00"
2020-03-19,2020031901018175,NLIC,55,53,51,"1,055.00","53,805.00"
2020-03-19,2020031901018174,NLIC,46,53,50,"1,056.00","52,800.00"
2020-03-19,2020031901017979,NLIC,29,57,200,"1,058.00","211,600.00"
2020-03-19,2020031901017963,NLIC,45,53,100,"1,059.00","105,900.00"
2020-03-19,2020031901017931,NLIC,45,42,100,"1,059.00","105,900.00"
2020-03-19,2020031901017804,NLIC,14,42,200,"1,059.00","211,800.00"
2020-03-19,2020031901018004,NLIC,49,34,100,"1,055.00","105,500.00"
2020-03-19,2020031901018003,NLIC,35,34,50,"1,056.00","52,800.00"
2020-03-19,2020031901018002,NLIC,26,34,50,"1,056.00","52,800.00"
2020-03-19,2020031901018001,NLIC,14,34,101,"1,056.00","106,656.00"
2020-03-19,2020031901018000,NLIC,51,34,50,"1,058.00","52,900.00"
2020-03-19,2020031901017999,NLIC,29,34,200,"1,058.00","211,600.00"
2020-03-19,2020031901018109,NLIC,46,38,50,"1,056.00","52,800.00"
2020-03-19,2020031901018108,NLIC,14,38,150,"1,058.00","158,700.00"
2020-03-19,2020031901018045,NLIC,55,53,350,"1,059.00","370,650.00"
2020-03-19,2020031901018044,NLIC,55,41,50,"1,058.00","52,900.00"
2020-03-19,2020031901018043,NLIC,55,48,100,"1,058.00","105,800.00"
2020-03-19,2020031901018005,NLIC,55,34,449,"1,055.00","473,695.00"
2020-03-19,2020031901018255,NLICL,51,5,84,587.00,"49,308.00"
2020-03-19,2020031901018254,NLICL,51,5,500,587.00,"293,500.00"
2020-03-19,2020031901018253,NLICL,51,39,500,586.00,"293,000.00"
2020-03-19,2020031901018252,NLICL,51,45,50,586.00,"29,300.00"
2020-03-19,2020031901018251,NLICL,51,51,366,585.00,"214,110.00"
2020-03-19,2020031901017820,NLICL,22,51,134,585.00,"78,390.00"
2020-03-19,2020031901017819,NLICL,22,32,66,585.00,"38,610.00"
2020-03-19,2020031901018289,NMB,17,58,250,388.00,"97,000.00"
2020-03-19,2020031901018203,NMB,6,33,500,387.00,"193,500.00"
2020-03-19,2020031901018118,NMB,45,58,200,388.00,"77,600.00"
2020-03-19,2020031901018117,NMB,59,58,200,388.00,"77,600.00"
2020-03-19,2020031901018116,NMB,48,58,100,388.00,"38,800.00"
2020-03-19,2020031901018115,NMB,38,58,300,388.00,"116,400.00"
2020-03-19,2020031901017847,NMB,4,54,50,390.00,"19,500.00"
2020-03-19,2020031901017846,NMB,52,54,400,390.00,"156,000.00"
2020-03-19,2020031901017845,NMB,41,54,70,390.00,"27,300.00"
2020-03-19,2020031901017844,NMB,41,54,50,390.00,"19,500.00"
2020-03-19,2020031901017843,NMB,38,54,300,390.00,"117,000.00"
2020-03-19,2020031901018018,NMB,29,21,30,389.00,"11,670.00"
2020-03-19,2020031901018016,NMB,22,21,500,389.00,"194,500.00"
2020-03-19,2020031901018015,NMB,33,21,"1,470",389.00,"571,830.00"
2020-03-19,2020031901018008,NMB,48,47,10,390.00,"3,900.00"
2020-03-19,2020031901017996,NMB,33,35,50,389.00,"19,450.00"
2020-03-19,2020031901017848,NMB,33,54,"1,130",389.00,"439,570.00"
2020-03-19,2020031901018114,NMB,51,58,90,388.00,"34,920.00"
2020-03-19,2020031901018025,NMB,29,4,48,391.00,"18,768.00"
2020-03-19,2020031901018023,NMB,29,32,200,391.00,"78,200.00"
2020-03-19,2020031901018021,NMB,29,1,500,391.00,"195,500.00"
2020-03-19,2020031901018020,NMB,29,32,70,391.00,"27,370.00"
2020-03-19,2020031901018019,NMB,29,47,152,390.00,"59,280.00"
2020-03-19,2020031901018278,NMBMF,14,22,90,765.00,"68,850.00"
2020-03-19,2020031901018277,NMBMF,14,36,16,764.00,"12,224.00"
2020-03-19,2020031901018200,NMBMF,56,29,60,762.00,"45,720.00"
2020-03-19,2020031901018140,NMBMF,56,57,23,762.00,"17,526.00"
2020-03-19,2020031901018097,NMBMF,43,58,100,761.00,"76,100.00"
2020-03-19,2020031901018066,NMBMF,49,29,40,762.00,"30,480.00"
2020-03-19,2020031901018024,NMBMF,49,5,10,762.00,"7,620.00"
2020-03-19,2020031901017965,NMBMF,13,57,10,764.00,"7,640.00"
2020-03-19,2020031901017989,PCBL,42,13,"7,890",260.00,"2,051,400.00"
2020-03-19,2020031901017988,PCBL,43,13,200,260.00,"52,000.00"
2020-03-19,2020031901017987,PCBL,13,13,500,261.00,"130,500.00"
2020-03-19,2020031901017986,PCBL,43,13,200,261.00,"52,200.00"
2020-03-19,2020031901017985,PCBL,47,13,500,261.00,"130,500.00"
2020-03-19,2020031901017984,PCBL,6,13,160,261.00,"41,760.00"
2020-03-19,2020031901017983,PCBL,42,13,50,262.00,"13,100.00"
2020-03-19,2020031901018215,PIC,48,34,18,500.00,"9,000.00"
2020-03-19,2020031901018214,PIC,48,6,32,500.00,"16,000.00"
2020-03-19,2020031901018119,PIC,6,5,100,498.00,"49,800.00"
2020-03-19,2020031901018038,PIC,54,6,68,500.00,"34,000.00"
2020-03-19,2020031901018037,PIC,54,56,32,500.00,"16,000.00"
2020-03-19,2020031901018120,PICL,13,6,56,389.00,"21,784.00"
2020-03-19,2020031901018007,PLIC,33,21,16,520.00,"8,320.00"
2020-03-19,2020031901017835,PLIC,33,39,96,520.00,"49,920.00"
2020-03-19,2020031901017834,PLIC,55,39,16,520.00,"8,320.00"
2020-03-19,2020031901017831,PLIC,55,11,10,520.00,"5,200.00"
2020-03-19,2020031901017930,PRIN,44,25,100,367.00,"36,700.00"
2020-03-19,2020031901018227,PRVU,43,35,43,227.00,"9,761.00"
2020-03-19,2020031901018226,PRVU,43,42,"1,500",227.00,"340,500.00"
2020-03-19,2020031901018225,PRVU,43,19,257,227.00,"58,339.00"
2020-03-19,2020031901018142,PRVU,25,19,200,227.00,"45,400.00"
2020-03-19,2020031901018070,PRVU,35,19,100,226.00,"22,600.00"
2020-03-19,2020031901018069,PRVU,56,19,100,226.00,"22,600.00"
2020-03-19,2020031901017936,PRVU,52,19,43,227.00,"9,761.00"
2020-03-19,2020031901017853,PRVU,52,35,200,227.00,"45,400.00"
2020-03-19,2020031901017852,PRVU,52,42,257,227.00,"58,339.00"
2020-03-19,2020031901017998,RADHI,38,38,10,171.00,"1,710.00"
2020-03-19,2020031901017928,RADHI,38,38,10,168.00,"1,680.00"
2020-03-19,2020031901018262,RMDC,57,55,38,615.00,"23,370.00"
2020-03-19,2020031901018261,RMDC,22,55,15,615.00,"9,225.00"
2020-03-19,2020031901017971,RMDC,1,49,200,625.00,"125,000.00"
2020-03-19,2020031901017951,RMDC,54,19,100,624.00,"62,400.00"
2020-03-19,2020031901017950,RMDC,36,19,43,624.00,"26,832.00"
2020-03-19,2020031901018144,RSDC,32,35,10,439.00,"4,390.00"
2020-03-19,2020031901017823,SABSL,45,7,100,723.00,"72,300.00"
2020-03-19,2020031901017822,SABSL,57,7,10,724.00,"7,240.00"
2020-03-19,2020031901018241,SADBL,44,5,143,140.00,"20,020.00"
2020-03-19,2020031901018240,SADBL,21,5,200,140.00,"28,000.00"
2020-03-19,2020031901018239,SADBL,33,5,500,140.00,"70,000.00"
2020-03-19,2020031901018238,SADBL,39,5,200,141.00,"28,200.00"
2020-03-19,2020031901018237,SADBL,43,5,"1,000",141.00,"141,000.00"
2020-03-19,2020031901018180,SADBL,37,5,500,142.00,"71,000.00"
2020-03-19,2020031901018179,SADBL,58,5,"1,000",142.00,"142,000.00"
2020-03-19,2020031901018178,SADBL,32,5,957,142.00,"135,894.00"
2020-03-19,2020031901018177,SADBL,51,5,500,143.00,"71,500.00"
2020-03-19,2020031901018264,SANIMA,5,13,100,323.00,"32,300.00"
2020-03-19,2020031901018263,SANIMA,44,13,220,323.00,"71,060.00"
2020-03-19,2020031901018186,SANIMA,44,58,80,323.00,"25,840.00"
2020-03-19,2020031901017947,SANIMA,29,34,244,320.00,"78,080.00"
2020-03-19,2020031901017946,SANIMA,29,34,200,320.00,"64,000.00"
2020-03-19,2020031901017945,SANIMA,41,34,98,320.00,"31,360.00"
2020-03-19,2020031901017944,SANIMA,4,34,50,321.00,"16,050.00"
2020-03-19,2020031901018243,SBI,19,53,311,416.00,"129,376.00"
2020-03-19,2020031901018185,SBI,49,57,38,417.00,"15,846.00"
2020-03-19,2020031901018100,SBI,49,53,162,417.00,"67,554.00"
2020-03-19,2020031901018099,SBI,45,53,238,417.00,"99,246.00"
2020-03-19,2020031901018051,SBI,45,13,500,417.00,"208,500.00"
2020-03-19,2020031901018031,SBI,45,34,100,417.00,"41,700.00"
2020-03-19,2020031901017949,SBI,45,42,100,417.00,"41,700.00"
2020-03-19,2020031901017836,SBI,45,45,28,417.00,"11,676.00"
2020-03-19,2020031901018204,SCB,45,49,50,604.00,"30,200.00"
2020-03-19,2020031901018147,SCB,48,14,148,600.00,"88,800.00"
2020-03-19,2020031901018146,SCB,54,14,500,600.00,"300,000.00"
2020-03-19,2020031901018145,SCB,1,14,20,600.00,"12,000.00"
2020-03-19,2020031901018035,SCB,1,56,480,600.00,"288,000.00"
2020-03-19,2020031901018034,SCB,49,56,185,600.00,"111,000.00"
2020-03-19,2020031901018033,SCB,49,56,200,601.00,"120,200.00"
2020-03-19,2020031901018032,SCB,49,56,185,601.00,"111,185.00"
2020-03-19,2020031901018017,SCB,19,49,17,604.00,"10,268.00"
2020-03-19,2020031901017982,SCB,19,34,100,604.00,"60,400.00"
2020-03-19,2020031901018062,SHINE,59,43,10,262.00,"2,620.00"
2020-03-19,2020031901018014,SHINE,40,38,683,258.00,"176,214.00"
2020-03-19,2020031901018013,SHINE,45,38,100,258.00,"25,800.00"
2020-03-19,2020031901018012,SHINE,7,38,100,259.00,"25,900.00"
2020-03-19,2020031901018011,SHINE,42,38,117,260.00,"30,420.00"
2020-03-19,2020031901018194,SHIVM,58,19,400,501.00,"200,400.00"
2020-03-19,2020031901018193,SHIVM,51,19,100,501.00,"50,100.00"
2020-03-19,2020031901018113,SHPC,49,38,120,200.00,"24,000.00"
2020-03-19,2020031901018112,SHPC,49,49,30,199.00,"5,970.00"
2020-03-19,2020031901017929,SHPC,49,49,220,199.00,"43,780.00"
2020-03-19,2020031901018283,SICL,41,5,10,854.00,"8,540.00"
2020-03-19,2020031901018282,SICL,41,45,10,844.00,"8,440.00"
2020-03-19,2020031901018139,SICL,29,47,25,842.00,"21,050.00"
2020-03-19,2020031901018138,SICL,56,47,40,842.00,"33,680.00"
2020-03-19,2020031901018137,SICL,57,47,35,844.00,"29,540.00"
2020-03-19,2020031901018110,SICL,32,45,50,845.00,"42,250.00"
2020-03-19,2020031901017960,SICL,39,43,90,850.00,"76,500.00"
2020-03-19,2020031901017839,SICL,48,5,20,854.00,"17,080.00"
2020-03-19,2020031901018006,SIL,25,58,20,457.00,"9,140.00"
2020-03-19,2020031901018041,SJCL,41,43,10,140.00,"1,400.00"
2020-03-19,2020031901018040,SJCL,42,43,80,141.00,"11,280.00"
2020-03-19,2020031901018039,SJCL,14,43,40,141.00,"5,640.00"
2020-03-19,2020031901018219,SKBBL,46,48,80,"1,003.00","80,240.00"
2020-03-19,2020031901018213,SLICL,39,5,50,372.00,"18,600.00"
2020-03-19,2020031901018124,SLICL,51,5,10,377.00,"3,770.00"
2020-03-19,2020031901018111,SLICL,39,36,477,372.00,"177,444.00"
2020-03-19,2020031901018075,SLICL,39,40,83,372.00,"30,876.00"
2020-03-19,2020031901018074,SLICL,46,40,750,372.00,"279,000.00"
2020-03-19,2020031901018073,SLICL,29,40,20,373.00,"7,460.00"
2020-03-19,2020031901017968,SLICL,50,7,20,374.00,"7,480.00"
2020-03-19,2020031901018072,SLICL,33,40,147,373.00,"54,831.00"
2020-03-19,2020031901018049,SLICL,33,5,23,373.00,"8,579.00"
2020-03-19,2020031901018048,SLICL,42,5,250,373.00,"93,250.00"
2020-03-19,2020031901018047,SLICL,44,5,100,373.00,"37,300.00"
2020-03-19,2020031901018046,SLICL,44,5,427,374.00,"159,698.00"
2020-03-19,2020031901018022,SLICL,44,7,73,374.00,"27,302.00"
2020-03-19,2020031901018269,SMATA,48,7,47,660.00,"31,020.00"
2020-03-19,2020031901018199,SMATA,48,39,53,660.00,"34,980.00"
2020-03-19,2020031901018198,SMATA,49,39,47,666.00,"31,302.00"
2020-03-19,2020031901018245,SMB,34,43,10,754.00,"7,540.00"
2020-03-19,2020031901018064,SMFBS,28,57,80,890.00,"71,200.00"
2020-03-19,2020031901018063,SMFBS,28,55,20,889.00,"17,780.00"
2020-03-19,2020031901018223,SPARS,41,25,30,707.00,"21,210.00"
2020-03-19,2020031901018222,SPARS,19,25,100,707.00,"70,700.00"
2020-03-19,2020031901018221,SPARS,51,25,30,708.00,"21,240.00"
2020-03-19,2020031901018220,SPARS,43,25,40,710.00,"28,400.00"
2020-03-19,2020031901018159,SRBL,10,49,540,237.00,"127,980.00"
2020-03-19,2020031901018158,SRBL,1,49,200,237.00,"47,400.00"
2020-03-19,2020031901018157,SRBL,14,49,100,238.00,"23,800.00"
2020-03-19,2020031901018156,SRBL,14,49,100,239.00,"23,900.00"
2020-03-19,2020031901018155,SRBL,10,49,60,239.00,"14,340.00"
2020-03-19,2020031901017966,SRBL,10,26,200,239.00,"47,800.00"
2020-03-19,2020031901018217,UIC,51,14,182,310.00,"56,420.00"
2020-03-19,2020031901017942,UIC,20,53,27,307.00,"8,289.00"
2020-03-19,2020031901017941,UIC,43,53,25,307.00,"7,675.00"
2020-03-19,2020031901017940,UIC,17,53,64,307.00,"19,648.00"
2020-03-19,2020031901017939,UIC,16,53,200,308.00,"61,600.00"
2020-03-19,2020031901018250,UPPER,13,34,500,229.00,"114,500.00"
2020-03-19,2020031901018249,UPPER,13,25,"1,000",229.00,"229,000.00"
2020-03-19,2020031901018248,UPPER,13,50,50,229.00,"11,450.00"
2020-03-19,2020031901018247,UPPER,13,39,50,229.00,"11,450.00"
2020-03-19,2020031901018246,UPPER,13,41,"1,000",229.00,"229,000.00"
2020-03-19,2020031901017578,ADBL,36,57,384,375.00,"144,000.00"
2020-03-19,2020031901017577,ADBL,45,57,16,375.00,"6,000.00"
2020-03-19,2020031901017480,ADBL,58,14,150,377.00,"56,550.00"
2020-03-19,2020031901017479,ADBL,58,52,200,377.00,"75,400.00"
2020-03-19,2020031901017478,ADBL,58,46,50,376.00,"18,800.00"
2020-03-19,2020031901017477,ADBL,58,7,100,376.00,"37,600.00"
2020-03-19,2020031901017339,ADBL,41,46,50,376.00,"18,800.00"
2020-03-19,2020031901017596,AKPL,21,48,500,113.00,"56,500.00"
2020-03-19,2020031901017519,AKPL,33,48,500,113.00,"56,500.00"
2020-03-19,2020031901017644,ALBSL,45,29,20,615.00,"12,300.00"
2020-03-19,2020031901017643,ALBSL,28,29,89,615.00,"54,735.00"
2020-03-19,2020031901017639,ALBSL,57,7,200,616.00,"123,200.00"
2020-03-19,2020031901017355,ALBSL,28,18,11,615.00,"6,765.00"
2020-03-19,2020031901017721,ALICL,54,21,100,487.00,"48,700.00"
2020-03-19,2020031901017660,ALICL,54,5,100,487.00,"48,700.00"
2020-03-19,2020031901017633,ALICL,58,38,100,488.00,"48,800.00"
2020-03-19,2020031901017616,ALICL,58,16,100,488.00,"48,800.00"
2020-03-19,2020031901017615,ALICL,58,4,500,488.00,"244,000.00"
2020-03-19,2020031901017614,ALICL,58,32,300,488.00,"146,400.00"
2020-03-19,2020031901017378,ALICL,36,25,100,480.00,"48,000.00"
2020-03-19,2020031901017377,ALICL,33,25,50,482.00,"24,100.00"
2020-03-19,2020031901017376,ALICL,14,25,100,484.00,"48,400.00"
2020-03-19,2020031901017375,ALICL,58,25,156,484.00,"75,504.00"
2020-03-19,2020031901017335,ALICL,25,7,500,485.00,"242,500.00"
2020-03-19,2020031901017613,ALICL,58,41,200,487.00,"97,400.00"
2020-03-19,2020031901017603,ALICL,55,1,100,486.00,"48,600.00"
2020-03-19,2020031901017428,ALICL,25,25,494,479.00,"236,626.00"
2020-03-19,2020031901017427,ALICL,35,25,800,479.00,"383,200.00"
2020-03-19,2020031901017380,ALICL,19,25,100,480.00,"48,000.00"
2020-03-19,2020031901017379,ALICL,50,25,200,480.00,"96,000.00"
2020-03-19,2020031901017723,API,25,42,41,106.00,"4,346.00"
2020-03-19,2020031901017722,API,25,5,"1,000",105.00,"105,000.00"
2020-03-19,2020031901017668,API,25,5,500,105.00,"52,500.00"
2020-03-19,2020031901017365,API,6,58,148,103.00,"15,244.00"
2020-03-19,2020031901017364,API,33,58,50,103.00,"5,150.00"
2020-03-19,2020031901017363,API,37,58,"1,000",103.00,"103,000.00"
2020-03-19,2020031901017356,API,32,58,300,103.00,"30,900.00"
2020-03-19,2020031901017362,API,34,58,300,103.00,"30,900.00"
2020-03-19,2020031901017361,API,16,58,471,103.00,"48,513.00"
2020-03-19,2020031901017360,API,54,58,200,103.00,"20,600.00"
2020-03-19,2020031901017359,API,42,58,200,103.00,"20,600.00"
2020-03-19,2020031901017358,API,42,58,100,103.00,"10,300.00"
2020-03-19,2020031901017357,API,44,58,300,103.00,"30,900.00"
2020-03-19,2020031901017399,BOKL,28,16,552,221.00,"121,992.00"
2020-03-19,2020031901017398,BOKL,18,16,200,221.00,"44,200.00"
2020-03-19,2020031901017397,BOKL,16,16,96,222.00,"21,312.00"
2020-03-19,2020031901017396,BOKL,47,16,50,222.00,"11,100.00"
2020-03-19,2020031901017701,BPCL,52,36,15,326.00,"4,890.00"
2020-03-19,2020031901017700,BPCL,33,36,18,326.00,"5,868.00"
2020-03-19,2020031901017547,BPCL,33,42,82,326.00,"26,732.00"
2020-03-19,2020031901017546,BPCL,54,42,28,326.00,"9,128.00"
2020-03-19,2020031901017541,BPCL,6,42,50,328.00,"16,400.00"
2020-03-19,2020031901017540,BPCL,6,53,10,328.00,"3,280.00"
2020-03-19,2020031901017734,CBBL,51,19,16,979.00,"15,664.00"
2020-03-19,2020031901017688,CBBL,43,54,290,969.00,"281,010.00"
2020-03-19,2020031901017687,CBBL,16,54,50,970.00,"48,500.00"
2020-03-19,2020031901017686,CBBL,1,54,50,970.00,"48,500.00"
2020-03-19,2020031901017685,CBBL,11,54,10,973.00,"9,730.00"
2020-03-19,2020031901017684,CBBL,4,54,100,975.00,"97,500.00"
2020-03-19,2020031901017369,CBBL,11,39,90,973.00,"87,570.00"
2020-03-19,2020031901017347,CBBL,14,4,78,982.00,"76,596.00"
2020-03-19,2020031901017346,CBBL,14,16,50,980.00,"49,000.00"
2020-03-19,2020031901017345,CBBL,14,43,22,980.00,"21,560.00"
2020-03-19,2020031901017332,CBBL,25,39,60,974.00,"58,440.00"
2020-03-19,2020031901017626,CBL,35,48,200,141.00,"28,200.00"
2020-03-19,2020031901017632,CHCL,43,25,200,378.00,"75,600.00"
2020-03-19,2020031901017586,CHCL,45,38,500,376.00,"188,000.00"
2020-03-19,2020031901017312,CHCL,37,50,100,378.00,"37,800.00"
2020-03-19,2020031901017311,CHCL,37,16,100,377.00,"37,700.00"
2020-03-19,2020031901017707,CIT,38,52,100,"2,460.00","246,000.00"
2020-03-19,2020031901017706,CIT,38,38,77,"2,460.00","189,420.00"
2020-03-19,2020031901017472,CIT,35,38,100,"2,460.00","246,000.00"
2020-03-19,2020031901017450,CIT,35,5,50,"2,460.00","123,000.00"
2020-03-19,2020031901017432,CIT,35,19,40,"2,460.00","98,400.00"
2020-03-19,2020031901017431,CIT,35,26,50,"2,460.00","123,000.00"
2020-03-19,2020031901017418,CIT,19,41,50,"2,467.00","123,350.00"
2020-03-19,2020031901017424,CIT,19,22,108,"2,470.00","266,760.00"
2020-03-19,2020031901017423,CIT,19,54,320,"2,470.00","790,400.00"
2020-03-19,2020031901017422,CIT,19,17,10,"2,470.00","24,700.00"
2020-03-19,2020031901017421,CIT,19,48,12,"2,470.00","29,640.00"
2020-03-19,2020031901017420,CIT,19,4,200,"2,469.00","493,800.00"
2020-03-19,2020031901017419,CIT,19,34,60,"2,468.00","148,080.00"
2020-03-19,2020031901017705,CLBSL,40,28,50,"1,000.00","50,000.00"
2020-03-19,2020031901017320,CLBSL,40,8,50,"1,000.00","50,000.00"
2020-03-19,2020031901017319,CLBSL,48,8,10,"1,000.00","10,000.00"
2020-03-19,2020031901017717,CZBIL,6,36,10,183.00,"1,830.00"
2020-03-19,2020031901017661,CZBIL,45,38,50,184.00,"9,200.00"
2020-03-19,2020031901017611,CZBIL,45,38,20,184.00,"3,680.00"
2020-03-19,2020031901017582,CZBIL,52,38,100,184.00,"18,400.00"
2020-03-19,2020031901017560,CZBIL,45,38,30,184.00,"5,520.00"
2020-03-19,2020031901017559,CZBIL,32,38,300,184.00,"55,200.00"
2020-03-19,2020031901017558,CZBIL,45,38,300,184.00,"55,200.00"
2020-03-19,2020031901017310,DDBL,1,57,50,757.00,"37,850.00"
2020-03-19,2020031901017595,EBL,33,52,46,643.00,"29,578.00"
2020-03-19,2020031901017417,EBL,41,8,147,640.00,"94,080.00"
2020-03-19,2020031901017552,EBL,33,6,154,643.00,"99,022.00"
2020-03-19,2020031901017543,EBL,43,34,200,637.00,"127,400.00"
2020-03-19,2020031901017515,EBL,41,6,80,640.00,"51,200.00"
2020-03-19,2020031901017434,EBL,41,26,200,640.00,"128,000.00"
2020-03-19,2020031901017652,EDBL,35,52,10,380.00,"3,800.00"
2020-03-19,2020031901017549,EDBL,35,52,20,381.00,"7,620.00"
2020-03-19,2020031901017342,EIC,22,41,100,338.00,"33,800.00"
2020-03-19,2020031901017635,FMDBL,8,44,60,445.00,"26,700.00"
2020-03-19,2020031901017605,FMDBL,57,32,420,446.00,"187,320.00"
2020-03-19,2020031901017471,FMDBL,57,38,50,446.00,"22,300.00"
2020-03-19,2020031901017647,FOWAD,49,34,200,"1,380.00","276,000.00"
2020-03-19,2020031901017456,FOWAD,48,47,20,"1,395.00","27,900.00"
2020-03-19,2020031901017735,GBBL,36,38,42,220.00,"9,240.00"
2020-03-19,2020031901017599,GBBL,57,38,400,220.00,"88,000.00"
2020-03-19,2020031901017598,GBBL,32,38,250,220.00,"55,000.00"
2020-03-19,2020031901017597,GBBL,45,38,400,220.00,"88,000.00"
2020-03-19,2020031901017561,GBIME,45,55,300,257.00,"77,100.00"
2020-03-19,2020031901017545,GBIME,8,59,"1,900",256.00,"486,400.00"
2020-03-19,2020031901017544,GBIME,43,59,100,256.00,"25,600.00"
2020-03-19,2020031901017486,GBIME,43,39,400,256.00,"102,400.00"
2020-03-19,2020031901017667,GBLBS,57,33,100,415.00,"41,500.00"
2020-03-19,2020031901017491,GLBSL,28,1,300,618.00,"185,400.00"
2020-03-19,2020031901017490,GLBSL,28,50,10,617.00,"6,170.00"
2020-03-19,2020031901017489,GLBSL,28,51,30,617.00,"18,510.00"
2020-03-19,2020031901017488,GLBSL,28,1,90,614.00,"55,260.00"
2020-03-19,2020031901017487,GLBSL,28,7,100,613.00,"61,300.00"
2020-03-19,2020031901017714,GLICL,44,57,398,401.00,"159,598.00"
2020-03-19,2020031901017657,GLICL,39,43,100,400.00,"40,000.00"
2020-03-19,2020031901017656,GLICL,39,7,70,400.00,"28,000.00"
2020-03-19,2020031901017655,GLICL,39,32,50,400.00,"20,000.00"
2020-03-19,2020031901017654,GLICL,39,6,50,400.00,"20,000.00"
2020-03-19,2020031901017792,HDL,29,53,500,"1,275.00","637,500.00"
2020-03-19,2020031901017791,HDL,49,53,700,"1,275.00","892,500.00"
2020-03-19,2020031901017790,HDL,28,53,100,"1,275.00","127,500.00"
2020-03-19,2020031901017789,HDL,57,53,120,"1,275.00","153,000.00"
2020-03-19,2020031901017788,HDL,49,53,500,"1,275.00","637,500.00"
2020-03-19,2020031901017787,HDL,48,53,100,"1,275.00","127,500.00"
2020-03-19,2020031901017640,HDL,38,58,100,"1,300.00","130,000.00"
2020-03-19,2020031901017634,HDL,48,50,50,"1,300.00","65,000.00"
2020-03-19,2020031901017738,HDL,38,53,50,"1,286.00","64,300.00"
2020-03-19,2020031901017737,HDL,17,53,50,"1,286.00","64,300.00"
2020-03-19,2020031901017736,HDL,14,53,18,"1,288.00","23,184.00"
2020-03-19,2020031901017728,HDL,34,4,10,"1,300.00","13,000.00"
2020-03-19,2020031901017727,HDL,38,4,200,"1,300.00","260,000.00"
2020-03-19,2020031901017641,HDL,38,58,100,"1,300.00","130,000.00"
2020-03-19,2020031901017744,HDL,47,53,75,"1,285.00","96,375.00"
2020-03-19,2020031901017743,HDL,50,53,100,"1,285.00","128,500.00"
2020-03-19,2020031901017742,HDL,10,53,50,"1,285.00","64,250.00"
2020-03-19,2020031901017741,HDL,29,53,200,"1,285.00","257,000.00"
2020-03-19,2020031901017740,HDL,1,53,100,"1,285.00","128,500.00"
2020-03-19,2020031901017739,HDL,39,53,50,"1,285.00","64,250.00"
2020-03-19,2020031901017750,HDL,58,53,40,"1,282.00","51,280.00"
2020-03-19,2020031901017749,HDL,29,53,50,"1,283.00","64,150.00"
2020-03-19,2020031901017748,HDL,37,53,132,"1,284.00","169,488.00"
2020-03-19,2020031901017747,HDL,36,53,30,"1,284.00","38,520.00"
2020-03-19,2020031901017746,HDL,45,53,20,"1,284.00","25,680.00"
2020-03-19,2020031901017745,HDL,35,53,100,"1,285.00","128,500.00"
2020-03-19,2020031901017756,HDL,41,53,100,"1,280.00","128,000.00"
2020-03-19,2020031901017755,HDL,14,53,100,"1,280.00","128,000.00"
2020-03-19,2020031901017754,HDL,19,53,30,"1,280.00","38,400.00"
2020-03-19,2020031901017753,HDL,54,53,20,"1,281.00","25,620.00"
2020-03-19,2020031901017752,HDL,40,53,50,"1,281.00","64,050.00"
2020-03-19,2020031901017751,HDL,19,53,50,"1,281.00","64,050.00"
2020-03-19,2020031901017762,HDL,19,53,50,"1,280.00","64,000.00"
2020-03-19,2020031901017761,HDL,58,53,80,"1,280.00","102,400.00"
2020-03-19,2020031901017760,HDL,28,53,100,"1,280.00","128,000.00"
2020-03-19,2020031901017759,HDL,38,53,100,"1,280.00","128,000.00"
2020-03-19,2020031901017758,HDL,21,53,50,"1,280.00","64,000.00"
2020-03-19,2020031901017757,HDL,41,53,200,"1,280.00","256,000.00"
2020-03-19,2020031901017768,HDL,42,53,25,"1,280.00","32,000.00"
2020-03-19,2020031901017767,HDL,18,53,200,"1,280.00","256,000.00"
2020-03-19,2020031901017766,HDL,58,53,100,"1,280.00","128,000.00"
2020-03-19,2020031901017765,HDL,35,53,100,"1,280.00","128,000.00"
2020-03-19,2020031901017764,HDL,29,53,200,"1,280.00","256,000.00"
2020-03-19,2020031901017763,HDL,29,53,300,"1,280.00","384,000.00"
2020-03-19,2020031901017774,HDL,59,53,"1,000","1,279.00","1,279,000.00"
2020-03-19,2020031901017773,HDL,56,53,40,"1,279.00","51,160.00"
2020-03-19,2020031901017772,HDL,21,53,150,"1,279.00","191,850.00"
2020-03-19,2020031901017771,HDL,45,53,50,"1,279.00","63,950.00"
2020-03-19,2020031901017770,HDL,25,53,100,"1,279.00","127,900.00"
2020-03-19,2020031901017769,HDL,34,53,200,"1,280.00","256,000.00"
2020-03-19,2020031901017780,HDL,8,53,50,"1,276.00","63,800.00"
2020-03-19,2020031901017779,HDL,8,53,100,"1,276.00","127,600.00"
2020-03-19,2020031901017778,HDL,22,53,50,"1,276.00","63,800.00"
2020-03-19,2020031901017777,HDL,8,53,100,"1,276.00","127,600.00"
2020-03-19,2020031901017776,HDL,17,53,500,"1,277.00","638,500.00"
2020-03-19,2020031901017775,HDL,19,53,80,"1,277.00","102,160.00"
2020-03-19,2020031901017786,HDL,22,53,50,"1,275.00","63,750.00"
2020-03-19,2020031901017785,HDL,49,53,500,"1,275.00","637,500.00"
2020-03-19,2020031901017784,HDL,22,53,50,"1,275.00","63,750.00"
2020-03-19,2020031901017783,HDL,48,53,100,"1,276.00","127,600.00"
2020-03-19,2020031901017782,HDL,38,53,50,"1,276.00","63,800.00"
2020-03-19,2020031901017781,HDL,55,53,200,"1,276.00","255,200.00"
2020-03-19,2020031901017610,HIDCL,34,21,50,130.00,"6,500.00"
2020-03-19,2020031901017412,HIDCL,8,58,546,128.00,"69,888.00"
2020-03-19,2020031901017411,HIDCL,35,58,100,128.00,"12,800.00"
2020-03-19,2020031901017410,HIDCL,48,58,500,128.00,"64,000.00"
2020-03-19,2020031901017409,HIDCL,11,58,100,128.00,"12,800.00"
2020-03-19,2020031901017408,HIDCL,16,58,"1,000",128.00,"128,000.00"
2020-03-19,2020031901017407,HIDCL,53,58,100,128.00,"12,800.00"
2020-03-19,2020031901017406,HIDCL,14,58,100,128.00,"12,800.00"
2020-03-19,2020031901017405,HIDCL,47,58,100,128.00,"12,800.00"
2020-03-19,2020031901017404,HIDCL,13,58,284,128.00,"36,352.00"
2020-03-19,2020031901017403,HIDCL,11,58,"1,000",129.00,"129,000.00"
2020-03-19,2020031901017581,ILBS,49,1,65,658.00,"42,770.00"
2020-03-19,2020031901017580,ILBS,49,35,10,658.00,"6,580.00"
2020-03-19,2020031901017731,JBBL,8,58,500,170.00,"85,000.00"
2020-03-19,2020031901017730,JBBL,51,58,100,170.00,"17,000.00"
2020-03-19,2020031901017729,JBBL,42,58,18,171.00,"3,078.00"
2020-03-19,2020031901017569,JBBL,51,21,100,170.00,"17,000.00"
2020-03-19,2020031901017568,JBBL,59,21,200,170.00,"34,000.00"
2020-03-19,2020031901017567,JBBL,11,21,200,170.00,"34,000.00"
2020-03-19,2020031901017322,JBBL,45,55,200,170.00,"34,000.00"
2020-03-19,2020031901017509,JBBL,11,39,300,170.00,"51,000.00"
2020-03-19,2020031901017508,JBBL,49,39,141,170.00,"23,970.00"
2020-03-19,2020031901017454,JBBL,49,58,359,170.00,"61,030.00"
2020-03-19,2020031901017453,JBBL,45,58,"1,000",170.00,"170,000.00"
2020-03-19,2020031901017452,JBBL,34,58,100,170.00,"17,000.00"
2020-03-19,2020031901017451,JBBL,45,58,41,170.00,"6,970.00"
2020-03-19,2020031901017368,JSLBB,53,44,70,"1,723.00","120,610.00"
2020-03-19,2020031901017367,JSLBB,21,44,100,"1,723.00","172,300.00"
2020-03-19,2020031901017366,JSLBB,42,44,30,"1,723.00","51,690.00"
2020-03-19,2020031901017531,KMCDB,36,33,50,738.00,"36,900.00"
2020-03-19,2020031901017530,KMCDB,48,33,20,738.00,"14,760.00"
2020-03-19,2020031901017658,KPCL,52,36,10,98.00,980.00
2020-03-19,2020031901017435,KRBL,37,41,10,105.00,"1,050.00"
2020-03-19,2020031901017426,KSBBL,28,6,56,155.00,"8,680.00"
2020-03-19,2020031901017425,KSBBL,28,26,50,154.00,"7,700.00"
2020-03-19,2020031901017374,KSBBL,28,21,"1,000",153.00,"153,000.00"
2020-03-19,2020031901017373,KSBBL,28,49,700,153.00,"107,100.00"
2020-03-19,2020031901017313,LBL,14,25,100,207.00,"20,700.00"
2020-03-19,2020031901017391,LGIL,34,5,200,402.00,"80,400.00"
2020-03-19,2020031901017390,LGIL,29,5,50,404.00,"20,200.00"
2020-03-19,2020031901017389,LGIL,21,5,100,404.00,"40,400.00"
2020-03-19,2020031901017388,LGIL,5,5,100,404.00,"40,400.00"
2020-03-19,2020031901017387,LGIL,8,5,211,404.00,"85,244.00"
2020-03-19,2020031901017673,LICN,14,17,13,"1,180.00","15,340.00"
2020-03-19,2020031901017672,LICN,6,17,200,"1,181.00","236,200.00"
2020-03-19,2020031901017671,LICN,19,17,787,"1,182.00","930,234.00"
2020-03-19,2020031901017659,LICN,19,35,143,"1,182.00","169,026.00"
2020-03-19,2020031901017621,LICN,19,25,70,"1,182.00","82,740.00"
2020-03-19,2020031901017620,LICN,55,25,100,"1,185.00","118,500.00"
2020-03-19,2020031901017719,MBL,41,43,110,219.00,"24,090.00"
2020-03-19,2020031901017670,MBL,28,59,350,220.00,"77,000.00"
2020-03-19,2020031901017536,MBL,41,33,275,219.00,"60,225.00"
2020-03-19,2020031901017653,MEGA,51,38,"2,138",204.00,"436,152.00"
2020-03-19,2020031901017628,MEGA,52,38,475,204.00,"96,900.00"
2020-03-19,2020031901017619,MEGA,52,33,25,204.00,"5,100.00"
2020-03-19,2020031901017618,MEGA,45,33,150,204.00,"30,600.00"
2020-03-19,2020031901017617,MEGA,45,33,25,205.00,"5,125.00"
2020-03-19,2020031901017386,MEGA,45,20,50,204.00,"10,200.00"
2020-03-19,2020031901017709,MERO,6,58,25,550.00,"13,750.00"
2020-03-19,2020031901017344,MFIL,56,4,130,245.00,"31,850.00"
2020-03-19,2020031901017341,MFIL,51,4,400,245.00,"98,000.00"
2020-03-19,2020031901017331,MFIL,55,38,75,244.00,"18,300.00"
2020-03-19,2020031901017330,MFIL,35,38,"1,925",244.00,"469,700.00"
2020-03-19,2020031901017308,MFIL,1,4,50,245.00,"12,250.00"
2020-03-19,2020031901017307,MFIL,47,4,500,245.00,"122,500.00"
2020-03-19,2020031901017306,MFIL,1,4,200,245.00,"49,000.00"
2020-03-19,2020031901017305,MFIL,40,4,187,245.00,"45,815.00"
2020-03-19,2020031901017304,MFIL,42,4,200,248.00,"49,600.00"
2020-03-19,2020031901017470,MLBL,22,4,100,195.00,"19,500.00"
2020-03-19,2020031901017630,MNBBL,49,16,40,300.00,"12,000.00"
2020-03-19,2020031901017493,MNBBL,49,16,40,300.00,"12,000.00"
2020-03-19,2020031901017385,MNBBL,39,16,50,300.00,"15,000.00"
2020-03-19,2020031901017711,NABIL,6,45,200,730.00,"146,000.00"
2020-03-19,2020031901017710,NABIL,17,45,200,730.00,"146,000.00"
2020-03-19,2020031901017594,NABIL,29,45,150,731.00,"109,650.00"
2020-03-19,2020031901017529,NABIL,29,41,100,731.00,"73,100.00"
2020-03-19,2020031901017321,NABIL,58,48,55,730.00,"40,150.00"
2020-03-19,2020031901017443,NADEP,18,18,23,546.00,"12,558.00"
2020-03-19,2020031901017354,NADEP,6,55,1,550.00,550.00
2020-03-19,2020031901017353,NADEP,6,55,10,550.00,"5,500.00"
2020-03-19,2020031901017317,NADEP,14,34,62,545.00,"33,790.00"
2020-03-19,2020031901017316,NADEP,19,34,100,546.00,"54,600.00"
2020-03-19,2020031901017473,NBB,10,26,100,199.00,"19,900.00"
2020-03-19,2020031901017631,NBL,33,21,"1,000",257.00,"257,000.00"
2020-03-19,2020031901017609,NBL,33,44,"4,743",256.00,"1,214,208.00"
2020-03-19,2020031901017608,NBL,49,44,257,256.00,"65,792.00"
2020-03-19,2020031901017576,NBL,43,21,303,257.00,"77,871.00"
2020-03-19,2020031901017575,NBL,43,7,197,257.00,"50,629.00"
2020-03-19,2020031901017572,NBL,33,7,"1,928",257.00,"495,496.00"
2020-03-19,2020031901017444,NBL,37,7,500,257.00,"128,500.00"
2020-03-19,2020031901017395,NBL,33,7,"1,000",257.00,"257,000.00"
2020-03-19,2020031901017669,NCCB,33,7,319,178.00,"56,782.00"
2020-03-19,2020031901017607,NCCB,22,7,181,178.00,"32,218.00"
2020-03-19,2020031901017606,NCCB,22,58,19,178.00,"3,382.00"
2020-03-19,2020031901017527,NCCB,13,58,500,178.00,"89,000.00"
2020-03-19,2020031901017338,NCCB,22,55,100,177.00,"17,700.00"
2020-03-19,2020031901017337,NCCB,11,55,100,177.00,"17,700.00"
2020-03-19,2020031901017518,NIB,13,34,14,379.00,"5,306.00"
2020-03-19,2020031901017517,NIB,54,34,100,379.00,"37,900.00"
2020-03-19,2020031901017314,NIBLPF,34,36,"2,525",7.70,"19,442.50"
2020-03-19,2020031901017715,NICA,36,34,200,508.00,"101,600.00"
2020-03-19,2020031901017665,NICA,36,34,384,508.00,"195,072.00"
2020-03-19,2020031901017664,NICA,22,34,24,509.00,"12,216.00"
2020-03-19,2020031901017629,NICA,48,45,200,510.00,"102,000.00"
2020-03-19,2020031901017625,NICA,22,4,476,509.00,"242,284.00"
2020-03-19,2020031901017624,NICA,57,4,550,509.00,"279,950.00"
2020-03-19,2020031901017465,NICA,4,45,50,510.00,"25,500.00"
2020-03-19,2020031901017326,NICA,4,20,33,510.00,"16,830.00"
2020-03-19,2020031901017315,NICA,4,7,500,510.00,"255,000.00"
2020-03-19,2020031901017588,NICA,57,58,450,509.00,"229,050.00"
2020-03-19,2020031901017587,NICA,48,58,50,509.00,"25,450.00"
2020-03-19,2020031901017584,NICA,33,45,200,510.00,"102,000.00"
2020-03-19,2020031901017566,NICA,4,45,47,510.00,"23,970.00"
2020-03-19,2020031901017528,NICA,4,45,50,510.00,"25,500.00"
2020-03-19,2020031901017516,NICA,4,32,20,510.00,"10,200.00"
2020-03-19,2020031901017612,NICL,36,6,50,349.00,"17,450.00"
2020-03-19,2020031901017642,NIL,29,44,19,490.00,"9,310.00"
2020-03-19,2020031901017579,NIL,36,42,42,488.00,"20,496.00"
2020-03-19,2020031901017565,NIL,51,44,"1,770",490.00,"867,300.00"
2020-03-19,2020031901017564,NIL,51,48,130,489.00,"63,570.00"
2020-03-19,2020031901017563,NIL,51,34,400,489.00,"195,600.00"
2020-03-19,2020031901017562,NIL,51,34,200,489.00,"97,800.00"
2020-03-19,2020031901017449,NIL,42,34,200,489.00,"97,800.00"
2020-03-19,2020031901017384,NIL,22,44,150,490.00,"73,500.00"
2020-03-19,2020031901017383,NIL,13,44,20,490.00,"9,800.00"
2020-03-19,2020031901017382,NIL,6,44,41,491.00,"20,131.00"
2020-03-19,2020031901017708,NLG,45,16,160,550.00,"88,000.00"
2020-03-19,2020031901017713,NLIC,14,34,50,"1,059.00","52,950.00"
2020-03-19,2020031901017702,NLIC,14,26,200,"1,059.00","211,800.00"
2020-03-19,2020031901017689,NLIC,49,34,150,"1,060.00","159,000.00"
2020-03-19,2020031901017682,NLIC,45,1,37,"1,061.00","39,257.00"
2020-03-19,2020031901017638,NLIC,14,41,30,"1,060.00","31,800.00"
2020-03-19,2020031901017623,NLIC,29,57,100,"1,058.00","105,800.00"
2020-03-19,2020031901017349,NLIC,26,57,100,"1,060.00","106,000.00"
2020-03-19,2020031901017348,NLIC,25,57,200,"1,061.00","212,200.00"
2020-03-19,2020031901017336,NLIC,41,45,60,"1,064.00","63,840.00"
2020-03-19,2020031901017334,NLIC,14,50,200,"1,062.00","212,400.00"
2020-03-19,2020031901017323,NLIC,19,42,30,"1,063.00","31,890.00"
2020-03-19,2020031901017448,NLIC,36,1,163,"1,061.00","172,943.00"
2020-03-19,2020031901017447,NLIC,36,43,47,"1,060.00","49,820.00"
2020-03-19,2020031901017446,NLIC,36,38,40,"1,057.00","42,280.00"
2020-03-19,2020031901017445,NLIC,35,38,10,"1,057.00","10,570.00"
2020-03-19,2020031901017416,NLIC,19,43,20,"1,060.00","21,200.00"
2020-03-19,2020031901017400,NLIC,26,43,141,"1,060.00","149,460.00"
2020-03-19,2020031901017601,NLIC,39,7,100,"1,058.00","105,800.00"
2020-03-19,2020031901017485,NLIC,14,1,150,"1,056.00","158,400.00"
2020-03-19,2020031901017484,NLIC,36,1,50,"1,057.00","52,850.00"
2020-03-19,2020031901017483,NLIC,33,1,100,"1,060.00","106,000.00"
2020-03-19,2020031901017482,NLIC,33,21,100,"1,060.00","106,000.00"
2020-03-19,2020031901017481,NLIC,33,6,100,"1,060.00","106,000.00"
2020-03-19,2020031901017524,NLICL,28,32,134,585.00,"78,390.00"
2020-03-19,2020031901017523,NLICL,28,52,136,585.00,"79,560.00"
2020-03-19,2020031901017522,NLICL,28,51,50,584.00,"29,200.00"
2020-03-19,2020031901017521,NLICL,28,51,500,580.00,"290,000.00"
2020-03-19,2020031901017520,NLICL,28,51,180,580.00,"104,400.00"
2020-03-19,2020031901017327,NLICL,52,51,170,580.00,"98,600.00"
2020-03-19,2020031901017716,NMB,38,53,200,390.00,"78,000.00"
2020-03-19,2020031901017637,NMB,48,32,30,391.00,"11,730.00"
2020-03-19,2020031901017636,NMB,48,38,50,391.00,"19,550.00"
2020-03-19,2020031901017538,NMB,48,58,20,390.00,"7,800.00"
2020-03-19,2020031901017537,NMB,56,58,100,390.00,"39,000.00"
2020-03-19,2020031901017507,NMB,40,58,200,390.00,"78,000.00"
2020-03-19,2020031901017329,NMB,43,33,500,391.00,"195,500.00"
2020-03-19,2020031901017500,NMB,41,58,200,390.00,"78,000.00"
2020-03-19,2020031901017499,NMB,13,58,500,390.00,"195,000.00"
2020-03-19,2020031901017498,NMB,3,58,200,390.00,"78,000.00"
2020-03-19,2020031901017497,NMB,29,58,570,390.00,"222,300.00"
2020-03-19,2020031901017492,NMB,45,33,312,391.00,"121,992.00"
2020-03-19,2020031901017351,NMB,34,33,100,391.00,"39,100.00"
2020-03-19,2020031901017506,NMB,37,58,100,390.00,"39,000.00"
2020-03-19,2020031901017505,NMB,41,58,200,390.00,"78,000.00"
2020-03-19,2020031901017504,NMB,51,58,100,390.00,"39,000.00"
2020-03-19,2020031901017503,NMB,53,58,200,390.00,"78,000.00"
2020-03-19,2020031901017502,NMB,51,58,10,390.00,"3,900.00"
2020-03-19,2020031901017501,NMB,1,58,100,390.00,"39,000.00"
2020-03-19,2020031901017340,NTC,59,45,10,610.00,"6,100.00"
2020-03-19,2020031901017300,NTC,35,59,43,600.00,"25,800.00"
2020-03-19,2020031901017299,NTC,57,59,10,600.00,"6,000.00"
2020-03-19,2020031901017298,NTC,3,59,100,600.00,"60,000.00"
2020-03-19,2020031901017297,NTC,34,59,160,600.00,"96,000.00"
2020-03-19,2020031901017296,NTC,54,59,50,600.00,"30,000.00"
2020-03-19,2020031901017295,NTC,48,59,45,600.00,"27,000.00"
2020-03-19,2020031901017294,NTC,25,59,100,600.00,"60,000.00"
2020-03-19,2020031901017293,NTC,44,59,100,600.00,"60,000.00"
2020-03-19,2020031901017381,OHL,34,39,417,334.00,"139,278.00"
2020-03-19,2020031901017732,PCBL,14,13,300,263.00,"78,900.00"
2020-03-19,2020031901017651,PCBL,6,26,60,261.00,"15,660.00"
2020-03-19,2020031901017650,PCBL,42,26,100,262.00,"26,200.00"
2020-03-19,2020031901017649,PCBL,45,26,100,262.00,"26,200.00"
2020-03-19,2020031901017648,PCBL,32,26,100,262.00,"26,200.00"
2020-03-19,2020031901017571,PCBL,32,43,200,262.00,"52,400.00"
2020-03-19,2020031901017551,PCBL,1,13,100,263.00,"26,300.00"
2020-03-19,2020031901017550,PCBL,45,13,100,263.00,"26,300.00"
2020-03-19,2020031901017525,PCBL,8,25,"1,042",264.00,"275,088.00"
2020-03-19,2020031901017415,PCBL,8,22,208,264.00,"54,912.00"
2020-03-19,2020031901017414,PCBL,8,22,250,264.00,"66,000.00"
2020-03-19,2020031901017413,PCBL,8,35,500,264.00,"132,000.00"
2020-03-19,2020031901017510,PFL,35,22,60,150.00,"9,000.00"
2020-03-19,2020031901017370,PFL,22,22,50,150.00,"7,500.00"
2020-03-19,2020031901017678,PIC,17,56,100,500.00,"50,000.00"
2020-03-19,2020031901017677,PIC,42,56,723,500.00,"361,500.00"
2020-03-19,2020031901017676,PIC,37,56,645,501.00,"323,145.00"
2020-03-19,2020031901017675,PIC,36,56,50,501.00,"25,050.00"
2020-03-19,2020031901017674,PIC,33,56,90,501.00,"45,090.00"
2020-03-19,2020031901017469,PIC,58,44,"3,000",501.00,"1,503,000.00"
2020-03-19,2020031901017496,PICL,10,6,60,389.00,"23,340.00"
2020-03-19,2020031901017495,PICL,10,55,40,388.00,"15,520.00"
2020-03-19,2020031901017574,PLIC,55,8,21,520.00,"10,920.00"
2020-03-19,2020031901017573,PLIC,55,25,53,520.00,"27,560.00"
2020-03-19,2020031901017526,PLIC,51,45,"1,000",510.00,"510,000.00"
2020-03-19,2020031901017441,PLIC,14,50,200,509.00,"101,800.00"
2020-03-19,2020031901017440,PLIC,49,50,30,509.00,"15,270.00"
2020-03-19,2020031901017439,PLIC,38,50,90,509.00,"45,810.00"
2020-03-19,2020031901017438,PLIC,38,50,100,510.00,"51,000.00"
2020-03-19,2020031901017437,PLIC,42,50,55,510.00,"28,050.00"
2020-03-19,2020031901017436,PLIC,14,50,20,515.00,"10,300.00"
2020-03-19,2020031901017663,PRIN,48,26,102,365.00,"37,230.00"
2020-03-19,2020031901017662,PRIN,43,26,100,366.00,"36,600.00"
2020-03-19,2020031901017718,PRVU,33,42,500,227.00,"113,500.00"
2020-03-19,2020031901017699,PRVU,25,42,58,226.00,"13,108.00"
2020-03-19,2020031901017539,PRVU,25,4,500,226.00,"113,000.00"
2020-03-19,2020031901017372,PRVU,43,42,43,227.00,"9,761.00"
2020-03-19,2020031901017371,PRVU,43,4,957,227.00,"217,239.00"
2020-03-19,2020031901017325,RBCL,35,3,10,"9,000.00","90,000.00"
2020-03-19,2020031901017324,RBCL,35,18,10,"9,000.00","90,000.00"
2020-03-19,2020031901017468,RHPC,42,55,100,81.00,"8,100.00"
2020-03-19,2020031901017467,RHPC,42,52,100,81.00,"8,100.00"
2020-03-19,2020031901017393,RHPL,6,55,200,149.00,"29,800.00"
2020-03-19,2020031901017681,SANIMA,41,26,52,320.00,"16,640.00"
2020-03-19,2020031901017680,SANIMA,52,26,200,320.00,"64,000.00"
2020-03-19,2020031901017679,SANIMA,42,26,130,320.00,"41,600.00"
2020-03-19,2020031901017557,SANIMA,42,38,170,320.00,"54,400.00"
2020-03-19,2020031901017556,SANIMA,58,38,330,320.00,"105,600.00"
2020-03-19,2020031901017555,SANIMA,58,7,170,320.00,"54,400.00"
2020-03-19,2020031901017554,SANIMA,45,7,100,320.00,"32,000.00"
2020-03-19,2020031901017553,SANIMA,6,7,30,321.00,"9,630.00"
2020-03-19,2020031901017466,SANIMA,14,50,500,322.00,"161,000.00"
2020-03-19,2020031901017666,SAPDBL,26,58,13,120.00,"1,560.00"
2020-03-19,2020031901017733,SBI,45,45,150,417.00,"62,550.00"
2020-03-19,2020031901017514,SBL,25,5,516,291.00,"150,156.00"
2020-03-19,2020031901017513,SBL,13,5,203,291.00,"59,073.00"
2020-03-19,2020031901017512,SBL,43,5,200,292.00,"58,400.00"
2020-03-19,2020031901017511,SBL,58,5,81,292.00,"23,652.00"
2020-03-19,2020031901017464,SBL,58,7,419,292.00,"122,348.00"
2020-03-19,2020031901017463,SBL,22,7,19,292.00,"5,548.00"
2020-03-19,2020031901017462,SBL,43,7,50,292.00,"14,600.00"
2020-03-19,2020031901017430,SBL,43,7,450,292.00,"131,400.00"
2020-03-19,2020031901017429,SBL,49,7,50,292.00,"14,600.00"
2020-03-19,2020031901017720,SCB,19,34,83,604.00,"50,132.00"
2020-03-19,2020031901017535,SCB,49,7,115,601.00,"69,115.00"
2020-03-19,2020031901017534,SCB,37,7,150,601.00,"90,150.00"
2020-03-19,2020031901017533,SCB,44,7,30,601.00,"18,030.00"
2020-03-19,2020031901017532,SCB,14,7,90,601.00,"54,090.00"
2020-03-19,2020031901017476,SCB,14,21,10,601.00,"6,010.00"
2020-03-19,2020031901017433,SCB,22,44,633,606.00,"383,598.00"
2020-03-19,2020031901017726,SDESI,34,33,50,788.00,"39,400.00"
2020-03-19,2020031901017725,SDESI,48,33,100,790.00,"79,000.00"
2020-03-19,2020031901017724,SDESI,41,33,50,790.00,"39,500.00"
2020-03-19,2020031901017333,SHINE,47,57,150,260.00,"39,000.00"
2020-03-19,2020031901017570,SHINE,21,43,300,262.00,"78,600.00"
2020-03-19,2020031901017683,SHIVM,4,16,50,504.00,"25,200.00"
2020-03-19,2020031901017646,SHIVM,33,16,80,504.00,"40,320.00"
2020-03-19,2020031901017645,SHIVM,33,21,100,503.00,"50,300.00"
2020-03-19,2020031901017622,SHIVM,33,45,220,503.00,"110,660.00"
2020-03-19,2020031901017604,SHIVM,29,35,200,502.00,"100,400.00"
2020-03-19,2020031901017343,SHIVM,5,52,100,503.00,"50,300.00"
2020-03-19,2020031901017318,SHIVM,5,33,100,503.00,"50,300.00"
2020-03-19,2020031901017583,SHIVM,39,45,200,503.00,"100,600.00"
2020-03-19,2020031901017442,SHIVM,29,45,80,503.00,"40,240.00"
2020-03-19,2020031901017402,SHIVM,29,35,420,503.00,"211,260.00"
2020-03-19,2020031901017401,SHIVM,5,35,280,503.00,"140,840.00"
2020-03-19,2020031901017394,SHIVM,5,34,20,503.00,"10,060.00"
2020-03-19,2020031901017352,SHIVM,5,38,500,503.00,"251,500.00"
2020-03-19,2020031901017585,SHL,35,5,200,158.00,"31,600.00"
2020-03-19,2020031901017494,SHPC,49,57,200,199.00,"39,800.00"
2020-03-19,2020031901017602,SICL,39,35,60,850.00,"51,000.00"
2020-03-19,2020031901017548,SICL,38,5,100,854.00,"85,400.00"
2020-03-19,2020031901017455,SICL,42,5,50,854.00,"42,700.00"
2020-03-19,2020031901017392,SICL,18,5,20,854.00,"17,080.00"
2020-03-19,2020031901017303,SICL,57,7,65,844.00,"54,860.00"
2020-03-19,2020031901017302,SICL,39,7,35,845.00,"29,575.00"
2020-03-19,2020031901017301,SICL,56,7,50,846.00,"42,300.00"
2020-03-19,2020031901017698,SLBBL,34,57,500,775.00,"387,500.00"
2020-03-19,2020031901017697,SLBBL,34,21,100,773.00,"77,300.00"
2020-03-19,2020031901017696,SLBBL,34,1,16,773.00,"12,368.00"
2020-03-19,2020031901017695,SLBBL,34,1,500,772.00,"386,000.00"
2020-03-19,2020031901017694,SLBBL,34,22,150,770.00,"115,500.00"
2020-03-19,2020031901017693,SLBBL,34,57,200,770.00,"154,000.00"
2020-03-19,2020031901017692,SLBBL,34,34,50,770.00,"38,500.00"
2020-03-19,2020031901017691,SLBBL,34,45,93,770.00,"71,610.00"
2020-03-19,2020031901017690,SLBBL,34,56,266,769.00,"204,554.00"
2020-03-19,2020031901017542,SLBBL,5,56,50,769.00,"38,450.00"
2020-03-19,2020031901017712,SLICL,51,34,50,375.00,"18,750.00"
2020-03-19,2020031901017703,SLICL,57,38,100,377.00,"37,700.00"
2020-03-19,2020031901017627,SMB,34,59,20,740.00,"14,800.00"
2020-03-19,2020031901017593,SMB,29,59,200,741.00,"148,200.00"
2020-03-19,2020031901017592,SMB,56,59,50,741.00,"37,050.00"
2020-03-19,2020031901017591,SMB,48,59,100,742.00,"74,200.00"
2020-03-19,2020031901017590,SMB,49,59,50,744.00,"37,200.00"
2020-03-19,2020031901017589,SMB,26,59,110,745.00,"81,950.00"
2020-03-19,2020031901017328,SPARS,43,18,10,710.00,"7,100.00"
2020-03-19,2020031901017460,SRBL,19,22,58,240.00,"13,920.00"
2020-03-19,2020031901017459,SRBL,19,16,50,240.00,"12,000.00"
2020-03-19,2020031901017458,SRBL,19,28,892,240.00,"214,080.00"
2020-03-19,2020031901017457,SRBL,14,28,100,240.00,"24,000.00"
2020-03-19,2020031901017600,UIC,45,53,64,312.00,"19,968.00"
2020-03-19,2020031901017475,UIC,41,5,124,314.00,"38,936.00"
2020-03-19,2020031901017461,UIC,45,7,400,312.00,"124,800.00"
2020-03-19,2020031901017309,UIC,19,21,100,314.00,"31,400.00"
2020-03-19,2020031901017350,UNHPL,1,58,30,53.00,"1,590.00"
2020-03-19,2020031901017474,UPPER,51,55,700,228.00,"159,600.00"
2020-03-19,2020031901017704,VLBS,45,38,100,900.00,"90,000.00"
2020-03-19,2020031901017165,ADBL,45,25,29,375.00,"10,875.00"
2020-03-19,2020031901016918,ADBL,45,18,13,375.00,"4,875.00"
2020-03-19,2020031901016905,AHPC,21,38,990,93.00,"92,070.00"
2020-03-19,2020031901017206,ALBSL,25,36,50,615.00,"30,750.00"
2020-03-19,2020031901017205,ALBSL,47,36,10,616.00,"6,160.00"
2020-03-19,2020031901017204,ALBSL,14,36,15,616.00,"9,240.00"
2020-03-19,2020031901017203,ALBSL,14,36,20,617.00,"12,340.00"
2020-03-19,2020031901017072,ALICL,19,32,500,489.00,"244,500.00"
2020-03-19,2020031901017071,ALICL,19,51,100,488.00,"48,800.00"
2020-03-19,2020031901017070,ALICL,19,57,400,488.00,"195,200.00"
2020-03-19,2020031901017057,ALICL,25,57,200,488.00,"97,600.00"
2020-03-19,2020031901017056,ALICL,25,45,100,488.00,"48,800.00"
2020-03-19,2020031901017023,ALICL,58,38,844,484.00,"408,496.00"
2020-03-19,2020031901017022,ALICL,25,51,100,487.00,"48,700.00"
2020-03-19,2020031901017021,ALICL,25,40,500,487.00,"243,500.00"
2020-03-19,2020031901016846,API,25,5,129,105.00,"13,545.00"
2020-03-19,2020031901016803,API,43,58,500,104.00,"52,000.00"
2020-03-19,2020031901016802,API,38,58,100,104.00,"10,400.00"
2020-03-19,2020031901016801,API,40,58,"3,331",104.00,"346,424.00"
2020-03-19,2020031901017185,BOKL,47,10,50,222.00,"11,100.00"
2020-03-19,2020031901017184,BOKL,14,10,100,222.00,"22,200.00"
2020-03-19,2020031901017183,BOKL,36,10,50,222.00,"11,100.00"
2020-03-19,2020031901017182,BOKL,3,10,200,223.00,"44,600.00"
2020-03-19,2020031901016817,BOKL,34,45,246,223.00,"54,858.00"
2020-03-19,2020031901016955,BPCL,54,45,272,326.00,"88,672.00"
2020-03-19,2020031901016954,BPCL,45,45,28,326.00,"9,128.00"
2020-03-19,2020031901017258,CBBL,49,58,50,975.00,"48,750.00"
2020-03-19,2020031901017257,CBBL,49,58,150,975.00,"146,250.00"
2020-03-19,2020031901017256,CBBL,17,58,200,975.00,"195,000.00"
2020-03-19,2020031901017171,CBBL,51,45,11,980.00,"10,780.00"
2020-03-19,2020031901017170,CBBL,18,45,20,980.00,"19,600.00"
2020-03-19,2020031901017216,CBL,39,10,400,140.00,"56,000.00"
2020-03-19,2020031901016913,CBL,39,46,49,140.00,"6,860.00"
2020-03-19,2020031901017269,CCBL,8,35,100,160.00,"16,000.00"
2020-03-19,2020031901017268,CCBL,39,35,306,160.00,"48,960.00"
2020-03-19,2020031901017193,CCBL,45,7,25,161.00,"4,025.00"
2020-03-19,2020031901017187,CCBL,39,17,500,160.00,"80,000.00"
2020-03-19,2020031901017107,CCBL,45,7,189,161.00,"30,429.00"
2020-03-19,2020031901017106,CCBL,45,18,61,161.00,"9,821.00"
2020-03-19,2020031901017066,CCBL,39,20,54,160.00,"8,640.00"
2020-03-19,2020031901016959,CCBL,14,18,100,161.00,"16,100.00"
2020-03-19,2020031901017038,CFCL,33,4,"1,700",114.00,"193,800.00"
2020-03-19,2020031901017019,CFCL,37,4,300,114.00,"34,200.00"
2020-03-19,2020031901017004,CFCL,43,4,100,114.00,"11,400.00"
2020-03-19,2020031901016911,CHCL,46,13,"1,000",377.00,"377,000.00"
2020-03-19,2020031901017149,CIT,35,5,60,"2,460.00","147,600.00"
2020-03-19,2020031901017015,CIT,38,42,20,"2,460.00","49,200.00"
2020-03-19,2020031901016939,CIT,38,42,200,"2,460.00","492,000.00"
2020-03-19,2020031901016934,CIT,52,42,100,"2,460.00","246,000.00"
2020-03-19,2020031901016914,CIT,7,42,80,"2,460.00","196,800.00"
2020-03-19,2020031901016807,CIT,35,34,30,"2,468.00","74,040.00"
2020-03-19,2020031901017202,CLBSL,39,28,50,"1,010.00","50,500.00"
2020-03-19,2020031901017215,CZBIL,6,55,200,183.00,"36,600.00"
2020-03-19,2020031901017135,CZBIL,6,20,27,183.00,"4,941.00"
2020-03-19,2020031901017014,CZBIL,19,13,100,184.00,"18,400.00"
2020-03-19,2020031901017009,CZBIL,42,38,50,185.00,"9,250.00"
2020-03-19,2020031901016984,CZBIL,45,38,15,185.00,"2,775.00"
2020-03-19,2020031901016830,CZBIL,22,38,30,185.00,"5,550.00"
2020-03-19,2020031901016813,CZBIL,1,38,100,185.00,"18,500.00"
2020-03-19,2020031901016796,CZBIL,34,38,100,185.00,"18,500.00"
2020-03-19,2020031901016989,DDBL,55,26,27,755.00,"20,385.00"
2020-03-19,2020031901016988,DDBL,54,26,100,756.00,"75,600.00"
2020-03-19,2020031901017244,EBL,41,51,10,640.00,"6,400.00"
2020-03-19,2020031901016822,EBL,41,44,32,640.00,"20,480.00"
2020-03-19,2020031901016821,EBL,41,4,10,640.00,"6,400.00"
2020-03-19,2020031901016836,EBL,10,11,10,641.00,"6,410.00"
2020-03-19,2020031901016826,EBL,41,44,100,640.00,"64,000.00"
2020-03-19,2020031901016825,EBL,41,45,10,640.00,"6,400.00"
2020-03-19,2020031901016824,EBL,41,11,100,640.00,"64,000.00"
2020-03-19,2020031901016823,EBL,41,11,10,640.00,"6,400.00"
2020-03-19,2020031901016997,EBL,41,26,300,640.00,"192,000.00"
2020-03-19,2020031901016841,EBL,10,53,434,645.00,"279,930.00"
2020-03-19,2020031901016840,EBL,10,39,200,645.00,"129,000.00"
2020-03-19,2020031901016839,EBL,10,58,682,644.00,"439,208.00"
2020-03-19,2020031901016838,EBL,10,45,15,642.00,"9,630.00"
2020-03-19,2020031901016837,EBL,10,28,40,642.00,"25,680.00"
2020-03-19,2020031901017096,EDBL,19,36,70,379.00,"26,530.00"
2020-03-19,2020031901017095,EDBL,28,36,100,380.00,"38,000.00"
2020-03-19,2020031901017094,EDBL,29,36,200,380.00,"76,000.00"
2020-03-19,2020031901017093,EDBL,50,36,100,381.00,"38,100.00"
2020-03-19,2020031901017092,EDBL,29,36,30,381.00,"11,430.00"
2020-03-19,2020031901016962,EDBL,19,38,130,382.00,"49,660.00"
2020-03-19,2020031901016961,EDBL,19,5,35,382.00,"13,370.00"
2020-03-19,2020031901016960,EDBL,19,28,350,382.00,"133,700.00"
2020-03-19,2020031901016916,EDBL,35,28,50,382.00,"19,100.00"
2020-03-19,2020031901016896,EDBL,52,28,200,382.00,"76,400.00"
2020-03-19,2020031901017211,EIC,45,21,10,339.00,"3,390.00"
2020-03-19,2020031901017210,EIC,17,21,300,339.00,"101,700.00"
2020-03-19,2020031901017163,EIC,49,28,157,340.00,"53,380.00"
2020-03-19,2020031901017162,EIC,49,13,43,340.00,"14,620.00"
2020-03-19,2020031901017132,EIC,48,13,227,340.00,"77,180.00"
2020-03-19,2020031901017131,EIC,48,42,173,340.00,"58,820.00"
2020-03-19,2020031901017042,EIC,48,42,100,340.00,"34,000.00"
2020-03-19,2020031901016963,EIC,45,42,10,340.00,"3,400.00"
2020-03-19,2020031901017265,FMDBL,57,43,30,446.00,"13,380.00"
2020-03-19,2020031901017194,FMDBL,45,52,100,449.00,"44,900.00"
2020-03-19,2020031901017119,FMDBL,19,32,100,450.00,"45,000.00"
2020-03-19,2020031901017118,FMDBL,57,32,228,450.00,"102,600.00"
2020-03-19,2020031901017000,FMDBL,3,55,200,452.00,"90,400.00"
2020-03-19,2020031901016927,FMDBL,7,58,30,455.00,"13,650.00"
2020-03-19,2020031901016912,FMDBL,36,58,241,455.00,"109,655.00"
