Date,Transact. No.,Symbol,Buyer,Seller,Quantity,Rate,Amount
2021-03-07,2021030705010415,CGH,55,45,10,665.00,"6,650.00"
2021-03-07,2021030705010185,CGH,55,58,10,665.00,"6,650.00"
2021-03-07,2021030705010636,NIFRA,45,17,50,542.00,"27,100.00"
2021-03-07,2021030705010634,NIFRA,21,17,210,542.00,"113,820.00"
2021-03-07,2021030705010633,NIFRA,21,45,130,542.00,"70,460.00"
2021-03-07,2021030705010632,NIFRA,21,14,60,541.00,"32,460.00"
2021-03-07,2021030705010631,NIFRA,16,32,50,540.00,"27,000.00"
2021-03-07,2021030705010630,NIFRA,28,45,100,542.00,"54,200.00"
2021-03-07,2021030705010140,NIFRA,42,6,60,541.00,"32,460.00"
2021-03-07,2021030705010139,NIFRA,42,51,50,541.00,"27,050.00"
2021-03-07,2021030705010138,NIFRA,42,55,50,541.00,"27,050.00"
2021-03-07,2021030705010146,NIFRA,42,7,10,542.00,"5,420.00"
2021-03-07,2021030705010145,NIFRA,42,36,50,542.00,"27,100.00"
2021-03-07,2021030705010144,NIFRA,42,50,30,542.00,"16,260.00"
2021-03-07,2021030705010143,NIFRA,42,3,60,542.00,"32,520.00"
2021-03-07,2021030705010142,NIFRA,42,51,40,541.00,"21,640.00"
2021-03-07,2021030705010141,NIFRA,42,45,50,541.00,"27,050.00"
2021-03-07,2021030705010153,NIFRA,18,38,60,541.00,"32,460.00"
2021-03-07,2021030705010152,NIFRA,18,34,50,541.00,"27,050.00"
2021-03-07,2021030705010151,NIFRA,18,52,20,541.00,"10,820.00"
2021-03-07,2021030705010150,NIFRA,18,44,60,541.00,"32,460.00"
2021-03-07,2021030705010148,NIFRA,42,14,50,542.00,"27,100.00"
2021-03-07,2021030705010147,NIFRA,42,38,50,542.00,"27,100.00"
2021-03-07,2021030705010162,NIFRA,38,45,50,541.00,"27,050.00"
2021-03-07,2021030705010161,NIFRA,25,34,58,540.00,"31,320.00"
2021-03-07,2021030705010159,NIFRA,29,28,50,541.00,"27,050.00"
2021-03-07,2021030705010157,NIFRA,6,28,10,541.00,"5,410.00"
2021-03-07,2021030705010156,NIFRA,6,52,50,541.00,"27,050.00"
2021-03-07,2021030705010154,NIFRA,18,29,20,541.00,"10,820.00"
2021-03-07,2021030705010169,NIFRA,46,22,22,540.00,"11,880.00"
2021-03-07,2021030705010168,NIFRA,53,22,50,540.00,"27,000.00"
2021-03-07,2021030705010166,NIFRA,53,43,50,542.00,"27,100.00"
2021-03-07,2021030705010165,NIFRA,53,14,50,542.00,"27,100.00"
2021-03-07,2021030705010164,NIFRA,38,14,400,542.00,"216,800.00"
2021-03-07,2021030705010163,NIFRA,38,51,50,541.00,"27,050.00"
2021-03-07,2021030705010177,NIFRA,44,18,500,540.00,"270,000.00"
2021-03-07,2021030705010176,NIFRA,50,18,72,540.00,"38,880.00"
2021-03-07,2021030705010175,NIFRA,55,18,20,541.00,"10,820.00"
2021-03-07,2021030705010174,NIFRA,55,58,10,541.00,"5,410.00"
2021-03-07,2021030705010172,NIFRA,38,58,50,541.00,"27,050.00"
2021-03-07,2021030705010170,NIFRA,50,22,28,540.00,"15,120.00"
2021-03-07,2021030705010183,NIFRA,18,18,563,540.00,"304,020.00"
2021-03-07,2021030705010182,NIFRA,14,18,50,540.00,"27,000.00"
2021-03-07,2021030705010181,NIFRA,52,18,495,540.00,"267,300.00"
2021-03-07,2021030705010180,NIFRA,36,18,100,540.00,"54,000.00"
2021-03-07,2021030705010179,NIFRA,22,18,50,540.00,"27,000.00"
2021-03-07,2021030705010178,NIFRA,38,18,200,540.00,"108,000.00"
2021-03-07,2021030705010193,NIFRA,18,34,50,540.00,"27,000.00"
2021-03-07,2021030705010191,NIFRA,18,38,50,540.00,"27,000.00"
2021-03-07,2021030705010190,NIFRA,57,43,100,542.00,"54,200.00"
2021-03-07,2021030705010189,NIFRA,18,38,10,540.00,"5,400.00"
2021-03-07,2021030705010188,NIFRA,58,38,50,541.00,"27,050.00"
2021-03-07,2021030705010184,NIFRA,17,43,400,542.00,"216,800.00"
2021-03-07,2021030705010200,NIFRA,59,34,50,541.00,"27,050.00"
2021-03-07,2021030705010198,NIFRA,59,58,50,541.00,"27,050.00"
2021-03-07,2021030705010197,NIFRA,59,51,50,541.00,"27,050.00"
2021-03-07,2021030705010196,NIFRA,18,51,150,540.00,"81,000.00"
2021-03-07,2021030705010195,NIFRA,18,4,50,540.00,"27,000.00"
2021-03-07,2021030705010194,NIFRA,18,45,50,540.00,"27,000.00"
2021-03-07,2021030705010207,NIFRA,59,49,50,541.00,"27,050.00"
2021-03-07,2021030705010206,NIFRA,59,51,50,541.00,"27,050.00"
2021-03-07,2021030705010205,NIFRA,59,51,50,541.00,"27,050.00"
2021-03-07,2021030705010203,NIFRA,59,58,50,541.00,"27,050.00"
2021-03-07,2021030705010202,NIFRA,59,17,50,541.00,"27,050.00"
2021-03-07,2021030705010201,NIFRA,59,57,40,541.00,"21,640.00"
2021-03-07,2021030705010213,NIFRA,13,44,50,540.00,"27,000.00"
2021-03-07,2021030705010212,NIFRA,42,44,100,540.00,"54,000.00"
2021-03-07,2021030705010211,NIFRA,18,44,77,540.00,"41,580.00"
2021-03-07,2021030705010210,NIFRA,36,42,50,541.00,"27,050.00"
2021-03-07,2021030705010209,NIFRA,36,45,50,541.00,"27,050.00"
2021-03-07,2021030705010208,NIFRA,59,34,60,541.00,"32,460.00"
2021-03-07,2021030705010219,NIFRA,56,3,50,540.00,"27,000.00"
2021-03-07,2021030705010218,NIFRA,4,44,100,540.00,"54,000.00"
2021-03-07,2021030705010217,NIFRA,41,44,20,540.00,"10,800.00"
2021-03-07,2021030705010216,NIFRA,49,44,50,540.00,"27,000.00"
2021-03-07,2021030705010215,NIFRA,22,44,500,540.00,"270,000.00"
2021-03-07,2021030705010214,NIFRA,49,44,100,540.00,"54,000.00"
2021-03-07,2021030705010227,NIFRA,25,4,10,541.00,"5,410.00"
2021-03-07,2021030705010226,NIFRA,42,4,40,541.00,"21,640.00"
2021-03-07,2021030705010225,NIFRA,17,34,50,540.00,"27,000.00"
2021-03-07,2021030705010224,NIFRA,17,42,10,541.00,"5,410.00"
2021-03-07,2021030705010223,NIFRA,17,5,50,540.00,"27,000.00"
2021-03-07,2021030705010221,NIFRA,56,38,50,540.00,"27,000.00"
2021-03-07,2021030705010235,NIFRA,18,3,50,540.00,"27,000.00"
2021-03-07,2021030705010234,NIFRA,18,34,60,540.00,"32,400.00"
2021-03-07,2021030705010233,NIFRA,18,4,10,540.00,"5,400.00"
2021-03-07,2021030705010232,NIFRA,49,4,40,540.00,"21,600.00"
2021-03-07,2021030705010229,NIFRA,49,3,60,540.00,"32,400.00"
2021-03-07,2021030705010228,NIFRA,25,57,15,541.00,"8,115.00"
2021-03-07,2021030705010241,NIFRA,18,3,50,540.00,"27,000.00"
2021-03-07,2021030705010240,NIFRA,18,58,10,540.00,"5,400.00"
2021-03-07,2021030705010239,NIFRA,18,34,50,540.00,"27,000.00"
2021-03-07,2021030705010238,NIFRA,18,57,50,541.00,"27,050.00"
2021-03-07,2021030705010237,NIFRA,18,29,50,541.00,"27,050.00"
2021-03-07,2021030705010236,NIFRA,18,57,45,541.00,"24,345.00"
2021-03-07,2021030705010247,NIFRA,21,3,60,541.00,"32,460.00"
2021-03-07,2021030705010246,NIFRA,54,43,150,542.00,"81,300.00"
2021-03-07,2021030705010245,NIFRA,21,25,10,541.00,"5,410.00"
2021-03-07,2021030705010244,NIFRA,18,49,10,540.00,"5,400.00"
2021-03-07,2021030705010243,NIFRA,17,58,50,541.00,"27,050.00"
2021-03-07,2021030705010242,NIFRA,18,54,50,540.00,"27,000.00"
2021-03-07,2021030705010253,NIFRA,54,58,50,542.00,"27,100.00"
2021-03-07,2021030705010252,NIFRA,54,58,60,542.00,"32,520.00"
2021-03-07,2021030705010251,NIFRA,54,43,300,542.00,"162,600.00"
2021-03-07,2021030705010250,NIFRA,57,34,20,540.00,"10,800.00"
2021-03-07,2021030705010249,NIFRA,18,34,10,540.00,"5,400.00"
2021-03-07,2021030705010248,NIFRA,21,34,30,541.00,"16,230.00"
2021-03-07,2021030705010264,NIFRA,14,3,50,541.00,"27,050.00"
2021-03-07,2021030705010258,NIFRA,54,43,450,542.00,"243,900.00"
2021-03-07,2021030705010257,NIFRA,54,58,40,542.00,"21,680.00"
2021-03-07,2021030705010256,NIFRA,54,6,30,542.00,"16,260.00"
2021-03-07,2021030705010255,NIFRA,54,19,20,542.00,"10,840.00"
2021-03-07,2021030705010254,NIFRA,54,47,50,542.00,"27,100.00"
2021-03-07,2021030705010271,NIFRA,22,43,30,540.00,"16,200.00"
2021-03-07,2021030705010270,NIFRA,22,47,30,540.00,"16,200.00"
2021-03-07,2021030705010269,NIFRA,57,47,20,540.00,"10,800.00"
2021-03-07,2021030705010268,NIFRA,58,43,10,542.00,"5,420.00"
2021-03-07,2021030705010267,NIFRA,57,34,60,540.00,"32,400.00"
2021-03-07,2021030705010266,NIFRA,14,58,50,541.00,"27,050.00"
2021-03-07,2021030705010278,NIFRA,35,54,60,540.00,"32,400.00"
2021-03-07,2021030705010277,NIFRA,35,34,50,540.00,"27,000.00"
2021-03-07,2021030705010276,NIFRA,36,43,470,542.00,"254,740.00"
2021-03-07,2021030705010275,NIFRA,36,45,30,541.00,"16,230.00"
2021-03-07,2021030705010274,NIFRA,35,32,10,540.00,"5,400.00"
2021-03-07,2021030705010273,NIFRA,22,32,40,540.00,"21,600.00"
2021-03-07,2021030705010284,NIFRA,35,34,60,540.00,"32,400.00"
2021-03-07,2021030705010283,NIFRA,35,21,60,540.00,"32,400.00"
2021-03-07,2021030705010282,NIFRA,36,57,25,541.00,"13,525.00"
2021-03-07,2021030705010281,NIFRA,42,57,10,541.00,"5,410.00"
2021-03-07,2021030705010280,NIFRA,42,14,60,541.00,"32,460.00"
2021-03-07,2021030705010279,NIFRA,35,44,50,540.00,"27,000.00"
2021-03-07,2021030705010293,NIFRA,35,34,50,540.00,"27,000.00"
2021-03-07,2021030705010291,NIFRA,35,54,60,540.00,"32,400.00"
2021-03-07,2021030705010290,NIFRA,35,47,60,540.00,"32,400.00"
2021-03-07,2021030705010288,NIFRA,35,44,60,540.00,"32,400.00"
2021-03-07,2021030705010287,NIFRA,35,58,40,540.00,"21,600.00"
2021-03-07,2021030705010286,NIFRA,35,58,60,540.00,"32,400.00"
2021-03-07,2021030705010299,NIFRA,35,34,50,540.00,"27,000.00"
2021-03-07,2021030705010298,NIFRA,35,47,50,540.00,"27,000.00"
2021-03-07,2021030705010297,NIFRA,35,42,50,540.00,"27,000.00"
2021-03-07,2021030705010296,NIFRA,35,38,10,540.00,"5,400.00"
2021-03-07,2021030705010295,NIFRA,35,56,60,540.00,"32,400.00"
2021-03-07,2021030705010294,NIFRA,35,58,60,540.00,"32,400.00"
2021-03-07,2021030705010305,NIFRA,41,44,50,540.00,"27,000.00"
2021-03-07,2021030705010304,NIFRA,41,59,330,540.00,"178,200.00"
2021-03-07,2021030705010303,NIFRA,45,59,410,540.00,"221,400.00"
2021-03-07,2021030705010302,NIFRA,16,59,50,540.00,"27,000.00"
2021-03-07,2021030705010301,NIFRA,45,59,500,540.00,"270,000.00"
2021-03-07,2021030705010300,NIFRA,35,59,100,540.00,"54,000.00"
2021-03-07,2021030705010311,NIFRA,18,48,60,540.00,"32,400.00"
2021-03-07,2021030705010310,NIFRA,18,34,50,540.00,"27,000.00"
2021-03-07,2021030705010309,NIFRA,18,42,20,540.00,"10,800.00"
2021-03-07,2021030705010308,NIFRA,16,42,30,540.00,"16,200.00"
2021-03-07,2021030705010307,NIFRA,16,16,30,540.00,"16,200.00"
2021-03-07,2021030705010306,NIFRA,41,16,20,540.00,"10,800.00"
2021-03-07,2021030705010317,NIFRA,32,43,30,541.00,"16,230.00"
2021-03-07,2021030705010316,NIFRA,18,38,10,540.00,"5,400.00"
2021-03-07,2021030705010315,NIFRA,18,20,50,540.00,"27,000.00"
2021-03-07,2021030705010314,NIFRA,1,43,145,541.00,"78,445.00"
2021-03-07,2021030705010313,NIFRA,1,38,40,541.00,"21,640.00"
2021-03-07,2021030705010312,NIFRA,1,57,15,541.00,"8,115.00"
2021-03-07,2021030705010323,NIFRA,7,52,50,540.00,"27,000.00"
2021-03-07,2021030705010322,NIFRA,56,28,50,540.00,"27,000.00"
2021-03-07,2021030705010321,NIFRA,56,58,50,540.00,"27,000.00"
2021-03-07,2021030705010320,NIFRA,18,52,45,540.00,"24,300.00"
2021-03-07,2021030705010319,NIFRA,45,47,50,540.00,"27,000.00"
2021-03-07,2021030705010318,NIFRA,45,35,50,540.00,"27,000.00"
2021-03-07,2021030705010329,NIFRA,45,43,15,542.00,"8,130.00"
2021-03-07,2021030705010328,NIFRA,45,58,50,541.00,"27,050.00"
2021-03-07,2021030705010327,NIFRA,45,57,50,541.00,"27,050.00"
2021-03-07,2021030705010326,NIFRA,45,43,25,541.00,"13,525.00"
2021-03-07,2021030705010325,NIFRA,45,11,60,540.00,"32,400.00"
2021-03-07,2021030705010324,NIFRA,51,34,60,539.00,"32,340.00"
2021-03-07,2021030705010335,NIFRA,28,44,500,539.00,"269,500.00"
2021-03-07,2021030705010334,NIFRA,10,44,100,539.00,"53,900.00"
2021-03-07,2021030705010333,NIFRA,42,44,50,539.00,"26,950.00"
2021-03-07,2021030705010332,NIFRA,25,44,10,539.00,"5,390.00"
2021-03-07,2021030705010331,NIFRA,51,44,28,539.00,"15,092.00"
2021-03-07,2021030705010330,NIFRA,17,59,500,540.00,"270,000.00"
2021-03-07,2021030705010343,NIFRA,28,59,70,540.00,"37,800.00"
2021-03-07,2021030705010342,NIFRA,40,34,50,539.00,"26,950.00"
2021-03-07,2021030705010340,NIFRA,22,59,10,540.00,"5,400.00"
2021-03-07,2021030705010338,NIFRA,40,36,50,539.00,"26,950.00"
2021-03-07,2021030705010337,NIFRA,44,59,500,540.00,"270,000.00"
2021-03-07,2021030705010336,NIFRA,40,44,312,539.00,"168,168.00"
2021-03-07,2021030705010349,NIFRA,44,17,20,539.00,"10,780.00"
2021-03-07,2021030705010348,NIFRA,44,26,50,539.00,"26,950.00"
2021-03-07,2021030705010347,NIFRA,44,17,712,539.00,"383,768.00"
2021-03-07,2021030705010346,NIFRA,52,17,100,539.00,"53,900.00"
2021-03-07,2021030705010345,NIFRA,22,17,100,539.00,"53,900.00"
2021-03-07,2021030705010344,NIFRA,40,17,88,539.00,"47,432.00"
2021-03-07,2021030705010356,NIFRA,44,35,50,539.00,"26,950.00"
2021-03-07,2021030705010355,NIFRA,44,48,50,539.00,"26,950.00"
2021-03-07,2021030705010354,NIFRA,54,59,20,540.00,"10,800.00"
2021-03-07,2021030705010353,NIFRA,44,20,50,539.00,"26,950.00"
2021-03-07,2021030705010352,NIFRA,44,44,60,539.00,"32,340.00"
2021-03-07,2021030705010350,NIFRA,58,17,9,540.00,"4,860.00"
2021-03-07,2021030705010363,NIFRA,57,59,100,540.00,"54,000.00"
2021-03-07,2021030705010362,NIFRA,48,19,60,539.00,"32,340.00"
2021-03-07,2021030705010361,NIFRA,48,44,50,539.00,"26,950.00"
2021-03-07,2021030705010360,NIFRA,48,39,60,539.00,"32,340.00"
2021-03-07,2021030705010359,NIFRA,14,59,100,540.00,"54,000.00"
2021-03-07,2021030705010357,NIFRA,21,59,"1,000",540.00,"540,000.00"
2021-03-07,2021030705010369,NIFRA,6,59,600,540.00,"324,000.00"
2021-03-07,2021030705010368,NIFRA,36,47,20,539.00,"10,780.00"
2021-03-07,2021030705010367,NIFRA,48,47,30,539.00,"16,170.00"
2021-03-07,2021030705010366,NIFRA,21,59,30,540.00,"16,200.00"
2021-03-07,2021030705010365,NIFRA,28,59,140,540.00,"75,600.00"
2021-03-07,2021030705010364,NIFRA,34,59,100,540.00,"54,000.00"
2021-03-07,2021030705010375,NIFRA,41,59,100,539.00,"53,900.00"
2021-03-07,2021030705010374,NIFRA,40,59,300,539.00,"161,700.00"
2021-03-07,2021030705010373,NIFRA,17,59,10,539.00,"5,390.00"
2021-03-07,2021030705010372,NIFRA,52,59,100,539.00,"53,900.00"
2021-03-07,2021030705010371,NIFRA,20,59,100,539.00,"53,900.00"
2021-03-07,2021030705010370,NIFRA,36,59,30,539.00,"16,170.00"
2021-03-07,2021030705010381,NIFRA,49,59,29,539.00,"15,631.00"
2021-03-07,2021030705010380,NIFRA,56,59,200,539.00,"107,800.00"
2021-03-07,2021030705010379,NIFRA,43,59,100,539.00,"53,900.00"
2021-03-07,2021030705010378,NIFRA,25,59,50,539.00,"26,950.00"
2021-03-07,2021030705010377,NIFRA,58,59,15,539.00,"8,085.00"
2021-03-07,2021030705010376,NIFRA,35,59,90,539.00,"48,510.00"
2021-03-07,2021030705010387,NIFRA,42,4,60,539.00,"32,340.00"
2021-03-07,2021030705010386,NIFRA,43,59,10,540.00,"5,400.00"
2021-03-07,2021030705010385,NIFRA,42,59,150,540.00,"81,000.00"
2021-03-07,2021030705010384,NIFRA,42,58,50,539.00,"26,950.00"
2021-03-07,2021030705010383,NIFRA,42,37,50,539.00,"26,950.00"
2021-03-07,2021030705010382,NIFRA,42,59,176,539.00,"94,864.00"
2021-03-07,2021030705010393,NIFRA,55,34,50,539.00,"26,950.00"
2021-03-07,2021030705010392,NIFRA,17,59,350,540.00,"189,000.00"
2021-03-07,2021030705010391,NIFRA,55,52,40,539.00,"21,560.00"
2021-03-07,2021030705010390,NIFRA,55,39,21,539.00,"11,319.00"
2021-03-07,2021030705010389,NIFRA,58,39,10,539.00,"5,390.00"
2021-03-07,2021030705010388,NIFRA,42,39,29,539.00,"15,631.00"
2021-03-07,2021030705010400,NIFRA,55,52,10,539.00,"5,390.00"
2021-03-07,2021030705010398,NIFRA,55,16,60,539.00,"32,340.00"
2021-03-07,2021030705010397,NIFRA,45,59,125,540.00,"67,500.00"
2021-03-07,2021030705010396,NIFRA,42,59,20,540.00,"10,800.00"
2021-03-07,2021030705010395,NIFRA,52,59,50,540.00,"27,000.00"
2021-03-07,2021030705010394,NIFRA,55,26,50,539.00,"26,950.00"
2021-03-07,2021030705010407,NIFRA,34,59,175,540.00,"94,500.00"
2021-03-07,2021030705010406,NIFRA,55,34,50,539.00,"26,950.00"
2021-03-07,2021030705010405,NIFRA,55,48,60,539.00,"32,340.00"
2021-03-07,2021030705010403,NIFRA,58,59,50,540.00,"27,000.00"
2021-03-07,2021030705010402,NIFRA,55,38,60,539.00,"32,340.00"
2021-03-07,2021030705010401,NIFRA,18,59,500,540.00,"270,000.00"
2021-03-07,2021030705010416,NIFRA,45,59,100,540.00,"54,000.00"
2021-03-07,2021030705010412,NIFRA,42,16,60,539.00,"32,340.00"
2021-03-07,2021030705010411,NIFRA,42,51,11,539.00,"5,929.00"
2021-03-07,2021030705010410,NIFRA,55,51,49,539.00,"26,411.00"
2021-03-07,2021030705010409,NIFRA,42,59,100,540.00,"54,000.00"
2021-03-07,2021030705010408,NIFRA,55,26,50,539.00,"26,950.00"
2021-03-07,2021030705010422,NIFRA,13,58,50,539.00,"26,950.00"
2021-03-07,2021030705010421,NIFRA,1,42,50,539.00,"26,950.00"
2021-03-07,2021030705010420,NIFRA,1,25,941,539.00,"507,199.00"
2021-03-07,2021030705010419,NIFRA,45,25,30,539.00,"16,170.00"
2021-03-07,2021030705010418,NIFRA,42,25,29,539.00,"15,631.00"
2021-03-07,2021030705010417,NIFRA,42,59,10,540.00,"5,400.00"
2021-03-07,2021030705010429,NIFRA,51,7,150,539.00,"80,850.00"
2021-03-07,2021030705010428,NIFRA,8,7,50,539.00,"26,950.00"
2021-03-07,2021030705010427,NIFRA,55,7,200,539.00,"107,800.00"
2021-03-07,2021030705010426,NIFRA,49,7,200,539.00,"107,800.00"
2021-03-07,2021030705010425,NIFRA,13,7,150,539.00,"80,850.00"
2021-03-07,2021030705010424,NIFRA,58,59,100,540.00,"54,000.00"
2021-03-07,2021030705010435,NIFRA,14,34,200,539.00,"107,800.00"
2021-03-07,2021030705010434,NIFRA,32,48,50,539.00,"26,950.00"
2021-03-07,2021030705010433,NIFRA,32,8,50,539.00,"26,950.00"
2021-03-07,2021030705010432,NIFRA,50,7,100,539.00,"53,900.00"
2021-03-07,2021030705010431,NIFRA,5,7,100,539.00,"53,900.00"
2021-03-07,2021030705010430,NIFRA,53,7,50,539.00,"26,950.00"
2021-03-07,2021030705010441,NIFRA,44,21,40,539.00,"21,560.00"
2021-03-07,2021030705010440,NIFRA,4,59,500,540.00,"270,000.00"
2021-03-07,2021030705010439,NIFRA,51,59,500,540.00,"270,000.00"
2021-03-07,2021030705010438,NIFRA,44,17,60,539.00,"32,340.00"
2021-03-07,2021030705010437,NIFRA,22,59,200,540.00,"108,000.00"
2021-03-07,2021030705010436,NIFRA,44,34,300,539.00,"161,700.00"
2021-03-07,2021030705010447,NIFRA,36,58,40,540.00,"21,600.00"
2021-03-07,2021030705010446,NIFRA,36,59,15,540.00,"8,100.00"
2021-03-07,2021030705010445,NIFRA,57,16,410,539.00,"220,990.00"
2021-03-07,2021030705010444,NIFRA,43,16,10,539.00,"5,390.00"
2021-03-07,2021030705010443,NIFRA,44,16,100,539.00,"53,900.00"
2021-03-07,2021030705010442,NIFRA,33,59,40,540.00,"21,600.00"
2021-03-07,2021030705010453,NIFRA,6,29,10,540.00,"5,400.00"
2021-03-07,2021030705010452,NIFRA,57,38,50,539.00,"26,950.00"
2021-03-07,2021030705010451,NIFRA,19,29,100,540.00,"54,000.00"
2021-03-07,2021030705010450,NIFRA,36,29,85,540.00,"45,900.00"
2021-03-07,2021030705010449,NIFRA,36,59,50,540.00,"27,000.00"
2021-03-07,2021030705010448,NIFRA,36,35,10,540.00,"5,400.00"
2021-03-07,2021030705010459,NIFRA,6,7,50,540.00,"27,000.00"
2021-03-07,2021030705010458,NIFRA,57,20,50,539.00,"26,950.00"
2021-03-07,2021030705010457,NIFRA,6,7,10,540.00,"5,400.00"
2021-03-07,2021030705010456,NIFRA,6,35,60,540.00,"32,400.00"
2021-03-07,2021030705010455,NIFRA,6,58,60,540.00,"32,400.00"
2021-03-07,2021030705010454,NIFRA,6,35,60,540.00,"32,400.00"
2021-03-07,2021030705010465,NIFRA,6,36,100,540.00,"54,000.00"
2021-03-07,2021030705010464,NIFRA,6,58,60,540.00,"32,400.00"
2021-03-07,2021030705010463,NIFRA,6,52,60,540.00,"32,400.00"
2021-03-07,2021030705010462,NIFRA,6,42,50,540.00,"27,000.00"
2021-03-07,2021030705010461,NIFRA,6,42,50,540.00,"27,000.00"
2021-03-07,2021030705010460,NIFRA,6,45,50,540.00,"27,000.00"
2021-03-07,2021030705010471,NIFRA,18,25,40,540.00,"21,600.00"
2021-03-07,2021030705010470,NIFRA,18,42,50,540.00,"27,000.00"
2021-03-07,2021030705010469,NIFRA,18,53,60,540.00,"32,400.00"
2021-03-07,2021030705010468,NIFRA,18,44,320,540.00,"172,800.00"
2021-03-07,2021030705010467,NIFRA,57,44,50,539.00,"26,950.00"
2021-03-07,2021030705010466,NIFRA,6,44,180,540.00,"97,200.00"
2021-03-07,2021030705010479,NIFRA,6,48,10,540.00,"5,400.00"
2021-03-07,2021030705010478,NIFRA,38,55,50,540.00,"27,000.00"
2021-03-07,2021030705010477,NIFRA,38,37,60,540.00,"32,400.00"
2021-03-07,2021030705010476,NIFRA,38,14,20,540.00,"10,800.00"
2021-03-07,2021030705010473,NIFRA,57,17,60,539.00,"32,340.00"
2021-03-07,2021030705010472,NIFRA,18,14,30,540.00,"16,200.00"
2021-03-07,2021030705010494,NIFRA,38,47,50,540.00,"27,000.00"
2021-03-07,2021030705010485,NIFRA,38,45,50,540.00,"27,000.00"
2021-03-07,2021030705010484,NIFRA,38,8,60,540.00,"32,400.00"
2021-03-07,2021030705010483,NIFRA,38,35,70,540.00,"37,800.00"
2021-03-07,2021030705010481,NIFRA,38,39,50,540.00,"27,000.00"
2021-03-07,2021030705010480,NIFRA,38,48,15,540.00,"8,100.00"
2021-03-07,2021030705010501,NIFRA,35,7,100,540.00,"54,000.00"
2021-03-07,2021030705010500,NIFRA,50,7,160,540.00,"86,400.00"
2021-03-07,2021030705010499,NIFRA,6,7,175,540.00,"94,500.00"
2021-03-07,2021030705010498,NIFRA,6,29,25,540.00,"13,500.00"
2021-03-07,2021030705010497,NIFRA,38,29,25,540.00,"13,500.00"
2021-03-07,2021030705010495,NIFRA,38,34,50,540.00,"27,000.00"
2021-03-07,2021030705010507,NIFRA,16,21,45,540.00,"24,300.00"
2021-03-07,2021030705010506,NIFRA,16,7,205,540.00,"110,700.00"
2021-03-07,2021030705010505,NIFRA,19,7,200,540.00,"108,000.00"
2021-03-07,2021030705010504,NIFRA,28,7,100,540.00,"54,000.00"
2021-03-07,2021030705010503,NIFRA,35,7,50,540.00,"27,000.00"
2021-03-07,2021030705010502,NIFRA,22,7,10,540.00,"5,400.00"
2021-03-07,2021030705010514,NIFRA,45,44,20,540.00,"10,800.00"
2021-03-07,2021030705010513,NIFRA,38,44,20,540.00,"10,800.00"
2021-03-07,2021030705010512,NIFRA,54,44,10,540.00,"5,400.00"
2021-03-07,2021030705010510,NIFRA,54,36,40,540.00,"21,600.00"
2021-03-07,2021030705010509,NIFRA,54,42,50,540.00,"27,000.00"
2021-03-07,2021030705010508,NIFRA,13,42,50,540.00,"27,000.00"
2021-03-07,2021030705010520,NIFRA,8,26,60,541.00,"32,460.00"
2021-03-07,2021030705010519,NIFRA,8,28,300,541.00,"162,300.00"
2021-03-07,2021030705010518,NIFRA,13,21,50,540.00,"27,000.00"
2021-03-07,2021030705010517,NIFRA,13,54,100,540.00,"54,000.00"
2021-03-07,2021030705010516,NIFRA,13,25,30,540.00,"16,200.00"
2021-03-07,2021030705010515,NIFRA,45,25,20,540.00,"10,800.00"
2021-03-07,2021030705010526,NIFRA,13,48,10,540.00,"5,400.00"
2021-03-07,2021030705010525,NIFRA,13,14,110,540.00,"59,400.00"
2021-03-07,2021030705010524,NIFRA,8,46,470,541.00,"254,270.00"
2021-03-07,2021030705010523,NIFRA,8,6,50,541.00,"27,050.00"
2021-03-07,2021030705010522,NIFRA,8,16,50,541.00,"27,050.00"
2021-03-07,2021030705010521,NIFRA,8,6,70,541.00,"37,870.00"
2021-03-07,2021030705010533,NIFRA,34,25,20,540.00,"10,800.00"
2021-03-07,2021030705010532,NIFRA,34,34,10,540.00,"5,400.00"
2021-03-07,2021030705010530,NIFRA,47,34,40,540.00,"21,600.00"
2021-03-07,2021030705010529,NIFRA,47,47,10,540.00,"5,400.00"
2021-03-07,2021030705010528,NIFRA,4,47,40,540.00,"21,600.00"
2021-03-07,2021030705010527,NIFRA,47,48,50,540.00,"27,000.00"
2021-03-07,2021030705010541,NIFRA,45,47,60,540.00,"32,400.00"
2021-03-07,2021030705010539,NIFRA,21,46,10,541.00,"5,410.00"
2021-03-07,2021030705010537,NIFRA,43,46,10,541.00,"5,410.00"
2021-03-07,2021030705010536,NIFRA,45,21,50,540.00,"27,000.00"
2021-03-07,2021030705010535,NIFRA,45,17,60,540.00,"32,400.00"
2021-03-07,2021030705010534,NIFRA,34,46,20,541.00,"10,820.00"
2021-03-07,2021030705010548,NIFRA,4,46,40,541.00,"21,640.00"
2021-03-07,2021030705010547,NIFRA,45,59,20,540.00,"10,800.00"
2021-03-07,2021030705010546,NIFRA,45,34,50,540.00,"27,000.00"
2021-03-07,2021030705010545,NIFRA,45,34,350,540.00,"189,000.00"
2021-03-07,2021030705010543,NIFRA,45,20,100,540.00,"54,000.00"
2021-03-07,2021030705010542,NIFRA,45,48,60,540.00,"32,400.00"
2021-03-07,2021030705010554,NIFRA,54,46,150,541.00,"81,150.00"
2021-03-07,2021030705010553,NIFRA,29,58,50,540.00,"27,000.00"
2021-03-07,2021030705010552,NIFRA,29,26,10,540.00,"5,400.00"
2021-03-07,2021030705010551,NIFRA,29,42,10,540.00,"5,400.00"
2021-03-07,2021030705010550,NIFRA,48,42,40,540.00,"21,600.00"
2021-03-07,2021030705010549,NIFRA,48,21,60,540.00,"32,400.00"
2021-03-07,2021030705010560,NIFRA,54,6,60,541.00,"32,460.00"
2021-03-07,2021030705010559,NIFRA,54,21,20,541.00,"10,820.00"
2021-03-07,2021030705010558,NIFRA,54,7,60,541.00,"32,460.00"
2021-03-07,2021030705010557,NIFRA,54,56,130,541.00,"70,330.00"
2021-03-07,2021030705010556,NIFRA,54,45,50,541.00,"27,050.00"
2021-03-07,2021030705010555,NIFRA,54,21,50,541.00,"27,050.00"
2021-03-07,2021030705010566,NIFRA,29,58,50,540.00,"27,000.00"
2021-03-07,2021030705010565,NIFRA,54,8,30,541.00,"16,230.00"
2021-03-07,2021030705010564,NIFRA,54,56,500,541.00,"270,500.00"
2021-03-07,2021030705010563,NIFRA,54,28,50,541.00,"27,050.00"
2021-03-07,2021030705010562,NIFRA,54,29,50,541.00,"27,050.00"
2021-03-07,2021030705010561,NIFRA,54,56,850,541.00,"459,850.00"
2021-03-07,2021030705010573,NIFRA,1,55,670,541.00,"362,470.00"
2021-03-07,2021030705010572,NIFRA,1,44,50,541.00,"27,050.00"
2021-03-07,2021030705010570,NIFRA,1,47,50,541.00,"27,050.00"
2021-03-07,2021030705010569,NIFRA,1,8,30,541.00,"16,230.00"
2021-03-07,2021030705010568,NIFRA,59,37,50,540.00,"27,000.00"
2021-03-07,2021030705010567,NIFRA,59,58,10,540.00,"5,400.00"
2021-03-07,2021030705010579,NIFRA,59,22,50,540.00,"27,000.00"
2021-03-07,2021030705010578,NIFRA,14,32,40,541.00,"21,640.00"
2021-03-07,2021030705010577,NIFRA,14,47,60,541.00,"32,460.00"
2021-03-07,2021030705010576,NIFRA,14,55,50,541.00,"27,050.00"
2021-03-07,2021030705010575,NIFRA,59,5,200,540.00,"108,000.00"
2021-03-07,2021030705010574,NIFRA,59,20,60,540.00,"32,400.00"
2021-03-07,2021030705010585,NIFRA,44,48,50,541.00,"27,050.00"
2021-03-07,2021030705010584,NIFRA,59,55,40,540.00,"21,600.00"
2021-03-07,2021030705010583,NIFRA,42,55,10,541.00,"5,410.00"
2021-03-07,2021030705010582,NIFRA,42,52,20,541.00,"10,820.00"
2021-03-07,2021030705010581,NIFRA,32,52,10,541.00,"5,410.00"
2021-03-07,2021030705010580,NIFRA,32,32,10,541.00,"5,410.00"
2021-03-07,2021030705010593,NIFRA,55,58,50,542.00,"27,100.00"
2021-03-07,2021030705010590,NIFRA,8,18,10,541.00,"5,410.00"
2021-03-07,2021030705010589,NIFRA,54,47,50,540.00,"27,000.00"
2021-03-07,2021030705010588,NIFRA,54,32,20,540.00,"10,800.00"
2021-03-07,2021030705010587,NIFRA,59,32,40,540.00,"21,600.00"
2021-03-07,2021030705010586,NIFRA,59,45,50,540.00,"27,000.00"
2021-03-07,2021030705010599,NIFRA,1,16,660,542.00,"357,720.00"
2021-03-07,2021030705010598,NIFRA,1,57,40,542.00,"21,680.00"
2021-03-07,2021030705010597,NIFRA,8,44,50,541.00,"27,050.00"
2021-03-07,2021030705010596,NIFRA,48,57,10,542.00,"5,420.00"
2021-03-07,2021030705010595,NIFRA,48,58,30,542.00,"16,260.00"
2021-03-07,2021030705010594,NIFRA,48,58,10,542.00,"5,420.00"
2021-03-07,2021030705010605,NIFRA,32,52,50,540.00,"27,000.00"
2021-03-07,2021030705010604,NIFRA,4,52,100,540.00,"54,000.00"
2021-03-07,2021030705010603,NIFRA,17,52,100,540.00,"54,000.00"
2021-03-07,2021030705010602,NIFRA,17,52,300,540.00,"162,000.00"
2021-03-07,2021030705010601,NIFRA,54,52,130,540.00,"70,200.00"
2021-03-07,2021030705010600,NIFRA,8,52,90,541.00,"48,690.00"
2021-03-07,2021030705010611,NIFRA,22,52,10,540.00,"5,400.00"
2021-03-07,2021030705010610,NIFRA,38,52,60,540.00,"32,400.00"
2021-03-07,2021030705010609,NIFRA,29,52,900,540.00,"486,000.00"
2021-03-07,2021030705010608,NIFRA,32,52,500,540.00,"270,000.00"
2021-03-07,2021030705010607,NIFRA,16,52,10,540.00,"5,400.00"
2021-03-07,2021030705010606,NIFRA,1,52,200,540.00,"108,000.00"
2021-03-07,2021030705010617,NIFRA,16,36,50,540.00,"27,000.00"
2021-03-07,2021030705010616,NIFRA,50,36,100,541.00,"54,100.00"
2021-03-07,2021030705010615,NIFRA,16,42,160,540.00,"86,400.00"
2021-03-07,2021030705010614,NIFRA,16,52,70,540.00,"37,800.00"
2021-03-07,2021030705010613,NIFRA,25,52,40,540.00,"21,600.00"
2021-03-07,2021030705010612,NIFRA,58,52,500,540.00,"270,000.00"
2021-03-07,2021030705010623,NIFRA,16,47,50,540.00,"27,000.00"
2021-03-07,2021030705010622,NIFRA,42,16,10,542.00,"5,420.00"
2021-03-07,2021030705010621,NIFRA,16,26,50,540.00,"27,000.00"
2021-03-07,2021030705010620,NIFRA,16,16,160,542.00,"86,720.00"
2021-03-07,2021030705010619,NIFRA,16,58,10,540.00,"5,400.00"
2021-03-07,2021030705010618,NIFRA,16,22,60,540.00,"32,400.00"
2021-03-07,2021030705010629,NIFRA,34,45,40,542.00,"21,680.00"
2021-03-07,2021030705010628,NIFRA,34,59,60,541.00,"32,460.00"
2021-03-07,2021030705010627,NIFRA,50,45,230,542.00,"124,660.00"
2021-03-07,2021030705010626,NIFRA,50,21,50,542.00,"27,100.00"
2021-03-07,2021030705010625,NIFRA,50,16,170,542.00,"92,140.00"
2021-03-07,2021030705010624,NIFRA,50,58,50,541.00,"27,050.00"
2021-03-07,2021030705010635,PLI,35,36,10,761.00,"7,610.00"
2021-03-07,2021030705010592,PLI,35,20,10,761.00,"7,610.00"
2021-03-07,2021030705010591,PLI,51,34,20,762.00,"15,240.00"
2021-03-07,2021030705010571,PLI,51,45,10,762.00,"7,620.00"
2021-03-07,2021030705010544,PLI,29,21,10,762.00,"7,620.00"
2021-03-07,2021030705010540,PLI,35,37,10,761.00,"7,610.00"
2021-03-07,2021030705010155,PLI,19,38,10,761.00,"7,610.00"
2021-03-07,2021030705010149,PLI,36,16,10,761.00,"7,610.00"
2021-03-07,2021030705010137,PLI,36,58,10,761.00,"7,610.00"
2021-03-07,2021030705010186,PLI,58,14,10,761.00,"7,610.00"
2021-03-07,2021030705010173,PLI,19,38,10,761.00,"7,610.00"
2021-03-07,2021030705010171,PLI,43,6,10,762.00,"7,620.00"
2021-03-07,2021030705010167,PLI,19,52,10,761.00,"7,610.00"
2021-03-07,2021030705010160,PLI,19,45,10,761.00,"7,610.00"
2021-03-07,2021030705010158,PLI,19,45,10,761.00,"7,610.00"
2021-03-07,2021030705010222,PLI,44,38,10,761.00,"7,610.00"
2021-03-07,2021030705010220,PLI,44,6,10,761.00,"7,610.00"
2021-03-07,2021030705010204,PLI,44,44,10,761.00,"7,610.00"
2021-03-07,2021030705010199,PLI,44,45,10,761.00,"7,610.00"
2021-03-07,2021030705010192,PLI,44,45,10,761.00,"7,610.00"
2021-03-07,2021030705010187,PLI,44,14,40,761.00,"30,440.00"
2021-03-07,2021030705010262,PLI,6,58,10,763.00,"7,630.00"
2021-03-07,2021030705010261,PLI,6,34,10,763.00,"7,630.00"
2021-03-07,2021030705010260,PLI,6,41,10,763.00,"7,630.00"
2021-03-07,2021030705010259,PLI,6,5,10,763.00,"7,630.00"
2021-03-07,2021030705010231,PLI,19,17,10,760.00,"7,600.00"
2021-03-07,2021030705010230,PLI,44,16,10,761.00,"7,610.00"
2021-03-07,2021030705010292,PLI,47,58,10,761.00,"7,610.00"
2021-03-07,2021030705010289,PLI,42,6,10,763.00,"7,630.00"
2021-03-07,2021030705010285,PLI,42,16,10,763.00,"7,630.00"
2021-03-07,2021030705010272,PLI,47,51,10,761.00,"7,610.00"
2021-03-07,2021030705010265,PLI,47,58,10,761.00,"7,610.00"
2021-03-07,2021030705010263,PLI,6,58,10,763.00,"7,630.00"
2021-03-07,2021030705010404,PLI,57,52,10,761.00,"7,610.00"
2021-03-07,2021030705010399,PLI,57,42,10,761.00,"7,610.00"
2021-03-07,2021030705010358,PLI,19,16,10,760.00,"7,600.00"
2021-03-07,2021030705010351,PLI,19,39,10,760.00,"7,600.00"
2021-03-07,2021030705010341,PLI,19,48,10,760.00,"7,600.00"
2021-03-07,2021030705010339,PLI,54,58,10,761.00,"7,610.00"
2021-03-07,2021030705010482,PLI,42,34,40,762.00,"30,480.00"
2021-03-07,2021030705010475,PLI,19,14,10,763.00,"7,630.00"
2021-03-07,2021030705010474,PLI,42,48,10,762.00,"7,620.00"
2021-03-07,2021030705010423,PLI,42,52,50,762.00,"38,100.00"
2021-03-07,2021030705010414,PLI,57,38,10,761.00,"7,610.00"
2021-03-07,2021030705010413,PLI,57,26,10,761.00,"7,610.00"
2021-03-07,2021030705010491,PLI,39,42,10,765.00,"7,650.00"
2021-03-07,2021030705010490,PLI,39,17,10,765.00,"7,650.00"
2021-03-07,2021030705010489,PLI,39,42,10,765.00,"7,650.00"
2021-03-07,2021030705010488,PLI,39,49,10,764.00,"7,640.00"
2021-03-07,2021030705010487,PLI,39,52,10,763.00,"7,630.00"
2021-03-07,2021030705010486,PLI,39,34,10,762.00,"7,620.00"
2021-03-07,2021030705010538,PLI,35,19,10,761.00,"7,610.00"
2021-03-07,2021030705010531,PLI,26,34,40,762.00,"30,480.00"
2021-03-07,2021030705010511,PLI,26,34,10,762.00,"7,620.00"
2021-03-07,2021030705010496,PLI,57,20,10,761.00,"7,610.00"
2021-03-07,2021030705010493,PLI,39,40,430,765.00,"328,950.00"
2021-03-07,2021030705010492,PLI,39,53,10,765.00,"7,650.00"
2021-03-07,2021030705010136,NIFRA,25,50,50,540.00,"27,000.00"
2021-03-07,2021030705010135,NIFRA,42,55,500,541.00,"270,500.00"
2021-03-07,2021030705010134,NIFRA,4,55,500,541.00,"270,500.00"
2021-03-07,2021030705010133,NIFRA,18,16,50,541.00,"27,050.00"
2021-03-07,2021030705010132,NIFRA,6,50,10,542.00,"5,420.00"
2021-03-07,2021030705010131,NIFRA,6,6,50,542.00,"27,100.00"
2021-03-07,2021030705009639,NIFRA,41,55,50,540.00,"27,000.00"
2021-03-07,2021030705009638,NIFRA,35,55,100,540.00,"54,000.00"
2021-03-07,2021030705009637,NIFRA,58,55,"1,000",540.00,"540,000.00"
2021-03-07,2021030705009645,NIFRA,50,55,250,540.00,"135,000.00"
2021-03-07,2021030705009644,NIFRA,46,55,"1,000",540.00,"540,000.00"
2021-03-07,2021030705009643,NIFRA,50,55,100,540.00,"54,000.00"
2021-03-07,2021030705009642,NIFRA,42,55,50,540.00,"27,000.00"
2021-03-07,2021030705009641,NIFRA,49,55,50,540.00,"27,000.00"
2021-03-07,2021030705009640,NIFRA,45,55,50,540.00,"27,000.00"
2021-03-07,2021030705009651,NIFRA,46,55,50,540.00,"27,000.00"
2021-03-07,2021030705009650,NIFRA,41,55,50,540.00,"27,000.00"
2021-03-07,2021030705009649,NIFRA,57,55,20,540.00,"10,800.00"
2021-03-07,2021030705009648,NIFRA,51,55,100,540.00,"54,000.00"
2021-03-07,2021030705009647,NIFRA,17,55,40,540.00,"21,600.00"
2021-03-07,2021030705009646,NIFRA,17,55,100,540.00,"54,000.00"
2021-03-07,2021030705009657,NIFRA,58,55,"1,000",540.00,"540,000.00"
2021-03-07,2021030705009656,NIFRA,54,55,300,540.00,"162,000.00"
2021-03-07,2021030705009655,NIFRA,59,55,40,540.00,"21,600.00"
2021-03-07,2021030705009654,NIFRA,43,55,200,540.00,"108,000.00"
2021-03-07,2021030705009653,NIFRA,17,55,10,540.00,"5,400.00"
2021-03-07,2021030705009652,NIFRA,13,55,100,540.00,"54,000.00"
2021-03-07,2021030705009663,NIFRA,39,55,500,540.00,"270,000.00"
2021-03-07,2021030705009662,NIFRA,16,55,40,540.00,"21,600.00"
2021-03-07,2021030705009661,NIFRA,33,55,100,540.00,"54,000.00"
2021-03-07,2021030705009660,NIFRA,34,55,50,540.00,"27,000.00"
2021-03-07,2021030705009659,NIFRA,57,55,100,540.00,"54,000.00"
2021-03-07,2021030705009658,NIFRA,35,55,60,540.00,"32,400.00"
2021-03-07,2021030705009669,NIFRA,38,55,200,540.00,"108,000.00"
2021-03-07,2021030705009668,NIFRA,28,55,50,540.00,"27,000.00"
2021-03-07,2021030705009667,NIFRA,36,55,300,540.00,"162,000.00"
2021-03-07,2021030705009666,NIFRA,33,55,200,540.00,"108,000.00"
2021-03-07,2021030705009665,NIFRA,16,55,10,540.00,"5,400.00"
2021-03-07,2021030705009664,NIFRA,35,55,50,540.00,"27,000.00"
2021-03-07,2021030705009675,NIFRA,40,55,500,540.00,"270,000.00"
2021-03-07,2021030705009674,NIFRA,10,55,10,540.00,"5,400.00"
2021-03-07,2021030705009673,NIFRA,45,55,20,540.00,"10,800.00"
2021-03-07,2021030705009672,NIFRA,34,55,30,540.00,"16,200.00"
2021-03-07,2021030705009671,NIFRA,36,55,310,540.00,"167,400.00"
2021-03-07,2021030705009670,NIFRA,43,55,100,540.00,"54,000.00"
2021-03-07,2021030705009681,NIFRA,10,55,20,541.00,"10,820.00"
2021-03-07,2021030705009680,NIFRA,10,35,50,541.00,"27,050.00"
2021-03-07,2021030705009679,NIFRA,41,55,268,540.00,"144,720.00"
2021-03-07,2021030705009678,NIFRA,29,55,150,540.00,"81,000.00"
2021-03-07,2021030705009677,NIFRA,25,55,90,540.00,"48,600.00"
2021-03-07,2021030705009676,NIFRA,11,55,50,540.00,"27,000.00"
2021-03-07,2021030705009688,NIFRA,10,39,10,541.00,"5,410.00"
2021-03-07,2021030705009687,NIFRA,10,58,50,541.00,"27,050.00"
2021-03-07,2021030705009686,NIFRA,10,22,60,541.00,"32,460.00"
2021-03-07,2021030705009685,NIFRA,10,6,50,541.00,"27,050.00"
2021-03-07,2021030705009683,NIFRA,10,6,60,541.00,"32,460.00"
2021-03-07,2021030705009682,NIFRA,10,58,60,541.00,"32,460.00"
2021-03-07,2021030705009697,NIFRA,41,38,60,540.00,"32,400.00"
2021-03-07,2021030705009696,NIFRA,41,47,50,540.00,"27,000.00"
2021-03-07,2021030705009694,NIFRA,49,55,40,541.00,"21,640.00"
2021-03-07,2021030705009693,NIFRA,41,48,50,540.00,"27,000.00"
2021-03-07,2021030705009690,NIFRA,10,55,680,541.00,"367,880.00"
2021-03-07,2021030705009689,NIFRA,10,50,60,541.00,"32,460.00"
2021-03-07,2021030705009704,NIFRA,28,52,50,541.00,"27,050.00"
2021-03-07,2021030705009702,NIFRA,10,52,50,541.00,"27,050.00"
2021-03-07,2021030705009701,NIFRA,10,18,60,541.00,"32,460.00"
2021-03-07,2021030705009700,NIFRA,10,16,10,541.00,"5,410.00"
2021-03-07,2021030705009699,NIFRA,10,48,40,541.00,"21,640.00"
2021-03-07,2021030705009698,NIFRA,10,55,140,541.00,"75,740.00"
2021-03-07,2021030705009711,NIFRA,55,33,50,540.00,"27,000.00"
2021-03-07,2021030705009710,NIFRA,55,8,10,540.00,"5,400.00"
2021-03-07,2021030705009709,NIFRA,55,20,28,540.00,"15,120.00"
2021-03-07,2021030705009708,NIFRA,41,20,22,540.00,"11,880.00"
2021-03-07,2021030705009707,NIFRA,41,45,50,540.00,"27,000.00"
2021-03-07,2021030705009705,NIFRA,28,50,50,541.00,"27,050.00"
2021-03-07,2021030705009719,NIFRA,56,4,50,540.00,"27,000.00"
2021-03-07,2021030705009718,NIFRA,55,33,50,540.00,"27,000.00"
2021-03-07,2021030705009716,NIFRA,55,39,60,540.00,"32,400.00"
2021-03-07,2021030705009714,NIFRA,55,50,50,540.00,"27,000.00"
2021-03-07,2021030705009713,NIFRA,55,48,50,540.00,"27,000.00"
2021-03-07,2021030705009712,NIFRA,55,25,200,540.00,"108,000.00"
2021-03-07,2021030705009725,NIFRA,5,48,50,540.00,"27,000.00"
2021-03-07,2021030705009724,NIFRA,5,58,50,540.00,"27,000.00"
2021-03-07,2021030705009723,NIFRA,5,7,50,540.00,"27,000.00"
2021-03-07,2021030705009722,NIFRA,5,33,10,540.00,"5,400.00"
2021-03-07,2021030705009721,NIFRA,50,33,10,540.00,"5,400.00"
2021-03-07,2021030705009720,NIFRA,58,33,30,540.00,"16,200.00"
2021-03-07,2021030705009731,NIFRA,55,14,500,540.00,"270,000.00"
2021-03-07,2021030705009730,NIFRA,58,14,20,540.00,"10,800.00"
2021-03-07,2021030705009729,NIFRA,25,14,50,540.00,"27,000.00"
2021-03-07,2021030705009728,NIFRA,5,14,220,540.00,"118,800.00"
2021-03-07,2021030705009727,NIFRA,5,44,60,540.00,"32,400.00"
2021-03-07,2021030705009726,NIFRA,5,50,60,540.00,"32,400.00"
2021-03-07,2021030705009737,NIFRA,29,58,10,540.00,"5,400.00"
2021-03-07,2021030705009736,NIFRA,38,58,50,540.00,"27,000.00"
2021-03-07,2021030705009735,NIFRA,57,14,20,540.00,"10,800.00"
2021-03-07,2021030705009734,NIFRA,6,14,50,540.00,"27,000.00"
2021-03-07,2021030705009733,NIFRA,52,14,100,540.00,"54,000.00"
2021-03-07,2021030705009732,NIFRA,25,14,40,540.00,"21,600.00"
2021-03-07,2021030705009743,NIFRA,38,21,50,541.00,"27,050.00"
2021-03-07,2021030705009742,NIFRA,38,32,20,541.00,"10,820.00"
2021-03-07,2021030705009741,NIFRA,38,34,50,541.00,"27,050.00"
2021-03-07,2021030705009740,NIFRA,18,32,40,541.00,"21,640.00"
2021-03-07,2021030705009739,NIFRA,18,57,60,541.00,"32,460.00"
2021-03-07,2021030705009738,NIFRA,29,4,50,540.00,"27,000.00"
2021-03-07,2021030705009750,NIFRA,49,48,20,540.00,"10,800.00"
2021-03-07,2021030705009749,NIFRA,29,48,30,540.00,"16,200.00"
2021-03-07,2021030705009747,NIFRA,29,28,10,540.00,"5,400.00"
2021-03-07,2021030705009746,NIFRA,38,28,30,541.00,"16,230.00"
2021-03-07,2021030705009745,NIFRA,38,33,50,541.00,"27,050.00"
2021-03-07,2021030705009744,NIFRA,38,32,50,541.00,"27,050.00"
2021-03-07,2021030705009756,NIFRA,41,42,80,542.00,"43,360.00"
2021-03-07,2021030705009755,NIFRA,41,25,20,542.00,"10,840.00"
2021-03-07,2021030705009754,NIFRA,41,22,60,541.00,"32,460.00"
2021-03-07,2021030705009753,NIFRA,41,38,50,541.00,"27,050.00"
2021-03-07,2021030705009752,NIFRA,41,6,50,541.00,"27,050.00"
2021-03-07,2021030705009751,NIFRA,16,26,60,540.00,"32,400.00"
2021-03-07,2021030705009763,NIFRA,16,18,60,540.00,"32,400.00"
2021-03-07,2021030705009761,NIFRA,41,14,30,542.00,"16,260.00"
2021-03-07,2021030705009760,NIFRA,41,3,50,542.00,"27,100.00"
2021-03-07,2021030705009759,NIFRA,41,51,60,542.00,"32,520.00"
2021-03-07,2021030705009758,NIFRA,41,57,50,542.00,"27,100.00"
2021-03-07,2021030705009757,NIFRA,41,57,50,542.00,"27,100.00"
2021-03-07,2021030705009770,NIFRA,19,38,20,540.00,"10,800.00"
2021-03-07,2021030705009769,NIFRA,45,38,40,540.00,"21,600.00"
2021-03-07,2021030705009768,NIFRA,45,3,10,540.00,"5,400.00"
2021-03-07,2021030705009767,NIFRA,16,3,10,540.00,"5,400.00"
2021-03-07,2021030705009765,NIFRA,16,43,60,540.00,"32,400.00"
2021-03-07,2021030705009764,NIFRA,16,6,10,540.00,"5,400.00"
2021-03-07,2021030705009776,NIFRA,45,51,50,540.00,"27,000.00"
2021-03-07,2021030705009775,NIFRA,48,50,50,540.00,"27,000.00"
2021-03-07,2021030705009774,NIFRA,45,26,10,540.00,"5,400.00"
2021-03-07,2021030705009773,NIFRA,49,26,20,540.00,"10,800.00"
2021-03-07,2021030705009772,NIFRA,19,26,20,540.00,"10,800.00"
2021-03-07,2021030705009771,NIFRA,19,21,60,540.00,"32,400.00"
2021-03-07,2021030705009783,NIFRA,45,14,33,540.00,"17,820.00"
2021-03-07,2021030705009782,NIFRA,45,35,20,540.00,"10,800.00"
2021-03-07,2021030705009781,NIFRA,8,35,40,540.00,"21,600.00"
2021-03-07,2021030705009779,NIFRA,8,45,50,540.00,"27,000.00"
2021-03-07,2021030705009778,NIFRA,8,44,10,540.00,"5,400.00"
2021-03-07,2021030705009777,NIFRA,45,44,40,540.00,"21,600.00"
2021-03-07,2021030705009789,NIFRA,50,11,50,541.00,"27,050.00"
2021-03-07,2021030705009788,NIFRA,50,55,20,541.00,"10,820.00"
2021-03-07,2021030705009787,NIFRA,56,14,44,540.00,"23,760.00"
2021-03-07,2021030705009786,NIFRA,57,14,20,540.00,"10,800.00"
2021-03-07,2021030705009785,NIFRA,58,14,10,540.00,"5,400.00"
2021-03-07,2021030705009784,NIFRA,22,14,38,540.00,"20,520.00"
2021-03-07,2021030705009797,NIFRA,42,38,40,540.00,"21,600.00"
2021-03-07,2021030705009796,NIFRA,42,58,10,540.00,"5,400.00"
2021-03-07,2021030705009794,NIFRA,28,58,50,540.00,"27,000.00"
2021-03-07,2021030705009793,NIFRA,56,26,56,540.00,"30,240.00"
2021-03-07,2021030705009792,NIFRA,50,52,80,541.00,"43,280.00"
2021-03-07,2021030705009790,NIFRA,50,4,50,541.00,"27,050.00"
2021-03-07,2021030705009805,NIFRA,52,58,50,539.00,"26,950.00"
2021-03-07,2021030705009804,NIFRA,40,43,20,540.00,"10,800.00"
2021-03-07,2021030705009803,NIFRA,40,13,20,540.00,"10,800.00"
2021-03-07,2021030705009802,NIFRA,40,38,20,540.00,"10,800.00"
2021-03-07,2021030705009801,NIFRA,52,18,60,539.00,"32,340.00"
2021-03-07,2021030705009799,NIFRA,52,13,50,539.00,"26,950.00"
2021-03-07,2021030705009812,NIFRA,17,57,90,539.00,"48,510.00"
2021-03-07,2021030705009810,NIFRA,13,5,20,540.00,"10,800.00"
2021-03-07,2021030705009809,NIFRA,13,43,30,540.00,"16,200.00"
2021-03-07,2021030705009808,NIFRA,17,58,10,539.00,"5,390.00"
2021-03-07,2021030705009807,NIFRA,52,58,40,539.00,"21,560.00"
2021-03-07,2021030705009806,NIFRA,52,21,100,539.00,"53,900.00"
2021-03-07,2021030705009818,NIFRA,58,58,50,539.00,"26,950.00"
2021-03-07,2021030705009817,NIFRA,58,22,50,539.00,"26,950.00"
2021-03-07,2021030705009816,NIFRA,58,38,60,539.00,"32,340.00"
2021-03-07,2021030705009815,NIFRA,58,40,60,539.00,"32,340.00"
2021-03-07,2021030705009814,NIFRA,58,57,60,539.00,"32,340.00"
2021-03-07,2021030705009813,NIFRA,58,57,580,539.00,"312,620.00"
2021-03-07,2021030705009825,NIFRA,42,35,30,540.00,"16,200.00"
2021-03-07,2021030705009824,NIFRA,21,35,20,540.00,"10,800.00"
2021-03-07,2021030705009823,NIFRA,21,5,40,540.00,"21,600.00"
2021-03-07,2021030705009821,NIFRA,58,58,10,539.00,"5,390.00"
2021-03-07,2021030705009820,NIFRA,58,13,50,539.00,"26,950.00"
2021-03-07,2021030705009819,NIFRA,58,40,60,539.00,"32,340.00"
2021-03-07,2021030705009832,NIFRA,56,58,14,539.00,"7,546.00"
2021-03-07,2021030705009830,NIFRA,44,32,60,539.00,"32,340.00"
2021-03-07,2021030705009829,NIFRA,44,38,60,539.00,"32,340.00"
2021-03-07,2021030705009828,NIFRA,44,51,30,539.00,"16,170.00"
2021-03-07,2021030705009827,NIFRA,58,51,20,539.00,"10,780.00"
2021-03-07,2021030705009826,NIFRA,42,39,70,540.00,"37,800.00"
2021-03-07,2021030705009838,NIFRA,5,43,40,539.00,"21,560.00"
2021-03-07,2021030705009837,NIFRA,5,29,"1,050",539.00,"565,950.00"
2021-03-07,2021030705009836,NIFRA,5,26,50,539.00,"26,950.00"
2021-03-07,2021030705009835,NIFRA,5,57,50,539.00,"26,950.00"
2021-03-07,2021030705009834,NIFRA,5,38,60,539.00,"32,340.00"
2021-03-07,2021030705009833,NIFRA,5,58,36,539.00,"19,404.00"
2021-03-07,2021030705009844,NIFRA,5,50,50,539.00,"26,950.00"
2021-03-07,2021030705009843,NIFRA,5,38,50,539.00,"26,950.00"
2021-03-07,2021030705009842,NIFRA,5,58,50,539.00,"26,950.00"
2021-03-07,2021030705009841,NIFRA,5,57,60,539.00,"32,340.00"
2021-03-07,2021030705009840,NIFRA,5,22,50,539.00,"26,950.00"
2021-03-07,2021030705009839,NIFRA,56,39,10,540.00,"5,400.00"
2021-03-07,2021030705009850,NIFRA,42,8,60,540.00,"32,400.00"
2021-03-07,2021030705009849,NIFRA,42,39,130,540.00,"70,200.00"
2021-03-07,2021030705009848,NIFRA,5,21,60,539.00,"32,340.00"
2021-03-07,2021030705009847,NIFRA,5,38,60,539.00,"32,340.00"
2021-03-07,2021030705009846,NIFRA,21,39,40,540.00,"21,600.00"
2021-03-07,2021030705009845,NIFRA,5,58,50,539.00,"26,950.00"
2021-03-07,2021030705009857,NIFRA,42,50,50,540.00,"27,000.00"
2021-03-07,2021030705009855,NIFRA,42,34,30,540.00,"16,200.00"
2021-03-07,2021030705009854,NIFRA,42,13,50,540.00,"27,000.00"
2021-03-07,2021030705009853,NIFRA,42,14,"1,000",540.00,"540,000.00"
2021-03-07,2021030705009852,NIFRA,42,41,50,540.00,"27,000.00"
2021-03-07,2021030705009851,NIFRA,42,58,500,540.00,"270,000.00"
2021-03-07,2021030705009864,NIFRA,42,45,50,540.00,"27,000.00"
2021-03-07,2021030705009863,NIFRA,42,58,50,540.00,"27,000.00"
2021-03-07,2021030705009862,NIFRA,42,44,20,540.00,"10,800.00"
2021-03-07,2021030705009860,NIFRA,17,58,30,541.00,"16,230.00"
2021-03-07,2021030705009859,NIFRA,17,52,20,541.00,"10,820.00"
2021-03-07,2021030705009858,NIFRA,42,58,60,540.00,"32,400.00"
2021-03-07,2021030705009870,NIFRA,42,32,50,540.00,"27,000.00"
2021-03-07,2021030705009869,NIFRA,42,13,50,540.00,"27,000.00"
2021-03-07,2021030705009868,NIFRA,42,26,60,540.00,"32,400.00"
2021-03-07,2021030705009867,NIFRA,42,38,60,540.00,"32,400.00"
2021-03-07,2021030705009866,NIFRA,42,57,50,540.00,"27,000.00"
2021-03-07,2021030705009865,NIFRA,42,26,50,540.00,"27,000.00"
2021-03-07,2021030705009879,NIFRA,42,57,50,540.00,"27,000.00"
2021-03-07,2021030705009878,NIFRA,42,14,50,540.00,"27,000.00"
2021-03-07,2021030705009877,NIFRA,42,20,50,540.00,"27,000.00"
2021-03-07,2021030705009876,NIFRA,42,38,60,540.00,"32,400.00"
2021-03-07,2021030705009873,NIFRA,42,44,50,540.00,"27,000.00"
2021-03-07,2021030705009872,NIFRA,42,58,50,540.00,"27,000.00"
2021-03-07,2021030705009886,NIFRA,42,32,50,540.00,"27,000.00"
2021-03-07,2021030705009885,NIFRA,25,16,50,541.00,"27,050.00"
2021-03-07,2021030705009884,NIFRA,25,58,20,541.00,"10,820.00"
2021-03-07,2021030705009883,NIFRA,42,13,50,540.00,"27,000.00"
2021-03-07,2021030705009882,NIFRA,42,7,60,540.00,"32,400.00"
2021-03-07,2021030705009881,NIFRA,42,58,50,540.00,"27,000.00"
2021-03-07,2021030705009895,NIFRA,42,55,"1,865",540.00,"1,007,100.00"
2021-03-07,2021030705009893,NIFRA,42,58,60,540.00,"32,400.00"
2021-03-07,2021030705009892,NIFRA,42,35,60,540.00,"32,400.00"
2021-03-07,2021030705009890,NIFRA,42,57,50,540.00,"27,000.00"
2021-03-07,2021030705009889,NIFRA,42,44,50,540.00,"27,000.00"
2021-03-07,2021030705009888,NIFRA,42,53,25,540.00,"13,500.00"
2021-03-07,2021030705009901,NIFRA,44,35,60,540.00,"32,400.00"
2021-03-07,2021030705009900,NIFRA,44,11,40,540.00,"21,600.00"
2021-03-07,2021030705009899,NIFRA,44,33,50,540.00,"27,000.00"
2021-03-07,2021030705009898,NIFRA,44,44,50,540.00,"27,000.00"
2021-03-07,2021030705009897,NIFRA,44,7,60,540.00,"32,400.00"
2021-03-07,2021030705009896,NIFRA,44,55,135,540.00,"72,900.00"
2021-03-07,2021030705009907,NIFRA,44,39,10,540.00,"5,400.00"
2021-03-07,2021030705009906,NIFRA,44,54,60,540.00,"32,400.00"
2021-03-07,2021030705009905,NIFRA,44,7,50,540.00,"27,000.00"
2021-03-07,2021030705009904,NIFRA,44,22,20,540.00,"10,800.00"
2021-03-07,2021030705009903,NIFRA,44,57,50,540.00,"27,000.00"
2021-03-07,2021030705009902,NIFRA,44,54,50,540.00,"27,000.00"
2021-03-07,2021030705009913,NIFRA,45,43,50,540.00,"27,000.00"
2021-03-07,2021030705009912,NIFRA,22,43,150,540.00,"81,000.00"
2021-03-07,2021030705009911,NIFRA,29,43,213,540.00,"115,020.00"
2021-03-07,2021030705009910,NIFRA,29,55,187,540.00,"100,980.00"
2021-03-07,2021030705009909,NIFRA,21,55,10,540.00,"5,400.00"
2021-03-07,2021030705009908,NIFRA,44,55,365,540.00,"197,100.00"
2021-03-07,2021030705009919,NIFRA,58,7,25,539.00,"13,475.00"
2021-03-07,2021030705009918,NIFRA,55,43,200,540.00,"108,000.00"
2021-03-07,2021030705009917,NIFRA,11,43,100,540.00,"54,000.00"
2021-03-07,2021030705009916,NIFRA,32,43,10,540.00,"5,400.00"
2021-03-07,2021030705009915,NIFRA,56,43,50,540.00,"27,000.00"
2021-03-07,2021030705009914,NIFRA,29,43,100,540.00,"54,000.00"
2021-03-07,2021030705009925,NIFRA,42,43,63,540.00,"34,020.00"
2021-03-07,2021030705009924,NIFRA,38,54,10,539.00,"5,390.00"
2021-03-07,2021030705009923,NIFRA,43,54,50,539.00,"26,950.00"
2021-03-07,2021030705009922,NIFRA,43,19,50,539.00,"26,950.00"
2021-03-07,2021030705009921,NIFRA,59,7,25,539.00,"13,475.00"
2021-03-07,2021030705009920,NIFRA,17,7,10,539.00,"5,390.00"
2021-03-07,2021030705009933,NIFRA,58,56,60,539.00,"32,340.00"
2021-03-07,2021030705009932,NIFRA,51,43,50,540.00,"27,000.00"
2021-03-07,2021030705009931,NIFRA,58,26,50,539.00,"26,950.00"
2021-03-07,2021030705009930,NIFRA,44,43,10,540.00,"5,400.00"
2021-03-07,2021030705009927,NIFRA,58,32,20,539.00,"10,780.00"
2021-03-07,2021030705009926,NIFRA,38,32,30,539.00,"16,170.00"
2021-03-07,2021030705009941,NIFRA,58,50,60,540.00,"32,400.00"
2021-03-07,2021030705009940,NIFRA,58,49,50,540.00,"27,000.00"
2021-03-07,2021030705009939,NIFRA,38,49,60,540.00,"32,400.00"
2021-03-07,2021030705009937,NIFRA,38,8,50,540.00,"27,000.00"
2021-03-07,2021030705009935,NIFRA,38,11,30,540.00,"16,200.00"
2021-03-07,2021030705009934,NIFRA,58,35,60,539.00,"32,340.00"
2021-03-07,2021030705009947,NIFRA,51,34,12,539.00,"6,468.00"
2021-03-07,2021030705009946,NIFRA,58,34,10,539.00,"5,390.00"
2021-03-07,2021030705009945,NIFRA,58,34,38,540.00,"20,520.00"
2021-03-07,2021030705009944,NIFRA,58,38,50,540.00,"27,000.00"
2021-03-07,2021030705009943,NIFRA,58,26,12,540.00,"6,480.00"
2021-03-07,2021030705009942,NIFRA,58,26,48,540.00,"25,920.00"
2021-03-07,2021030705009954,NIFRA,39,43,10,540.00,"5,400.00"
2021-03-07,2021030705009953,NIFRA,39,20,50,540.00,"27,000.00"
2021-03-07,2021030705009952,NIFRA,39,29,40,540.00,"21,600.00"
2021-03-07,2021030705009951,NIFRA,14,29,10,540.00,"5,400.00"
2021-03-07,2021030705009950,NIFRA,14,13,30,540.00,"16,200.00"
2021-03-07,2021030705009949,NIFRA,36,13,30,540.00,"16,200.00"
2021-03-07,2021030705009960,NIFRA,10,49,50,541.00,"27,050.00"
2021-03-07,2021030705009959,NIFRA,10,47,60,541.00,"32,460.00"
2021-03-07,2021030705009958,NIFRA,10,55,100,541.00,"54,100.00"
2021-03-07,2021030705009957,NIFRA,10,40,60,541.00,"32,460.00"
2021-03-07,2021030705009956,NIFRA,45,58,50,540.00,"27,000.00"
2021-03-07,2021030705009955,NIFRA,45,43,40,540.00,"21,600.00"
2021-03-07,2021030705009966,NIFRA,10,3,60,542.00,"32,520.00"
2021-03-07,2021030705009965,NIFRA,10,54,100,542.00,"54,200.00"
2021-03-07,2021030705009964,NIFRA,10,57,50,542.00,"27,100.00"
2021-03-07,2021030705009963,NIFRA,10,55,60,542.00,"32,520.00"
2021-03-07,2021030705009962,NIFRA,10,38,100,542.00,"54,200.00"
2021-03-07,2021030705009961,NIFRA,10,14,20,542.00,"10,840.00"
2021-03-07,2021030705009972,NIFRA,10,47,50,542.00,"27,100.00"
2021-03-07,2021030705009971,NIFRA,10,35,50,542.00,"27,100.00"
2021-03-07,2021030705009970,NIFRA,10,58,50,542.00,"27,100.00"
2021-03-07,2021030705009969,NIFRA,10,34,700,542.00,"379,400.00"
2021-03-07,2021030705009968,NIFRA,10,58,20,542.00,"10,840.00"
2021-03-07,2021030705009967,NIFRA,10,54,560,542.00,"303,520.00"
2021-03-07,2021030705009978,NIFRA,10,47,50,542.00,"27,100.00"
2021-03-07,2021030705009977,NIFRA,10,45,50,542.00,"27,100.00"
2021-03-07,2021030705009976,NIFRA,10,38,10,542.00,"5,420.00"
2021-03-07,2021030705009975,NIFRA,10,49,50,542.00,"27,100.00"
2021-03-07,2021030705009974,NIFRA,10,49,50,542.00,"27,100.00"
2021-03-07,2021030705009973,NIFRA,10,33,60,542.00,"32,520.00"
2021-03-07,2021030705009985,NIFRA,10,11,60,542.00,"32,520.00"
2021-03-07,2021030705009983,NIFRA,10,58,50,542.00,"27,100.00"
2021-03-07,2021030705009982,NIFRA,10,21,50,542.00,"27,100.00"
2021-03-07,2021030705009981,NIFRA,10,35,50,542.00,"27,100.00"
2021-03-07,2021030705009980,NIFRA,10,33,50,542.00,"27,100.00"
2021-03-07,2021030705009979,NIFRA,10,11,60,542.00,"32,520.00"
2021-03-07,2021030705009993,NIFRA,45,52,60,540.00,"32,400.00"
2021-03-07,2021030705009992,NIFRA,45,19,60,540.00,"32,400.00"
2021-03-07,2021030705009991,NIFRA,45,35,60,540.00,"32,400.00"
2021-03-07,2021030705009990,NIFRA,45,38,50,540.00,"27,000.00"
2021-03-07,2021030705009988,NIFRA,10,43,"2,270",542.00,"1,230,340.00"
2021-03-07,2021030705009986,NIFRA,10,44,50,542.00,"27,100.00"
2021-03-07,2021030705010003,NIFRA,58,56,50,540.00,"27,000.00"
2021-03-07,2021030705009998,NIFRA,58,58,30,540.00,"16,200.00"
2021-03-07,2021030705009997,NIFRA,38,58,20,540.00,"10,800.00"
2021-03-07,2021030705009996,NIFRA,51,10,10,541.00,"5,410.00"
2021-03-07,2021030705009995,NIFRA,38,7,30,540.00,"16,200.00"
2021-03-07,2021030705009994,NIFRA,45,7,30,540.00,"16,200.00"
2021-03-07,2021030705010010,NIFRA,36,49,100,542.00,"54,200.00"
2021-03-07,2021030705010009,NIFRA,36,3,200,542.00,"108,400.00"
2021-03-07,2021030705010008,NIFRA,36,33,50,542.00,"27,100.00"
2021-03-07,2021030705010007,NIFRA,36,43,370,542.00,"200,540.00"
2021-03-07,2021030705010006,NIFRA,38,43,110,542.00,"59,620.00"
2021-03-07,2021030705010005,NIFRA,38,10,40,541.00,"21,640.00"
2021-03-07,2021030705010018,NIFRA,4,7,10,541.00,"5,410.00"
2021-03-07,2021030705010017,NIFRA,45,7,40,541.00,"21,640.00"
2021-03-07,2021030705010015,NIFRA,36,7,60,542.00,"32,520.00"
2021-03-07,2021030705010014,NIFRA,36,45,150,542.00,"81,300.00"
2021-03-07,2021030705010013,NIFRA,36,58,50,542.00,"27,100.00"
2021-03-07,2021030705010011,NIFRA,36,36,20,542.00,"10,840.00"
2021-03-07,2021030705010024,NIFRA,4,13,50,542.00,"27,100.00"
2021-03-07,2021030705010023,NIFRA,4,21,50,542.00,"27,100.00"
2021-03-07,2021030705010022,NIFRA,4,11,10,541.00,"5,410.00"
2021-03-07,2021030705010021,NIFRA,45,11,40,541.00,"21,640.00"
2021-03-07,2021030705010020,NIFRA,45,45,10,541.00,"5,410.00"
2021-03-07,2021030705010019,NIFRA,4,45,40,541.00,"21,640.00"
2021-03-07,2021030705010030,NIFRA,58,44,50,540.00,"27,000.00"
2021-03-07,2021030705010029,NIFRA,26,58,50,541.00,"27,050.00"
2021-03-07,2021030705010028,NIFRA,26,57,50,541.00,"27,050.00"
2021-03-07,2021030705010027,NIFRA,26,43,50,541.00,"27,050.00"
2021-03-07,2021030705010026,NIFRA,4,16,330,543.00,"179,190.00"
2021-03-07,2021030705010025,NIFRA,4,21,60,542.00,"32,520.00"
2021-03-07,2021030705010038,NIFRA,19,57,100,540.00,"54,000.00"
2021-03-07,2021030705010036,NIFRA,57,7,120,541.00,"64,920.00"
2021-03-07,2021030705010035,NIFRA,19,7,60,540.00,"32,400.00"
2021-03-07,2021030705010034,NIFRA,19,51,40,540.00,"21,600.00"
2021-03-07,2021030705010033,NIFRA,58,51,70,540.00,"37,800.00"
2021-03-07,2021030705010031,NIFRA,40,7,40,541.00,"21,640.00"
2021-03-07,2021030705010047,NIFRA,58,35,10,540.00,"5,400.00"
2021-03-07,2021030705010045,NIFRA,58,58,60,540.00,"32,400.00"
2021-03-07,2021030705010044,NIFRA,58,58,50,540.00,"27,000.00"
2021-03-07,2021030705010042,NIFRA,21,26,4,540.00,"2,160.00"
2021-03-07,2021030705010041,NIFRA,21,26,60,540.00,"32,400.00"
2021-03-07,2021030705010039,NIFRA,21,41,40,540.00,"21,600.00"
2021-03-07,2021030705010053,NIFRA,47,17,10,540.00,"5,400.00"
2021-03-07,2021030705010052,NIFRA,45,21,30,541.00,"16,230.00"
2021-03-07,2021030705010051,NIFRA,45,45,10,541.00,"5,410.00"
2021-03-07,2021030705010050,NIFRA,58,45,50,541.00,"27,050.00"
2021-03-07,2021030705010049,NIFRA,58,7,50,541.00,"27,050.00"
2021-03-07,2021030705010048,NIFRA,47,35,50,540.00,"27,000.00"
2021-03-07,2021030705010060,NIFRA,32,49,60,541.00,"32,460.00"
2021-03-07,2021030705010059,NIFRA,32,21,12,541.00,"6,492.00"
2021-03-07,2021030705010057,NIFRA,46,21,60,540.00,"32,400.00"
2021-03-07,2021030705010056,NIFRA,46,32,20,540.00,"10,800.00"
2021-03-07,2021030705010055,NIFRA,47,32,40,540.00,"21,600.00"
2021-03-07,2021030705010054,NIFRA,55,21,18,541.00,"9,738.00"
2021-03-07,2021030705010066,NIFRA,59,20,50,540.00,"27,000.00"
2021-03-07,2021030705010065,NIFRA,59,35,60,540.00,"32,400.00"
2021-03-07,2021030705010064,NIFRA,59,26,30,540.00,"16,200.00"
2021-03-07,2021030705010063,NIFRA,21,26,10,540.00,"5,400.00"
2021-03-07,2021030705010062,NIFRA,46,26,20,540.00,"10,800.00"
2021-03-07,2021030705010061,NIFRA,32,21,428,541.00,"231,548.00"
2021-03-07,2021030705010073,NIFRA,59,19,50,540.00,"27,000.00"
2021-03-07,2021030705010072,NIFRA,36,21,20,541.00,"10,820.00"
2021-03-07,2021030705010071,NIFRA,59,41,20,540.00,"10,800.00"
2021-03-07,2021030705010070,NIFRA,32,21,50,541.00,"27,050.00"
2021-03-07,2021030705010069,NIFRA,59,21,50,540.00,"27,000.00"
2021-03-07,2021030705010068,NIFRA,59,44,50,540.00,"27,000.00"
2021-03-07,2021030705010081,NIFRA,13,21,100,541.00,"54,100.00"
2021-03-07,2021030705010079,NIFRA,59,33,50,540.00,"27,000.00"
2021-03-07,2021030705010078,NIFRA,36,21,100,541.00,"54,100.00"
2021-03-07,2021030705010077,NIFRA,59,47,10,540.00,"5,400.00"
2021-03-07,2021030705010076,NIFRA,59,50,50,540.00,"27,000.00"
2021-03-07,2021030705010074,NIFRA,59,58,50,540.00,"27,000.00"
2021-03-07,2021030705010087,NIFRA,53,1,50,540.00,"27,000.00"
2021-03-07,2021030705010086,NIFRA,53,14,60,540.00,"32,400.00"
2021-03-07,2021030705010085,NIFRA,51,3,10,540.00,"5,400.00"
2021-03-07,2021030705010084,NIFRA,13,3,10,540.00,"5,400.00"
2021-03-07,2021030705010083,NIFRA,59,3,30,540.00,"16,200.00"
2021-03-07,2021030705010082,NIFRA,55,21,10,541.00,"5,410.00"
2021-03-07,2021030705010095,NIFRA,36,21,50,541.00,"27,050.00"
2021-03-07,2021030705010093,NIFRA,42,21,50,540.00,"27,000.00"
2021-03-07,2021030705010092,NIFRA,42,59,12,540.00,"6,480.00"
2021-03-07,2021030705010091,NIFRA,48,59,38,540.00,"20,520.00"
2021-03-07,2021030705010090,NIFRA,48,45,12,540.00,"6,480.00"
2021-03-07,2021030705010089,NIFRA,53,45,38,540.00,"20,520.00"
2021-03-07,2021030705010102,NIFRA,40,58,10,541.00,"5,410.00"
2021-03-07,2021030705010101,NIFRA,42,16,50,540.00,"27,000.00"
2021-03-07,2021030705010099,NIFRA,42,1,50,540.00,"27,000.00"
2021-03-07,2021030705010098,NIFRA,42,17,10,540.00,"5,400.00"
2021-03-07,2021030705010097,NIFRA,49,21,42,541.00,"22,722.00"
2021-03-07,2021030705010096,NIFRA,42,44,50,540.00,"27,000.00"
2021-03-07,2021030705010110,NIFRA,45,1,50,541.00,"27,050.00"
2021-03-07,2021030705010109,NIFRA,45,58,20,541.00,"10,820.00"
2021-03-07,2021030705010108,NIFRA,42,21,50,540.00,"27,000.00"
2021-03-07,2021030705010106,NIFRA,42,35,50,540.00,"27,000.00"
2021-03-07,2021030705010105,NIFRA,6,58,30,541.00,"16,230.00"
2021-03-07,2021030705010103,NIFRA,42,1,50,540.00,"27,000.00"
2021-03-07,2021030705010118,NIFRA,22,54,60,541.00,"32,460.00"
2021-03-07,2021030705010116,NIFRA,42,17,50,540.00,"27,000.00"
2021-03-07,2021030705010115,NIFRA,42,56,50,540.00,"27,000.00"
2021-03-07,2021030705010114,NIFRA,42,20,10,540.00,"5,400.00"
2021-03-07,2021030705010113,NIFRA,32,20,40,541.00,"21,640.00"
2021-03-07,2021030705010112,NIFRA,32,40,60,541.00,"32,460.00"
2021-03-07,2021030705010124,NIFRA,22,21,50,541.00,"27,050.00"
2021-03-07,2021030705010123,NIFRA,22,1,50,541.00,"27,050.00"
2021-03-07,2021030705010122,NIFRA,22,58,20,541.00,"10,820.00"
2021-03-07,2021030705010121,NIFRA,22,58,50,541.00,"27,050.00"
2021-03-07,2021030705010120,NIFRA,22,55,40,541.00,"21,640.00"
2021-03-07,2021030705010119,NIFRA,22,16,50,541.00,"27,050.00"
2021-03-07,2021030705010130,NIFRA,18,16,60,541.00,"32,460.00"
2021-03-07,2021030705010129,NIFRA,25,25,92,540.00,"49,680.00"
2021-03-07,2021030705010128,NIFRA,14,25,200,540.00,"108,000.00"
2021-03-07,2021030705010127,NIFRA,29,25,100,540.00,"54,000.00"
2021-03-07,2021030705010126,NIFRA,42,25,18,540.00,"9,720.00"
2021-03-07,2021030705010125,NIFRA,22,25,50,541.00,"27,050.00"
2021-03-07,2021030705010117,PLI,36,58,10,761.00,"7,610.00"
2021-03-07,2021030705010111,PLI,36,14,10,761.00,"7,610.00"
2021-03-07,2021030705010107,PLI,36,58,10,761.00,"7,610.00"
2021-03-07,2021030705010104,PLI,36,1,10,761.00,"7,610.00"
2021-03-07,2021030705010100,PLI,36,57,10,761.00,"7,610.00"
2021-03-07,2021030705010094,PLI,36,45,10,761.00,"7,610.00"
2021-03-07,2021030705009703,PLI,1,38,10,762.00,"7,620.00"
2021-03-07,2021030705009695,PLI,1,22,10,762.00,"7,620.00"
2021-03-07,2021030705009692,PLI,22,50,10,762.00,"7,620.00"
2021-03-07,2021030705009691,PLI,22,38,10,762.00,"7,620.00"
2021-03-07,2021030705009684,PLI,22,45,10,762.00,"7,620.00"
2021-03-07,2021030705009766,PLI,6,22,10,762.00,"7,620.00"
2021-03-07,2021030705009762,PLI,6,38,10,762.00,"7,620.00"
2021-03-07,2021030705009748,PLI,55,35,50,763.00,"38,150.00"
2021-03-07,2021030705009717,PLI,6,29,10,762.00,"7,620.00"
2021-03-07,2021030705009715,PLI,58,21,10,762.00,"7,620.00"
2021-03-07,2021030705009706,PLI,1,32,10,762.00,"7,620.00"
2021-03-07,2021030705009811,PLI,44,49,10,761.00,"7,610.00"
2021-03-07,2021030705009800,PLI,44,26,10,761.00,"7,610.00"
2021-03-07,2021030705009798,PLI,44,38,10,761.00,"7,610.00"
2021-03-07,2021030705009795,PLI,44,22,10,761.00,"7,610.00"
2021-03-07,2021030705009791,PLI,44,51,10,761.00,"7,610.00"
2021-03-07,2021030705009780,PLI,44,21,10,761.00,"7,610.00"
2021-03-07,2021030705009874,PLI,36,35,60,761.00,"45,660.00"
2021-03-07,2021030705009871,PLI,36,57,10,761.00,"7,610.00"
2021-03-07,2021030705009861,PLI,36,38,10,761.00,"7,610.00"
2021-03-07,2021030705009856,PLI,36,21,10,761.00,"7,610.00"
2021-03-07,2021030705009831,PLI,36,25,10,761.00,"7,610.00"
2021-03-07,2021030705009822,PLI,44,26,10,761.00,"7,610.00"
2021-03-07,2021030705009928,PLI,55,21,10,760.00,"7,600.00"
2021-03-07,2021030705009894,PLI,55,20,10,760.00,"7,600.00"
2021-03-07,2021030705009891,PLI,55,35,10,760.00,"7,600.00"
2021-03-07,2021030705009887,PLI,55,38,10,760.00,"7,600.00"
2021-03-07,2021030705009880,PLI,22,35,10,761.00,"7,610.00"
2021-03-07,2021030705009875,PLI,32,35,80,761.00,"60,880.00"
2021-03-07,2021030705009987,PLI,55,39,10,760.00,"7,600.00"
2021-03-07,2021030705009984,PLI,55,49,10,760.00,"7,600.00"
2021-03-07,2021030705009948,PLI,55,11,10,760.00,"7,600.00"
2021-03-07,2021030705009938,PLI,55,49,10,760.00,"7,600.00"
2021-03-07,2021030705009936,PLI,55,19,10,760.00,"7,600.00"
2021-03-07,2021030705009929,PLI,55,32,10,760.00,"7,600.00"
2021-03-07,2021030705010004,PLI,19,38,10,760.00,"7,600.00"
2021-03-07,2021030705010002,PLI,19,47,100,760.00,"76,000.00"
2021-03-07,2021030705010001,PLI,28,47,100,760.00,"76,000.00"
2021-03-07,2021030705010000,PLI,55,47,300,760.00,"228,000.00"
2021-03-07,2021030705009999,PLI,55,19,10,760.00,"7,600.00"
2021-03-07,2021030705009989,PLI,57,26,10,761.00,"7,610.00"
2021-03-07,2021030705010043,PLI,19,44,10,760.00,"7,600.00"
2021-03-07,2021030705010040,PLI,19,45,10,760.00,"7,600.00"
2021-03-07,2021030705010037,PLI,19,44,10,760.00,"7,600.00"
2021-03-07,2021030705010032,PLI,11,54,40,761.00,"30,440.00"
2021-03-07,2021030705010016,PLI,19,56,10,760.00,"7,600.00"
2021-03-07,2021030705010012,PLI,19,58,10,760.00,"7,600.00"
2021-03-07,2021030705010088,PLI,36,20,10,761.00,"7,610.00"
2021-03-07,2021030705010080,PLI,36,50,10,761.00,"7,610.00"
2021-03-07,2021030705010075,PLI,36,59,10,761.00,"7,610.00"
2021-03-07,2021030705010067,PLI,36,54,390,761.00,"296,790.00"
2021-03-07,2021030705010058,PLI,19,22,10,760.00,"7,600.00"
2021-03-07,2021030705010046,PLI,19,7,10,760.00,"7,600.00"
2021-03-07,2021030705009271,CGH,55,35,10,665.00,"6,650.00"
2021-03-07,2021030705009240,CGH,55,58,10,665.00,"6,650.00"
2021-03-07,2021030705009144,CGH,55,6,10,665.00,"6,650.00"
2021-03-07,2021030705009636,NIFRA,36,55,100,540.00,"54,000.00"
2021-03-07,2021030705009635,NIFRA,43,55,100,540.00,"54,000.00"
2021-03-07,2021030705009634,NIFRA,17,55,10,540.00,"5,400.00"
2021-03-07,2021030705009633,NIFRA,16,55,"1,000",540.00,"540,000.00"
2021-03-07,2021030705009632,NIFRA,42,55,85,540.00,"45,900.00"
2021-03-07,2021030705009631,NIFRA,35,55,50,540.00,"27,000.00"
2021-03-07,2021030705009143,NIFRA,54,32,60,542.00,"32,520.00"
2021-03-07,2021030705009142,NIFRA,54,38,50,542.00,"27,100.00"
2021-03-07,2021030705009141,NIFRA,54,10,60,542.00,"32,520.00"
2021-03-07,2021030705009140,NIFRA,54,4,10,542.00,"5,420.00"
2021-03-07,2021030705009139,NIFRA,56,6,100,543.00,"54,300.00"
2021-03-07,2021030705009138,NIFRA,55,6,100,543.00,"54,300.00"
2021-03-07,2021030705009151,NIFRA,54,42,60,542.00,"32,520.00"
2021-03-07,2021030705009150,NIFRA,54,49,40,542.00,"21,680.00"
2021-03-07,2021030705009149,NIFRA,41,16,55,543.00,"29,865.00"
2021-03-07,2021030705009148,NIFRA,41,6,125,543.00,"67,875.00"
2021-03-07,2021030705009146,NIFRA,54,32,50,542.00,"27,100.00"
2021-03-07,2021030705009145,NIFRA,54,44,60,542.00,"32,520.00"
2021-03-07,2021030705009158,NIFRA,54,59,50,542.00,"27,100.00"
2021-03-07,2021030705009156,NIFRA,33,52,25,543.00,"13,575.00"
2021-03-07,2021030705009155,NIFRA,33,57,10,543.00,"5,430.00"
2021-03-07,2021030705009154,NIFRA,33,16,365,543.00,"198,195.00"
2021-03-07,2021030705009153,NIFRA,45,16,100,543.00,"54,300.00"
2021-03-07,2021030705009152,NIFRA,54,38,50,542.00,"27,100.00"
2021-03-07,2021030705009164,NIFRA,48,38,50,543.00,"27,150.00"
2021-03-07,2021030705009163,NIFRA,48,52,10,543.00,"5,430.00"
2021-03-07,2021030705009162,NIFRA,54,4,10,542.00,"5,420.00"
2021-03-07,2021030705009161,NIFRA,54,49,30,542.00,"16,260.00"
2021-03-07,2021030705009160,NIFRA,54,10,50,542.00,"27,100.00"
2021-03-07,2021030705009159,NIFRA,54,21,60,542.00,"32,520.00"
2021-03-07,2021030705009179,NIFRA,48,58,50,543.00,"27,150.00"
2021-03-07,2021030705009178,NIFRA,48,47,60,543.00,"32,580.00"
2021-03-07,2021030705009169,NIFRA,48,25,20,543.00,"10,860.00"
2021-03-07,2021030705009168,NIFRA,48,44,60,543.00,"32,580.00"
2021-03-07,2021030705009166,NIFRA,48,21,50,543.00,"27,150.00"
2021-03-07,2021030705009165,NIFRA,48,54,20,543.00,"10,860.00"
2021-03-07,2021030705009185,NIFRA,48,10,20,543.00,"10,860.00"
2021-03-07,2021030705009184,NIFRA,48,56,50,543.00,"27,150.00"
2021-03-07,2021030705009183,NIFRA,48,45,60,543.00,"32,580.00"
2021-03-07,2021030705009182,NIFRA,48,51,50,543.00,"27,150.00"
2021-03-07,2021030705009181,NIFRA,48,47,50,543.00,"27,150.00"
2021-03-07,2021030705009180,NIFRA,48,38,50,543.00,"27,150.00"
2021-03-07,2021030705009191,NIFRA,14,44,20,543.00,"10,860.00"
2021-03-07,2021030705009190,NIFRA,37,44,40,543.00,"21,720.00"
2021-03-07,2021030705009189,NIFRA,37,58,60,543.00,"32,580.00"
2021-03-07,2021030705009188,NIFRA,37,36,20,543.00,"10,860.00"
2021-03-07,2021030705009187,NIFRA,37,10,30,543.00,"16,290.00"
2021-03-07,2021030705009186,NIFRA,1,10,10,543.00,"5,430.00"
2021-03-07,2021030705009198,NIFRA,14,48,60,543.00,"32,580.00"
2021-03-07,2021030705009197,NIFRA,14,42,50,543.00,"27,150.00"
2021-03-07,2021030705009196,NIFRA,14,7,50,543.00,"27,150.00"
2021-03-07,2021030705009195,NIFRA,14,45,50,543.00,"27,150.00"
2021-03-07,2021030705009193,NIFRA,14,18,50,543.00,"27,150.00"
2021-03-07,2021030705009192,NIFRA,14,21,500,543.00,"271,500.00"
2021-03-07,2021030705009204,NIFRA,14,1,10,543.00,"5,430.00"
2021-03-07,2021030705009203,NIFRA,14,59,50,543.00,"27,150.00"
2021-03-07,2021030705009202,NIFRA,22,37,30,544.00,"16,320.00"
2021-03-07,2021030705009201,NIFRA,14,11,50,543.00,"27,150.00"
2021-03-07,2021030705009200,NIFRA,14,48,50,543.00,"27,150.00"
2021-03-07,2021030705009199,NIFRA,14,47,60,543.00,"32,580.00"
2021-03-07,2021030705009211,NIFRA,54,36,20,542.00,"10,840.00"
2021-03-07,2021030705009210,NIFRA,42,36,30,543.00,"16,290.00"
2021-03-07,2021030705009209,NIFRA,42,1,20,543.00,"10,860.00"
2021-03-07,2021030705009208,NIFRA,54,56,50,542.00,"27,100.00"
2021-03-07,2021030705009207,NIFRA,54,38,50,542.00,"27,100.00"
2021-03-07,2021030705009206,NIFRA,35,1,20,543.00,"10,860.00"
2021-03-07,2021030705009218,NIFRA,54,37,50,542.00,"27,100.00"
2021-03-07,2021030705009217,NIFRA,17,36,40,543.00,"21,720.00"
2021-03-07,2021030705009216,NIFRA,17,42,60,543.00,"32,580.00"
2021-03-07,2021030705009215,NIFRA,54,38,50,542.00,"27,100.00"
2021-03-07,2021030705009213,NIFRA,22,36,50,543.00,"27,150.00"
2021-03-07,2021030705009212,NIFRA,54,48,60,542.00,"32,520.00"
2021-03-07,2021030705009224,NIFRA,10,37,"1,780",544.00,"968,320.00"
2021-03-07,2021030705009223,NIFRA,10,44,50,543.00,"27,150.00"
2021-03-07,2021030705009222,NIFRA,10,55,50,543.00,"27,150.00"
2021-03-07,2021030705009221,NIFRA,10,47,50,543.00,"27,150.00"
2021-03-07,2021030705009220,NIFRA,10,38,50,543.00,"27,150.00"
2021-03-07,2021030705009219,NIFRA,10,36,280,543.00,"152,040.00"
2021-03-07,2021030705009230,NIFRA,10,45,50,544.00,"27,200.00"
2021-03-07,2021030705009229,NIFRA,10,28,10,544.00,"5,440.00"
2021-03-07,2021030705009228,NIFRA,10,37,"2,000",544.00,"1,088,000.00"
2021-03-07,2021030705009227,NIFRA,10,28,20,544.00,"10,880.00"
2021-03-07,2021030705009226,NIFRA,10,17,30,544.00,"16,320.00"
2021-03-07,2021030705009225,NIFRA,10,54,300,544.00,"163,200.00"
2021-03-07,2021030705009237,NIFRA,58,47,50,543.00,"27,150.00"
2021-03-07,2021030705009236,NIFRA,58,33,20,543.00,"10,860.00"
2021-03-07,2021030705009235,NIFRA,58,38,60,543.00,"32,580.00"
2021-03-07,2021030705009234,NIFRA,54,4,10,542.00,"5,420.00"
2021-03-07,2021030705009232,NIFRA,54,58,15,542.00,"8,130.00"
2021-03-07,2021030705009231,NIFRA,10,49,330,544.00,"179,520.00"
2021-03-07,2021030705009245,NIFRA,58,38,50,543.00,"27,150.00"
2021-03-07,2021030705009244,NIFRA,58,36,60,543.00,"32,580.00"
2021-03-07,2021030705009243,NIFRA,58,47,60,543.00,"32,580.00"
2021-03-07,2021030705009242,NIFRA,58,4,10,543.00,"5,430.00"
2021-03-07,2021030705009239,NIFRA,58,58,50,543.00,"27,150.00"
2021-03-07,2021030705009238,NIFRA,58,56,50,543.00,"27,150.00"
2021-03-07,2021030705009251,NIFRA,38,25,50,543.00,"27,150.00"
2021-03-07,2021030705009250,NIFRA,38,48,20,543.00,"10,860.00"
2021-03-07,2021030705009249,NIFRA,45,48,30,543.00,"16,290.00"
2021-03-07,2021030705009248,NIFRA,45,39,10,543.00,"5,430.00"
2021-03-07,2021030705009247,NIFRA,58,39,40,543.00,"21,720.00"
2021-03-07,2021030705009246,NIFRA,58,18,50,543.00,"27,150.00"
2021-03-07,2021030705009259,NIFRA,38,42,60,543.00,"32,580.00"
2021-03-07,2021030705009258,NIFRA,38,38,50,543.00,"27,150.00"
2021-03-07,2021030705009257,NIFRA,38,56,50,543.00,"27,150.00"
2021-03-07,2021030705009256,NIFRA,38,47,30,543.00,"16,290.00"
2021-03-07,2021030705009255,NIFRA,38,47,20,543.00,"10,860.00"
2021-03-07,2021030705009253,NIFRA,38,38,50,543.00,"27,150.00"
2021-03-07,2021030705009265,NIFRA,38,21,30,543.00,"16,290.00"
2021-03-07,2021030705009264,NIFRA,38,48,60,543.00,"32,580.00"
2021-03-07,2021030705009263,NIFRA,38,18,50,543.00,"27,150.00"
2021-03-07,2021030705009262,NIFRA,38,47,60,543.00,"32,580.00"
2021-03-07,2021030705009261,NIFRA,38,34,100,543.00,"54,300.00"
2021-03-07,2021030705009260,NIFRA,38,4,10,543.00,"5,430.00"
2021-03-07,2021030705009274,NIFRA,42,47,30,543.00,"16,290.00"
2021-03-07,2021030705009273,NIFRA,42,38,50,543.00,"27,150.00"
2021-03-07,2021030705009269,NIFRA,50,49,50,544.00,"27,200.00"
2021-03-07,2021030705009268,NIFRA,42,6,20,543.00,"10,860.00"
2021-03-07,2021030705009267,NIFRA,14,6,30,543.00,"16,290.00"
2021-03-07,2021030705009266,NIFRA,14,21,20,543.00,"10,860.00"
2021-03-07,2021030705009280,NIFRA,36,57,60,543.00,"32,580.00"
2021-03-07,2021030705009279,NIFRA,36,20,50,543.00,"27,150.00"
2021-03-07,2021030705009278,NIFRA,36,33,20,543.00,"10,860.00"
2021-03-07,2021030705009277,NIFRA,36,45,470,543.00,"255,210.00"
2021-03-07,2021030705009276,NIFRA,49,45,30,543.00,"16,290.00"
2021-03-07,2021030705009275,NIFRA,49,47,20,543.00,"10,860.00"
2021-03-07,2021030705009286,NIFRA,36,56,50,543.00,"27,150.00"
2021-03-07,2021030705009285,NIFRA,45,44,30,544.00,"16,320.00"
2021-03-07,2021030705009284,NIFRA,45,6,50,544.00,"27,200.00"
2021-03-07,2021030705009283,NIFRA,45,49,120,544.00,"65,280.00"
2021-03-07,2021030705009282,NIFRA,36,47,50,543.00,"27,150.00"
2021-03-07,2021030705009281,NIFRA,36,6,50,543.00,"27,150.00"
2021-03-07,2021030705009294,NIFRA,41,38,20,543.00,"10,860.00"
2021-03-07,2021030705009293,NIFRA,36,38,30,543.00,"16,290.00"
2021-03-07,2021030705009292,NIFRA,36,47,60,543.00,"32,580.00"
2021-03-07,2021030705009291,NIFRA,36,42,60,543.00,"32,580.00"
2021-03-07,2021030705009290,NIFRA,36,38,50,543.00,"27,150.00"
2021-03-07,2021030705009287,NIFRA,36,48,50,543.00,"27,150.00"
2021-03-07,2021030705009300,NIFRA,54,4,60,542.00,"32,520.00"
2021-03-07,2021030705009299,NIFRA,54,38,60,542.00,"32,520.00"
2021-03-07,2021030705009298,NIFRA,54,36,60,542.00,"32,520.00"
2021-03-07,2021030705009297,NIFRA,54,4,60,542.00,"32,520.00"
2021-03-07,2021030705009296,NIFRA,54,21,60,542.00,"32,520.00"
2021-03-07,2021030705009295,NIFRA,41,47,30,543.00,"16,290.00"
2021-03-07,2021030705009307,NIFRA,54,7,50,542.00,"27,100.00"
2021-03-07,2021030705009306,NIFRA,34,43,30,543.00,"16,290.00"
2021-03-07,2021030705009305,NIFRA,34,47,20,543.00,"10,860.00"
2021-03-07,2021030705009303,NIFRA,54,11,50,542.00,"27,100.00"
2021-03-07,2021030705009302,NIFRA,54,38,50,542.00,"27,100.00"
2021-03-07,2021030705009301,NIFRA,54,43,50,542.00,"27,100.00"
2021-03-07,2021030705009319,NIFRA,45,47,20,543.00,"10,860.00"
2021-03-07,2021030705009318,NIFRA,45,48,60,543.00,"32,580.00"
2021-03-07,2021030705009317,NIFRA,45,43,20,543.00,"10,860.00"
2021-03-07,2021030705009310,NIFRA,54,56,50,542.00,"27,100.00"
2021-03-07,2021030705009309,NIFRA,54,59,20,542.00,"10,840.00"
2021-03-07,2021030705009308,NIFRA,54,33,20,542.00,"10,840.00"
2021-03-07,2021030705009327,NIFRA,51,47,40,543.00,"21,720.00"
2021-03-07,2021030705009324,NIFRA,54,34,60,542.00,"32,520.00"
2021-03-07,2021030705009323,NIFRA,54,20,50,542.00,"27,100.00"
2021-03-07,2021030705009322,NIFRA,54,36,60,542.00,"32,520.00"
2021-03-07,2021030705009321,NIFRA,54,38,60,542.00,"32,520.00"
2021-03-07,2021030705009320,NIFRA,54,43,50,542.00,"27,100.00"
2021-03-07,2021030705009333,NIFRA,54,4,60,542.00,"32,520.00"
2021-03-07,2021030705009332,NIFRA,54,14,30,542.00,"16,260.00"
2021-03-07,2021030705009331,NIFRA,54,43,50,542.00,"27,100.00"
2021-03-07,2021030705009330,NIFRA,54,36,60,542.00,"32,520.00"
2021-03-07,2021030705009329,NIFRA,54,38,50,542.00,"27,100.00"
2021-03-07,2021030705009328,NIFRA,51,14,10,543.00,"5,430.00"
2021-03-07,2021030705009340,NIFRA,36,55,"1,000",542.00,"542,000.00"
2021-03-07,2021030705009339,NIFRA,13,55,500,542.00,"271,000.00"
2021-03-07,2021030705009338,NIFRA,54,55,"4,217",542.00,"2,285,614.00"
2021-03-07,2021030705009337,NIFRA,54,38,50,542.00,"27,100.00"
2021-03-07,2021030705009335,NIFRA,54,45,50,542.00,"27,100.00"
2021-03-07,2021030705009334,NIFRA,54,25,50,542.00,"27,100.00"
2021-03-07,2021030705009346,NIFRA,5,55,500,542.00,"271,000.00"
2021-03-07,2021030705009345,NIFRA,35,55,50,542.00,"27,100.00"
2021-03-07,2021030705009344,NIFRA,59,55,50,542.00,"27,100.00"
2021-03-07,2021030705009343,NIFRA,51,55,500,542.00,"271,000.00"
2021-03-07,2021030705009342,NIFRA,40,55,20,542.00,"10,840.00"
2021-03-07,2021030705009341,NIFRA,1,55,50,542.00,"27,100.00"
2021-03-07,2021030705009352,NIFRA,59,55,100,542.00,"54,200.00"
2021-03-07,2021030705009351,NIFRA,58,55,20,542.00,"10,840.00"
2021-03-07,2021030705009350,NIFRA,40,55,500,542.00,"271,000.00"
2021-03-07,2021030705009349,NIFRA,41,55,"1,000",542.00,"542,000.00"
2021-03-07,2021030705009348,NIFRA,17,55,30,542.00,"16,260.00"
2021-03-07,2021030705009347,NIFRA,57,55,300,542.00,"162,600.00"
2021-03-07,2021030705009358,NIFRA,16,55,"1,000",542.00,"542,000.00"
2021-03-07,2021030705009357,NIFRA,26,55,500,542.00,"271,000.00"
2021-03-07,2021030705009356,NIFRA,49,55,200,542.00,"108,400.00"
2021-03-07,2021030705009355,NIFRA,14,55,50,542.00,"27,100.00"
2021-03-07,2021030705009354,NIFRA,51,55,70,542.00,"37,940.00"
2021-03-07,2021030705009353,NIFRA,25,55,60,542.00,"32,520.00"
2021-03-07,2021030705009364,NIFRA,38,57,50,542.00,"27,100.00"
2021-03-07,2021030705009363,NIFRA,38,4,20,542.00,"10,840.00"
2021-03-07,2021030705009362,NIFRA,25,4,30,542.00,"16,260.00"
2021-03-07,2021030705009361,NIFRA,58,55,15,542.00,"8,130.00"
2021-03-07,2021030705009360,NIFRA,32,55,500,542.00,"271,000.00"
2021-03-07,2021030705009359,NIFRA,21,55,100,542.00,"54,200.00"
2021-03-07,2021030705009370,NIFRA,45,55,"4,000",541.00,"2,164,000.00"
2021-03-07,2021030705009369,NIFRA,45,55,500,541.00,"270,500.00"
2021-03-07,2021030705009368,NIFRA,11,55,410,541.00,"221,810.00"
2021-03-07,2021030705009367,NIFRA,11,39,60,541.00,"32,460.00"
2021-03-07,2021030705009366,NIFRA,11,58,30,541.00,"16,230.00"
2021-03-07,2021030705009365,NIFRA,38,58,30,542.00,"16,260.00"
2021-03-07,2021030705009376,NIFRA,52,55,105,541.00,"56,805.00"
2021-03-07,2021030705009375,NIFRA,17,55,10,541.00,"5,410.00"
2021-03-07,2021030705009374,NIFRA,14,55,500,541.00,"270,500.00"
2021-03-07,2021030705009373,NIFRA,58,55,100,541.00,"54,100.00"
2021-03-07,2021030705009372,NIFRA,57,55,51,541.00,"27,591.00"
2021-03-07,2021030705009371,NIFRA,25,55,300,541.00,"162,300.00"
2021-03-07,2021030705009382,NIFRA,21,55,100,541.00,"54,100.00"
2021-03-07,2021030705009381,NIFRA,48,55,90,541.00,"48,690.00"
2021-03-07,2021030705009380,NIFRA,45,55,500,541.00,"270,500.00"
2021-03-07,2021030705009379,NIFRA,42,55,500,541.00,"270,500.00"
2021-03-07,2021030705009378,NIFRA,33,55,500,541.00,"270,500.00"
2021-03-07,2021030705009377,NIFRA,8,55,500,541.00,"270,500.00"
2021-03-07,2021030705009388,NIFRA,25,55,"5,000",541.00,"2,705,000.00"
2021-03-07,2021030705009387,NIFRA,58,55,10,541.00,"5,410.00"
2021-03-07,2021030705009386,NIFRA,29,55,200,541.00,"108,200.00"
2021-03-07,2021030705009385,NIFRA,13,55,50,541.00,"27,050.00"
2021-03-07,2021030705009384,NIFRA,58,55,50,541.00,"27,050.00"
2021-03-07,2021030705009383,NIFRA,16,55,500,541.00,"270,500.00"
2021-03-07,2021030705009394,NIFRA,35,55,400,541.00,"216,400.00"
2021-03-07,2021030705009393,NIFRA,43,55,100,541.00,"54,100.00"
2021-03-07,2021030705009392,NIFRA,35,55,500,541.00,"270,500.00"
2021-03-07,2021030705009391,NIFRA,17,55,10,541.00,"5,410.00"
2021-03-07,2021030705009390,NIFRA,10,55,"1,000",541.00,"541,000.00"
2021-03-07,2021030705009389,NIFRA,40,55,100,541.00,"54,100.00"
2021-03-07,2021030705009400,NIFRA,59,55,200,541.00,"108,200.00"
2021-03-07,2021030705009399,NIFRA,32,55,50,541.00,"27,050.00"
2021-03-07,2021030705009398,NIFRA,29,55,50,541.00,"27,050.00"
2021-03-07,2021030705009397,NIFRA,49,55,900,541.00,"486,900.00"
2021-03-07,2021030705009396,NIFRA,50,55,300,541.00,"162,300.00"
2021-03-07,2021030705009395,NIFRA,21,55,100,541.00,"54,100.00"
2021-03-07,2021030705009407,NIFRA,48,42,40,543.00,"21,720.00"
2021-03-07,2021030705009406,NIFRA,48,14,10,543.00,"5,430.00"
2021-03-07,2021030705009404,NIFRA,3,58,30,542.00,"16,260.00"
2021-03-07,2021030705009403,NIFRA,54,55,"2,074",541.00,"1,122,034.00"
2021-03-07,2021030705009402,NIFRA,17,55,10,541.00,"5,410.00"
2021-03-07,2021030705009401,NIFRA,26,55,230,541.00,"124,430.00"
2021-03-07,2021030705009414,NIFRA,54,38,10,541.00,"5,410.00"
2021-03-07,2021030705009413,NIFRA,54,38,60,541.00,"32,460.00"
2021-03-07,2021030705009411,NIFRA,38,58,20,542.00,"10,840.00"
2021-03-07,2021030705009410,NIFRA,54,36,40,541.00,"21,640.00"
2021-03-07,2021030705009409,NIFRA,3,36,10,542.00,"5,420.00"
2021-03-07,2021030705009408,NIFRA,3,34,60,542.00,"32,520.00"
2021-03-07,2021030705009420,NIFRA,19,43,20,542.00,"10,840.00"
2021-03-07,2021030705009419,NIFRA,19,58,30,542.00,"16,260.00"
2021-03-07,2021030705009418,NIFRA,19,47,50,542.00,"27,100.00"
2021-03-07,2021030705009417,NIFRA,54,38,50,541.00,"27,050.00"
2021-03-07,2021030705009416,NIFRA,54,58,50,541.00,"27,050.00"
2021-03-07,2021030705009415,NIFRA,54,47,50,541.00,"27,050.00"
2021-03-07,2021030705009426,NIFRA,54,35,40,541.00,"21,640.00"
2021-03-07,2021030705009425,NIFRA,4,35,10,542.00,"5,420.00"
2021-03-07,2021030705009424,NIFRA,4,51,40,542.00,"21,680.00"
2021-03-07,2021030705009423,NIFRA,4,34,50,542.00,"27,100.00"
2021-03-07,2021030705009422,NIFRA,4,36,60,542.00,"32,520.00"
2021-03-07,2021030705009421,NIFRA,4,43,30,542.00,"16,260.00"
2021-03-07,2021030705009432,NIFRA,54,50,40,541.00,"21,640.00"
2021-03-07,2021030705009431,NIFRA,54,4,50,541.00,"27,050.00"
2021-03-07,2021030705009430,NIFRA,54,47,50,541.00,"27,050.00"
2021-03-07,2021030705009429,NIFRA,54,21,60,541.00,"32,460.00"
2021-03-07,2021030705009428,NIFRA,54,50,50,541.00,"27,050.00"
2021-03-07,2021030705009427,NIFRA,54,43,50,541.00,"27,050.00"
2021-03-07,2021030705009438,NIFRA,47,55,10,541.00,"5,410.00"
2021-03-07,2021030705009437,NIFRA,6,55,50,541.00,"27,050.00"
2021-03-07,2021030705009436,NIFRA,32,55,10,541.00,"5,410.00"
2021-03-07,2021030705009435,NIFRA,40,55,"1,000",541.00,"541,000.00"
2021-03-07,2021030705009434,NIFRA,54,55,"7,266",541.00,"3,930,906.00"
2021-03-07,2021030705009433,NIFRA,54,58,60,541.00,"32,460.00"
2021-03-07,2021030705009444,NIFRA,14,55,"1,150",540.00,"621,000.00"
2021-03-07,2021030705009443,NIFRA,14,18,50,540.00,"27,000.00"
2021-03-07,2021030705009442,NIFRA,21,4,2,543.00,"1,086.00"
2021-03-07,2021030705009441,NIFRA,21,42,20,543.00,"10,860.00"
2021-03-07,2021030705009440,NIFRA,21,55,310,541.00,"167,710.00"
2021-03-07,2021030705009439,NIFRA,6,55,100,541.00,"54,100.00"
2021-03-07,2021030705009450,NIFRA,55,55,50,540.00,"27,000.00"
2021-03-07,2021030705009449,NIFRA,45,55,"4,000",540.00,"2,160,000.00"
2021-03-07,2021030705009448,NIFRA,45,55,500,540.00,"270,000.00"
2021-03-07,2021030705009447,NIFRA,32,55,50,540.00,"27,000.00"
2021-03-07,2021030705009446,NIFRA,58,55,100,540.00,"54,000.00"
2021-03-07,2021030705009445,NIFRA,21,55,100,540.00,"54,000.00"
2021-03-07,2021030705009456,NIFRA,17,55,10,540.00,"5,400.00"
2021-03-07,2021030705009455,NIFRA,55,55,20,540.00,"10,800.00"
2021-03-07,2021030705009454,NIFRA,49,55,150,540.00,"81,000.00"
2021-03-07,2021030705009453,NIFRA,58,55,25,540.00,"13,500.00"
2021-03-07,2021030705009452,NIFRA,6,55,12,540.00,"6,480.00"
2021-03-07,2021030705009451,NIFRA,34,55,10,540.00,"5,400.00"
2021-03-07,2021030705009462,NIFRA,21,55,50,540.00,"27,000.00"
2021-03-07,2021030705009461,NIFRA,57,55,100,540.00,"54,000.00"
2021-03-07,2021030705009460,NIFRA,38,55,100,540.00,"54,000.00"
2021-03-07,2021030705009459,NIFRA,39,55,100,540.00,"54,000.00"
2021-03-07,2021030705009458,NIFRA,17,55,400,540.00,"216,000.00"
2021-03-07,2021030705009457,NIFRA,34,55,"1,000",540.00,"540,000.00"
2021-03-07,2021030705009468,NIFRA,43,55,95,540.00,"51,300.00"
2021-03-07,2021030705009467,NIFRA,34,55,200,540.00,"108,000.00"
2021-03-07,2021030705009466,NIFRA,51,55,200,540.00,"108,000.00"
2021-03-07,2021030705009465,NIFRA,45,55,100,540.00,"54,000.00"
2021-03-07,2021030705009464,NIFRA,54,55,20,540.00,"10,800.00"
2021-03-07,2021030705009463,NIFRA,57,55,10,540.00,"5,400.00"
2021-03-07,2021030705009474,NIFRA,7,55,150,540.00,"81,000.00"
2021-03-07,2021030705009473,NIFRA,10,55,500,540.00,"270,000.00"
2021-03-07,2021030705009472,NIFRA,8,55,250,540.00,"135,000.00"
2021-03-07,2021030705009471,NIFRA,6,55,50,540.00,"27,000.00"
2021-03-07,2021030705009470,NIFRA,36,55,180,540.00,"97,200.00"
2021-03-07,2021030705009469,NIFRA,25,55,500,540.00,"270,000.00"
2021-03-07,2021030705009480,NIFRA,10,55,500,540.00,"270,000.00"
2021-03-07,2021030705009479,NIFRA,26,55,100,540.00,"54,000.00"
2021-03-07,2021030705009478,NIFRA,29,55,100,540.00,"54,000.00"
2021-03-07,2021030705009477,NIFRA,26,55,200,540.00,"108,000.00"
2021-03-07,2021030705009476,NIFRA,49,55,100,540.00,"54,000.00"
2021-03-07,2021030705009475,NIFRA,57,55,100,540.00,"54,000.00"
2021-03-07,2021030705009486,NIFRA,57,55,50,540.00,"27,000.00"
2021-03-07,2021030705009485,NIFRA,34,55,10,540.00,"5,400.00"
2021-03-07,2021030705009484,NIFRA,45,55,10,540.00,"5,400.00"
2021-03-07,2021030705009483,NIFRA,56,55,100,540.00,"54,000.00"
2021-03-07,2021030705009482,NIFRA,45,55,10,540.00,"5,400.00"
2021-03-07,2021030705009481,NIFRA,45,55,100,540.00,"54,000.00"
2021-03-07,2021030705009492,NIFRA,41,55,10,540.00,"5,400.00"
2021-03-07,2021030705009491,NIFRA,7,55,500,540.00,"270,000.00"
2021-03-07,2021030705009490,NIFRA,55,55,500,540.00,"270,000.00"
2021-03-07,2021030705009489,NIFRA,22,55,50,540.00,"27,000.00"
2021-03-07,2021030705009488,NIFRA,46,55,110,540.00,"59,400.00"
2021-03-07,2021030705009487,NIFRA,33,55,300,540.00,"162,000.00"
2021-03-07,2021030705009498,NIFRA,41,55,100,540.00,"54,000.00"
2021-03-07,2021030705009497,NIFRA,38,55,200,540.00,"108,000.00"
2021-03-07,2021030705009496,NIFRA,43,55,10,540.00,"5,400.00"
2021-03-07,2021030705009495,NIFRA,50,55,200,540.00,"108,000.00"
2021-03-07,2021030705009494,NIFRA,11,55,100,540.00,"54,000.00"
2021-03-07,2021030705009493,NIFRA,49,55,40,540.00,"21,600.00"
2021-03-07,2021030705009504,NIFRA,51,55,200,540.00,"108,000.00"
2021-03-07,2021030705009503,NIFRA,45,55,25,540.00,"13,500.00"
2021-03-07,2021030705009502,NIFRA,17,55,500,540.00,"270,000.00"
2021-03-07,2021030705009501,NIFRA,17,55,500,540.00,"270,000.00"
2021-03-07,2021030705009500,NIFRA,57,55,500,540.00,"270,000.00"
2021-03-07,2021030705009499,NIFRA,48,55,150,540.00,"81,000.00"
2021-03-07,2021030705009510,NIFRA,57,55,50,540.00,"27,000.00"
2021-03-07,2021030705009509,NIFRA,44,55,20,540.00,"10,800.00"
2021-03-07,2021030705009508,NIFRA,19,55,200,540.00,"108,000.00"
2021-03-07,2021030705009507,NIFRA,51,55,340,540.00,"183,600.00"
2021-03-07,2021030705009506,NIFRA,58,55,10,540.00,"5,400.00"
2021-03-07,2021030705009505,NIFRA,22,55,10,540.00,"5,400.00"
2021-03-07,2021030705009516,NIFRA,29,55,100,540.00,"54,000.00"
2021-03-07,2021030705009515,NIFRA,52,55,10,540.00,"5,400.00"
2021-03-07,2021030705009514,NIFRA,50,55,75,540.00,"40,500.00"
2021-03-07,2021030705009513,NIFRA,38,55,500,540.00,"270,000.00"
2021-03-07,2021030705009512,NIFRA,33,55,500,540.00,"270,000.00"
2021-03-07,2021030705009511,NIFRA,45,55,140,540.00,"75,600.00"
2021-03-07,2021030705009522,NIFRA,53,55,50,540.00,"27,000.00"
2021-03-07,2021030705009521,NIFRA,38,55,100,540.00,"54,000.00"
2021-03-07,2021030705009520,NIFRA,45,55,75,540.00,"40,500.00"
2021-03-07,2021030705009519,NIFRA,45,55,"1,000",540.00,"540,000.00"
2021-03-07,2021030705009518,NIFRA,14,55,100,540.00,"54,000.00"
2021-03-07,2021030705009517,NIFRA,34,55,100,540.00,"54,000.00"
2021-03-07,2021030705009528,NIFRA,21,55,50,540.00,"27,000.00"
2021-03-07,2021030705009527,NIFRA,6,55,100,540.00,"54,000.00"
2021-03-07,2021030705009526,NIFRA,19,55,20,540.00,"10,800.00"
2021-03-07,2021030705009525,NIFRA,40,55,50,540.00,"27,000.00"
2021-03-07,2021030705009524,NIFRA,51,55,40,540.00,"21,600.00"
2021-03-07,2021030705009523,NIFRA,21,55,100,540.00,"54,000.00"
2021-03-07,2021030705009534,NIFRA,4,55,83,540.00,"44,820.00"
2021-03-07,2021030705009533,NIFRA,38,55,30,540.00,"16,200.00"
2021-03-07,2021030705009532,NIFRA,43,55,20,540.00,"10,800.00"
2021-03-07,2021030705009531,NIFRA,14,55,50,540.00,"27,000.00"
2021-03-07,2021030705009530,NIFRA,44,55,20,540.00,"10,800.00"
2021-03-07,2021030705009529,NIFRA,57,55,500,540.00,"270,000.00"
2021-03-07,2021030705009540,NIFRA,50,1,47,540.00,"25,380.00"
2021-03-07,2021030705009539,NIFRA,50,58,50,540.00,"27,000.00"
2021-03-07,2021030705009538,NIFRA,50,36,60,540.00,"32,400.00"
2021-03-07,2021030705009537,NIFRA,35,48,20,543.00,"10,860.00"
2021-03-07,2021030705009536,NIFRA,50,47,43,540.00,"23,220.00"
2021-03-07,2021030705009535,NIFRA,4,47,17,540.00,"9,180.00"
2021-03-07,2021030705009546,NIFRA,19,4,50,543.00,"27,150.00"
2021-03-07,2021030705009545,NIFRA,19,42,50,543.00,"27,150.00"
2021-03-07,2021030705009544,NIFRA,19,47,50,543.00,"27,150.00"
2021-03-07,2021030705009543,NIFRA,19,48,20,543.00,"10,860.00"
2021-03-07,2021030705009542,NIFRA,19,38,50,541.00,"27,050.00"
2021-03-07,2021030705009541,NIFRA,57,1,13,540.00,"7,020.00"
2021-03-07,2021030705009552,NIFRA,43,7,39,540.00,"21,060.00"
2021-03-07,2021030705009551,NIFRA,43,47,23,540.00,"12,420.00"
2021-03-07,2021030705009550,NIFRA,57,47,37,540.00,"19,980.00"
2021-03-07,2021030705009549,NIFRA,19,25,230,543.00,"124,890.00"
2021-03-07,2021030705009548,NIFRA,19,41,40,543.00,"21,720.00"
2021-03-07,2021030705009547,NIFRA,19,38,10,543.00,"5,430.00"
2021-03-07,2021030705009560,NIFRA,14,58,29,540.00,"15,660.00"
2021-03-07,2021030705009558,NIFRA,14,38,50,540.00,"27,000.00"
2021-03-07,2021030705009557,NIFRA,21,46,50,541.00,"27,050.00"
2021-03-07,2021030705009556,NIFRA,14,48,50,540.00,"27,000.00"
2021-03-07,2021030705009554,NIFRA,14,21,50,540.00,"27,000.00"
2021-03-07,2021030705009553,NIFRA,14,7,21,540.00,"11,340.00"
2021-03-07,2021030705009567,NIFRA,33,58,50,541.00,"27,050.00"
2021-03-07,2021030705009566,NIFRA,33,58,40,541.00,"21,640.00"
2021-03-07,2021030705009565,NIFRA,33,47,60,541.00,"32,460.00"
2021-03-07,2021030705009564,NIFRA,33,47,60,541.00,"32,460.00"
2021-03-07,2021030705009562,NIFRA,1,38,40,540.00,"21,600.00"
2021-03-07,2021030705009561,NIFRA,1,58,31,540.00,"16,740.00"
2021-03-07,2021030705009575,NIFRA,35,44,10,541.00,"5,410.00"
2021-03-07,2021030705009573,NIFRA,45,44,50,541.00,"27,050.00"
2021-03-07,2021030705009571,NIFRA,45,58,50,541.00,"27,050.00"
2021-03-07,2021030705009570,NIFRA,45,13,50,541.00,"27,050.00"
2021-03-07,2021030705009569,NIFRA,33,46,60,541.00,"32,460.00"
2021-03-07,2021030705009568,NIFRA,33,58,30,541.00,"16,230.00"
2021-03-07,2021030705009581,NIFRA,16,58,21,540.00,"11,340.00"
2021-03-07,2021030705009580,NIFRA,1,58,29,540.00,"15,660.00"
2021-03-07,2021030705009579,NIFRA,39,45,40,541.00,"21,640.00"
2021-03-07,2021030705009578,NIFRA,39,55,50,541.00,"27,050.00"
2021-03-07,2021030705009577,NIFRA,39,48,60,541.00,"32,460.00"
2021-03-07,2021030705009576,NIFRA,39,47,50,541.00,"27,050.00"
2021-03-07,2021030705009588,NIFRA,34,58,10,541.00,"5,410.00"
2021-03-07,2021030705009587,NIFRA,34,45,10,541.00,"5,410.00"
2021-03-07,2021030705009586,NIFRA,34,47,50,541.00,"27,050.00"
2021-03-07,2021030705009585,NIFRA,34,41,60,541.00,"32,460.00"
2021-03-07,2021030705009583,NIFRA,25,58,31,540.00,"16,740.00"
2021-03-07,2021030705009582,NIFRA,16,58,19,540.00,"10,260.00"
2021-03-07,2021030705009596,NIFRA,47,45,60,541.00,"32,460.00"
2021-03-07,2021030705009595,NIFRA,47,58,40,541.00,"21,640.00"
2021-03-07,2021030705009593,NIFRA,52,57,50,541.00,"27,050.00"
2021-03-07,2021030705009592,NIFRA,21,20,31,540.00,"16,740.00"
2021-03-07,2021030705009591,NIFRA,25,20,19,540.00,"10,260.00"
2021-03-07,2021030705009589,NIFRA,25,58,50,540.00,"27,000.00"
2021-03-07,2021030705009602,NIFRA,47,58,50,541.00,"27,050.00"
2021-03-07,2021030705009601,NIFRA,47,38,60,541.00,"32,460.00"
2021-03-07,2021030705009600,NIFRA,47,1,60,541.00,"32,460.00"
2021-03-07,2021030705009599,NIFRA,47,48,60,541.00,"32,460.00"
2021-03-07,2021030705009598,NIFRA,47,45,50,541.00,"27,050.00"
2021-03-07,2021030705009597,NIFRA,47,46,50,541.00,"27,050.00"
2021-03-07,2021030705009610,NIFRA,32,1,420,541.00,"227,220.00"
2021-03-07,2021030705009609,NIFRA,21,21,10,540.00,"5,400.00"
2021-03-07,2021030705009608,NIFRA,41,1,30,541.00,"16,230.00"
2021-03-07,2021030705009607,NIFRA,21,58,30,540.00,"16,200.00"
2021-03-07,2021030705009604,NIFRA,47,1,50,541.00,"27,050.00"
2021-03-07,2021030705009603,NIFRA,47,14,20,541.00,"10,820.00"
2021-03-07,2021030705009618,NIFRA,11,58,19,540.00,"10,260.00"
2021-03-07,2021030705009616,NIFRA,11,45,31,540.00,"16,740.00"
2021-03-07,2021030705009615,NIFRA,7,45,19,540.00,"10,260.00"
2021-03-07,2021030705009614,NIFRA,7,48,31,540.00,"16,740.00"
2021-03-07,2021030705009613,NIFRA,21,48,29,540.00,"15,660.00"
2021-03-07,2021030705009611,NIFRA,32,55,30,541.00,"16,230.00"
2021-03-07,2021030705009624,NIFRA,55,55,100,540.00,"54,000.00"
2021-03-07,2021030705009623,NIFRA,7,47,50,540.00,"27,000.00"
2021-03-07,2021030705009622,NIFRA,7,21,31,540.00,"16,740.00"
2021-03-07,2021030705009621,NIFRA,58,21,10,540.00,"5,400.00"
2021-03-07,2021030705009620,NIFRA,57,21,19,540.00,"10,260.00"
2021-03-07,2021030705009619,NIFRA,57,58,31,540.00,"16,740.00"
2021-03-07,2021030705009630,NIFRA,28,55,100,540.00,"54,000.00"
2021-03-07,2021030705009629,NIFRA,44,55,50,540.00,"27,000.00"
2021-03-07,2021030705009628,NIFRA,49,55,13,540.00,"7,020.00"
2021-03-07,2021030705009627,NIFRA,21,55,25,540.00,"13,500.00"
2021-03-07,2021030705009626,NIFRA,42,55,100,540.00,"54,000.00"
2021-03-07,2021030705009625,NIFRA,7,55,419,540.00,"226,260.00"
2021-03-07,2021030705009617,PLI,22,45,10,762.00,"7,620.00"
2021-03-07,2021030705009612,PLI,22,35,10,762.00,"7,620.00"
2021-03-07,2021030705009606,PLI,22,45,10,762.00,"7,620.00"
2021-03-07,2021030705009605,PLI,22,39,10,762.00,"7,620.00"
2021-03-07,2021030705009594,PLI,22,57,10,762.00,"7,620.00"
2021-03-07,2021030705009590,PLI,22,21,10,762.00,"7,620.00"
2021-03-07,2021030705009170,PLI,6,4,10,763.00,"7,630.00"
2021-03-07,2021030705009167,PLI,13,37,10,762.00,"7,620.00"
2021-03-07,2021030705009157,PLI,13,4,10,762.00,"7,620.00"
2021-03-07,2021030705009147,PLI,13,49,10,762.00,"7,620.00"
2021-03-07,2021030705009137,PLI,13,33,10,762.00,"7,620.00"
2021-03-07,2021030705009176,PLI,11,18,20,762.00,"15,240.00"
2021-03-07,2021030705009175,PLI,42,18,25,762.00,"19,050.00"
2021-03-07,2021030705009174,PLI,6,1,10,763.00,"7,630.00"
2021-03-07,2021030705009173,PLI,6,49,100,763.00,"76,300.00"
2021-03-07,2021030705009172,PLI,6,49,10,763.00,"7,630.00"
2021-03-07,2021030705009171,PLI,6,25,10,763.00,"7,630.00"
2021-03-07,2021030705009241,PLI,22,38,10,762.00,"7,620.00"
2021-03-07,2021030705009233,PLI,22,38,10,762.00,"7,620.00"
2021-03-07,2021030705009214,PLI,22,4,10,762.00,"7,620.00"
2021-03-07,2021030705009205,PLI,22,36,10,762.00,"7,620.00"
2021-03-07,2021030705009194,PLI,22,36,10,762.00,"7,620.00"
2021-03-07,2021030705009177,PLI,22,18,32,762.00,"24,384.00"
2021-03-07,2021030705009289,PLI,22,36,10,762.00,"7,620.00"
2021-03-07,2021030705009288,PLI,22,4,10,762.00,"7,620.00"
2021-03-07,2021030705009272,PLI,22,4,10,762.00,"7,620.00"
2021-03-07,2021030705009270,PLI,22,38,10,762.00,"7,620.00"
2021-03-07,2021030705009254,PLI,22,37,10,762.00,"7,620.00"
2021-03-07,2021030705009252,PLI,22,4,10,762.00,"7,620.00"
2021-03-07,2021030705009315,PLI,6,56,10,764.00,"7,640.00"
2021-03-07,2021030705009314,PLI,6,45,10,764.00,"7,640.00"
2021-03-07,2021030705009313,PLI,6,45,10,764.00,"7,640.00"
2021-03-07,2021030705009312,PLI,6,38,10,764.00,"7,640.00"
2021-03-07,2021030705009311,PLI,6,52,10,764.00,"7,640.00"
2021-03-07,2021030705009304,PLI,22,4,10,762.00,"7,620.00"
2021-03-07,2021030705009412,PLI,1,44,10,764.00,"7,640.00"
2021-03-07,2021030705009405,PLI,1,45,10,764.00,"7,640.00"
2021-03-07,2021030705009336,PLI,22,7,10,762.00,"7,620.00"
2021-03-07,2021030705009326,PLI,22,4,10,762.00,"7,620.00"
2021-03-07,2021030705009325,PLI,6,51,10,764.00,"7,640.00"
2021-03-07,2021030705009316,PLI,6,54,10,764.00,"7,640.00"
2021-03-07,2021030705009584,PLI,22,45,10,762.00,"7,620.00"
2021-03-07,2021030705009574,PLI,22,1,10,762.00,"7,620.00"
2021-03-07,2021030705009572,PLI,22,49,10,762.00,"7,620.00"
2021-03-07,2021030705009563,PLI,1,56,10,764.00,"7,640.00"
2021-03-07,2021030705009559,PLI,1,42,10,764.00,"7,640.00"
2021-03-07,2021030705009555,PLI,1,1,10,764.00,"7,640.00"
2021-03-07,2021030705009136,NIFRA,54,32,50,542.00,"27,100.00"
2021-03-07,2021030705009135,NIFRA,50,6,40,543.00,"21,720.00"
2021-03-07,2021030705009134,NIFRA,50,6,50,543.00,"27,150.00"
2021-03-07,2021030705009133,NIFRA,54,33,50,542.00,"27,100.00"
2021-03-07,2021030705009132,NIFRA,54,4,10,542.00,"5,420.00"
2021-03-07,2021030705009131,NIFRA,51,6,25,543.00,"13,575.00"
2021-03-07,2021030705008638,NIFRA,42,47,60,544.00,"32,640.00"
2021-03-07,2021030705008637,NIFRA,25,22,15,545.00,"8,175.00"
2021-03-07,2021030705008644,NIFRA,45,14,60,543.00,"32,580.00"
2021-03-07,2021030705008643,NIFRA,45,49,50,543.00,"27,150.00"
2021-03-07,2021030705008642,NIFRA,14,7,10,544.00,"5,440.00"
2021-03-07,2021030705008641,NIFRA,14,33,40,544.00,"21,760.00"
2021-03-07,2021030705008640,NIFRA,45,14,30,543.00,"16,290.00"
2021-03-07,2021030705008639,NIFRA,42,14,20,544.00,"10,880.00"
2021-03-07,2021030705008651,NIFRA,45,19,10,543.00,"5,430.00"
2021-03-07,2021030705008649,NIFRA,45,55,50,543.00,"27,150.00"
2021-03-07,2021030705008648,NIFRA,21,49,18,544.00,"9,792.00"
2021-03-07,2021030705008647,NIFRA,16,7,40,544.00,"21,760.00"
2021-03-07,2021030705008646,NIFRA,16,47,50,544.00,"27,200.00"
2021-03-07,2021030705008645,NIFRA,16,47,60,544.00,"32,640.00"
2021-03-07,2021030705008657,NIFRA,33,58,40,543.00,"21,720.00"
2021-03-07,2021030705008656,NIFRA,21,58,10,543.00,"5,430.00"
2021-03-07,2021030705008655,NIFRA,21,38,50,543.00,"27,150.00"
2021-03-07,2021030705008654,NIFRA,21,21,40,543.00,"21,720.00"
2021-03-07,2021030705008653,NIFRA,38,21,10,543.00,"5,430.00"
2021-03-07,2021030705008652,NIFRA,38,19,40,543.00,"21,720.00"
2021-03-07,2021030705008664,NIFRA,58,35,20,544.00,"10,880.00"
2021-03-07,2021030705008663,NIFRA,58,49,60,544.00,"32,640.00"
2021-03-07,2021030705008662,NIFRA,58,47,60,544.00,"32,640.00"
2021-03-07,2021030705008661,NIFRA,58,47,50,544.00,"27,200.00"
2021-03-07,2021030705008660,NIFRA,58,49,32,544.00,"17,408.00"
2021-03-07,2021030705008659,NIFRA,33,39,60,543.00,"32,580.00"
2021-03-07,2021030705008670,NIFRA,42,22,12,545.00,"6,540.00"
2021-03-07,2021030705008669,NIFRA,58,48,50,544.00,"27,200.00"
2021-03-07,2021030705008668,NIFRA,58,38,50,544.00,"27,200.00"
2021-03-07,2021030705008667,NIFRA,58,55,60,544.00,"32,640.00"
2021-03-07,2021030705008666,NIFRA,58,52,60,544.00,"32,640.00"
2021-03-07,2021030705008665,NIFRA,58,35,60,544.00,"32,640.00"
2021-03-07,2021030705008677,NIFRA,51,58,10,544.00,"5,440.00"
2021-03-07,2021030705008676,NIFRA,22,55,2,544.00,"1,088.00"
2021-03-07,2021030705008675,NIFRA,58,55,200,544.00,"108,800.00"
2021-03-07,2021030705008674,NIFRA,58,55,298,544.00,"162,112.00"
2021-03-07,2021030705008673,NIFRA,50,57,17,545.00,"9,265.00"
2021-03-07,2021030705008672,NIFRA,50,22,123,545.00,"67,035.00"
2021-03-07,2021030705008683,NIFRA,14,58,24,544.00,"13,056.00"
2021-03-07,2021030705008682,NIFRA,14,36,276,544.00,"150,144.00"
2021-03-07,2021030705008681,NIFRA,16,36,30,544.00,"16,320.00"
2021-03-07,2021030705008680,NIFRA,16,36,54,544.00,"29,376.00"
2021-03-07,2021030705008679,NIFRA,51,36,140,544.00,"76,160.00"
2021-03-07,2021030705008678,NIFRA,51,21,50,544.00,"27,200.00"
2021-03-07,2021030705008690,NIFRA,16,57,33,545.00,"17,985.00"
2021-03-07,2021030705008689,NIFRA,50,57,50,545.00,"27,250.00"
2021-03-07,2021030705008687,NIFRA,14,8,50,544.00,"27,200.00"
2021-03-07,2021030705008686,NIFRA,14,58,60,544.00,"32,640.00"
2021-03-07,2021030705008685,NIFRA,14,28,25,544.00,"13,600.00"
2021-03-07,2021030705008684,NIFRA,14,58,26,544.00,"14,144.00"
2021-03-07,2021030705008698,NIFRA,41,49,29,544.00,"15,776.00"
2021-03-07,2021030705008697,NIFRA,41,38,21,544.00,"11,424.00"
2021-03-07,2021030705008694,NIFRA,14,38,19,544.00,"10,336.00"
2021-03-07,2021030705008693,NIFRA,14,52,60,544.00,"32,640.00"
2021-03-07,2021030705008692,NIFRA,14,41,60,544.00,"32,640.00"
2021-03-07,2021030705008691,NIFRA,16,52,17,545.00,"9,265.00"
2021-03-07,2021030705008706,NIFRA,34,45,50,544.00,"27,200.00"
2021-03-07,2021030705008705,NIFRA,34,45,60,544.00,"32,640.00"
2021-03-07,2021030705008704,NIFRA,34,49,31,544.00,"16,864.00"
2021-03-07,2021030705008703,NIFRA,33,29,50,543.00,"27,150.00"
2021-03-07,2021030705008702,NIFRA,33,35,50,543.00,"27,150.00"
2021-03-07,2021030705008700,NIFRA,16,35,50,544.00,"27,200.00"
2021-03-07,2021030705008712,NIFRA,33,42,800,543.00,"434,400.00"
2021-03-07,2021030705008711,NIFRA,48,42,10,544.00,"5,440.00"
2021-03-07,2021030705008710,NIFRA,34,42,209,544.00,"113,696.00"
2021-03-07,2021030705008709,NIFRA,34,16,50,544.00,"27,200.00"
2021-03-07,2021030705008708,NIFRA,34,52,50,544.00,"27,200.00"
2021-03-07,2021030705008707,NIFRA,34,19,50,544.00,"27,200.00"
2021-03-07,2021030705008718,NIFRA,10,42,200,543.00,"108,600.00"
2021-03-07,2021030705008717,NIFRA,58,42,150,543.00,"81,450.00"
2021-03-07,2021030705008716,NIFRA,58,42,59,543.00,"32,037.00"
2021-03-07,2021030705008715,NIFRA,39,42,500,543.00,"271,500.00"
2021-03-07,2021030705008714,NIFRA,42,42,190,543.00,"103,170.00"
2021-03-07,2021030705008713,NIFRA,49,42,100,543.00,"54,300.00"
2021-03-07,2021030705008724,NIFRA,32,42,467,543.00,"253,581.00"
2021-03-07,2021030705008723,NIFRA,25,42,35,543.00,"19,005.00"
2021-03-07,2021030705008722,NIFRA,50,42,30,543.00,"16,290.00"
2021-03-07,2021030705008721,NIFRA,43,42,150,543.00,"81,450.00"
2021-03-07,2021030705008720,NIFRA,51,42,300,543.00,"162,900.00"
2021-03-07,2021030705008719,NIFRA,33,42,100,543.00,"54,300.00"
2021-03-07,2021030705008731,NIFRA,32,19,50,543.00,"27,150.00"
2021-03-07,2021030705008729,NIFRA,56,52,10,545.00,"5,450.00"
2021-03-07,2021030705008728,NIFRA,56,32,50,545.00,"27,250.00"
2021-03-07,2021030705008727,NIFRA,56,11,60,544.00,"32,640.00"
2021-03-07,2021030705008726,NIFRA,56,29,30,544.00,"16,320.00"
2021-03-07,2021030705008725,NIFRA,17,29,20,544.00,"10,880.00"
2021-03-07,2021030705008740,NIFRA,19,29,60,544.00,"32,640.00"
2021-03-07,2021030705008739,NIFRA,19,52,40,544.00,"21,760.00"
2021-03-07,2021030705008738,NIFRA,26,52,20,544.00,"10,880.00"
2021-03-07,2021030705008737,NIFRA,32,38,50,543.00,"27,150.00"
2021-03-07,2021030705008735,NIFRA,32,34,50,543.00,"27,150.00"
2021-03-07,2021030705008733,NIFRA,32,36,50,543.00,"27,150.00"
2021-03-07,2021030705008746,NIFRA,32,45,100,543.00,"54,300.00"
2021-03-07,2021030705008745,NIFRA,32,22,10,543.00,"5,430.00"
2021-03-07,2021030705008744,NIFRA,19,22,40,544.00,"21,760.00"
2021-03-07,2021030705008743,NIFRA,19,34,50,544.00,"27,200.00"
2021-03-07,2021030705008742,NIFRA,19,16,50,544.00,"27,200.00"
2021-03-07,2021030705008741,NIFRA,19,45,60,544.00,"32,640.00"
2021-03-07,2021030705008753,NIFRA,39,52,23,545.00,"12,535.00"
2021-03-07,2021030705008752,NIFRA,39,52,40,544.00,"21,760.00"
2021-03-07,2021030705008750,NIFRA,32,19,30,543.00,"16,290.00"
2021-03-07,2021030705008749,NIFRA,32,35,50,543.00,"27,150.00"
2021-03-07,2021030705008748,NIFRA,50,52,10,544.00,"5,440.00"
2021-03-07,2021030705008747,NIFRA,32,45,50,543.00,"27,150.00"
2021-03-07,2021030705008759,NIFRA,46,38,50,543.00,"27,150.00"
2021-03-07,2021030705008758,NIFRA,32,56,33,543.00,"17,919.00"
2021-03-07,2021030705008757,NIFRA,32,34,60,543.00,"32,580.00"
2021-03-07,2021030705008756,NIFRA,39,52,17,545.00,"9,265.00"
2021-03-07,2021030705008755,NIFRA,39,52,50,545.00,"27,250.00"
2021-03-07,2021030705008754,NIFRA,39,58,50,545.00,"27,250.00"
2021-03-07,2021030705008766,NIFRA,42,41,30,544.00,"16,320.00"
