Date,Transact. No.,Symbol,Buyer,Seller,Quantity,Rate,Amount
2020-09-16,2020091601030174,ACLBSL,34,42,10,745.00,"7,450.00"
2020-09-16,2020091601030380,ADBL,48,14,10,430.00,"4,300.00"
2020-09-16,2020091601030138,ADBL,6,14,900,430.00,"387,000.00"
2020-09-16,2020091601030137,ADBL,6,1,100,430.00,"43,000.00"
2020-09-16,2020091601030435,AIL,13,6,10,524.00,"5,240.00"
2020-09-16,2020091601030379,AIL,13,46,10,524.00,"5,240.00"
2020-09-16,2020091601030314,AIL,41,25,14,525.00,"7,350.00"
2020-09-16,2020091601030277,AIL,47,44,70,526.00,"36,820.00"
2020-09-16,2020091601030262,AIL,41,29,50,525.00,"26,250.00"
2020-09-16,2020091601030175,AIL,41,6,10,525.00,"5,250.00"
2020-09-16,2020091601030099,AIL,32,44,30,526.00,"15,780.00"
2020-09-16,2020091601030098,AIL,32,17,10,526.00,"5,260.00"
2020-09-16,2020091601030581,AKPL,6,11,11,194.00,"2,134.00"
2020-09-16,2020091601030493,AKPL,58,39,118,195.00,"23,010.00"
2020-09-16,2020091601030492,AKPL,58,45,22,195.00,"4,290.00"
2020-09-16,2020091601030491,AKPL,58,38,60,195.00,"11,700.00"
2020-09-16,2020091601030456,AKPL,6,17,148,194.00,"28,712.00"
2020-09-16,2020091601030408,AKPL,58,17,852,194.00,"165,288.00"
2020-09-16,2020091601030401,AKPL,58,10,"1,000",193.00,"193,000.00"
2020-09-16,2020091601030400,AKPL,58,17,318,193.00,"61,374.00"
2020-09-16,2020091601030361,AKPL,36,17,100,193.00,"19,300.00"
2020-09-16,2020091601030407,AKPL,58,6,300,194.00,"58,200.00"
2020-09-16,2020091601030406,AKPL,58,38,"1,000",194.00,"194,000.00"
2020-09-16,2020091601030405,AKPL,58,57,900,194.00,"174,600.00"
2020-09-16,2020091601030404,AKPL,58,29,"1,000",194.00,"194,000.00"
2020-09-16,2020091601030403,AKPL,58,48,500,194.00,"97,000.00"
2020-09-16,2020091601030402,AKPL,58,45,"3,130",194.00,"607,220.00"
2020-09-16,2020091601030245,ALBSL,25,28,10,891.00,"8,910.00"
2020-09-16,2020091601030319,ALICL,52,39,100,760.00,"76,000.00"
2020-09-16,2020091601030246,ALICL,54,39,200,760.00,"152,000.00"
2020-09-16,2020091601030563,API,29,35,500,156.00,"78,000.00"
2020-09-16,2020091601030495,API,58,49,500,157.00,"78,500.00"
2020-09-16,2020091601030445,API,29,54,100,156.00,"15,600.00"
2020-09-16,2020091601030437,API,7,32,200,157.00,"31,400.00"
2020-09-16,2020091601030432,API,35,59,50,157.00,"7,850.00"
2020-09-16,2020091601030431,API,35,14,943,157.00,"148,051.00"
2020-09-16,2020091601030219,API,35,53,393,157.00,"61,701.00"
2020-09-16,2020091601030218,API,35,43,495,157.00,"77,715.00"
2020-09-16,2020091601030159,API,57,43,500,157.00,"78,500.00"
2020-09-16,2020091601030158,API,29,16,30,156.00,"4,680.00"
2020-09-16,2020091601030386,API,18,14,57,157.00,"8,949.00"
2020-09-16,2020091601030385,API,18,39,43,157.00,"6,751.00"
2020-09-16,2020091601030346,API,11,39,145,157.00,"22,765.00"
2020-09-16,2020091601030332,API,58,39,500,157.00,"78,500.00"
2020-09-16,2020091601030234,API,40,39,200,157.00,"31,400.00"
2020-09-16,2020091601030220,API,35,39,112,157.00,"17,584.00"
2020-09-16,2020091601030498,BFC,46,34,300,106.00,"31,800.00"
2020-09-16,2020091601030497,BFC,52,34,54,106.00,"5,724.00"
2020-09-16,2020091601030496,BFC,43,34,46,106.00,"4,876.00"
2020-09-16,2020091601030583,BOKL,57,39,57,247.00,"14,079.00"
2020-09-16,2020091601030526,BOKL,57,11,143,247.00,"35,321.00"
2020-09-16,2020091601030525,BOKL,7,11,857,247.00,"211,679.00"
2020-09-16,2020091601030463,BOKL,7,37,500,248.00,"124,000.00"
2020-09-16,2020091601030352,BOKL,7,13,143,247.00,"35,321.00"
2020-09-16,2020091601030351,BOKL,39,13,250,247.00,"61,750.00"
2020-09-16,2020091601030350,BOKL,57,13,10,247.00,"2,470.00"
2020-09-16,2020091601030349,BOKL,7,13,245,247.00,"60,515.00"
2020-09-16,2020091601030263,BOKL,28,37,50,248.00,"12,400.00"
2020-09-16,2020091601030549,BPCL,26,58,200,403.00,"80,600.00"
2020-09-16,2020091601030444,BPCL,32,17,237,404.00,"95,748.00"
2020-09-16,2020091601030443,BPCL,32,21,363,404.00,"146,652.00"
2020-09-16,2020091601030509,CBBL,50,45,37,"1,115.00","41,255.00"
2020-09-16,2020091601030508,CBBL,42,45,10,"1,116.00","11,160.00"
2020-09-16,2020091601030523,CBL,44,49,"2,000",145.00,"290,000.00"
2020-09-16,2020091601030522,CBL,44,41,239,145.00,"34,655.00"
2020-09-16,2020091601030521,CBL,44,55,492,145.00,"71,340.00"
2020-09-16,2020091601030144,CBL,17,38,49,144.00,"7,056.00"
2020-09-16,2020091601030555,CCBL,41,59,100,172.00,"17,200.00"
2020-09-16,2020091601030276,CCBL,37,59,10,172.00,"1,720.00"
2020-09-16,2020091601030275,CCBL,17,59,200,172.00,"34,400.00"
2020-09-16,2020091601030274,CCBL,52,59,129,172.00,"22,188.00"
2020-09-16,2020091601030273,CCBL,47,59,100,172.00,"17,200.00"
2020-09-16,2020091601030272,CCBL,16,59,158,172.00,"27,176.00"
2020-09-16,2020091601030571,CHCL,34,44,20,491.00,"9,820.00"
2020-09-16,2020091601030554,CHCL,7,17,109,490.00,"53,410.00"
2020-09-16,2020091601030548,CHCL,7,39,228,490.00,"111,720.00"
2020-09-16,2020091601030486,CHCL,7,26,200,490.00,"98,000.00"
2020-09-16,2020091601030482,CHCL,7,50,100,490.00,"49,000.00"
2020-09-16,2020091601030481,CHCL,7,42,500,490.00,"245,000.00"
2020-09-16,2020091601030315,CHCL,34,25,50,490.00,"24,500.00"
2020-09-16,2020091601030095,CHCL,56,39,117,489.00,"57,213.00"
2020-09-16,2020091601030480,CHCL,7,22,100,490.00,"49,000.00"
2020-09-16,2020091601030479,CHCL,7,46,500,490.00,"245,000.00"
2020-09-16,2020091601030478,CHCL,7,11,100,490.00,"49,000.00"
2020-09-16,2020091601030477,CHCL,7,22,50,490.00,"24,500.00"
2020-09-16,2020091601030322,CHCL,57,38,30,489.00,"14,670.00"
2020-09-16,2020091601030316,CHCL,34,22,950,490.00,"465,500.00"
2020-09-16,2020091601030551,CIT,42,52,10,"3,400.00","34,000.00"
2020-09-16,2020091601030529,CIT,50,26,95,"3,400.00","323,000.00"
2020-09-16,2020091601030357,CIT,44,26,20,"3,400.00","68,000.00"
2020-09-16,2020091601030284,CIT,57,45,90,"3,399.00","305,910.00"
2020-09-16,2020091601030283,CIT,57,45,40,"3,399.00","135,960.00"
2020-09-16,2020091601030282,CIT,28,45,30,"3,399.00","101,970.00"
2020-09-16,2020091601030172,CIT,26,38,97,"3,399.00","329,703.00"
2020-09-16,2020091601030391,CLBSL,17,29,52,715.00,"37,180.00"
2020-09-16,2020091601030488,CMF1,43,26,100,11.33,"1,133.00"
2020-09-16,2020091601030097,CMF1,6,51,"5,800",11.20,"64,960.00"
2020-09-16,2020091601030534,CZBIL,34,33,20,196.00,"3,920.00"
2020-09-16,2020091601030528,CZBIL,41,33,341,196.00,"66,836.00"
2020-09-16,2020091601030459,CZBIL,41,49,31,195.00,"6,045.00"
2020-09-16,2020091601030458,CZBIL,41,13,697,195.00,"135,915.00"
2020-09-16,2020091601030457,CZBIL,41,49,31,195.00,"6,045.00"
2020-09-16,2020091601030190,CZBIL,49,49,30,195.00,"5,850.00"
2020-09-16,2020091601030148,CZBIL,1,49,165,195.00,"32,175.00"
2020-09-16,2020091601030147,CZBIL,47,49,400,195.00,"78,000.00"
2020-09-16,2020091601030243,DHPL,1,49,11,72.00,792.00
2020-09-16,2020091601030110,EBL,57,44,"2,000",732.00,"1,464,000.00"
2020-09-16,2020091601030145,EDBL,57,57,11,298.00,"3,278.00"
2020-09-16,2020091601030587,EIC,57,32,50,567.00,"28,350.00"
2020-09-16,2020091601030586,EIC,38,32,50,567.00,"28,350.00"
2020-09-16,2020091601030485,EIC,22,58,50,568.00,"28,400.00"
2020-09-16,2020091601030336,FOWAD,45,48,49,"1,590.00","77,910.00"
2020-09-16,2020091601030542,GBIME,55,50,500,263.00,"131,500.00"
2020-09-16,2020091601030472,GBIME,52,42,100,264.00,"26,400.00"
2020-09-16,2020091601030372,GBIME,55,55,"1,000",263.00,"263,000.00"
2020-09-16,2020091601030371,GBIME,35,55,"1,000",263.00,"263,000.00"
2020-09-16,2020091601030304,GBIME,55,49,124,263.00,"32,612.00"
2020-09-16,2020091601030288,GBIME,56,42,200,264.00,"52,800.00"
2020-09-16,2020091601030184,GBIME,55,44,812,264.00,"214,368.00"
2020-09-16,2020091601030177,GBIME,34,44,100,264.00,"26,400.00"
2020-09-16,2020091601030114,GBIME,41,44,35,264.00,"9,240.00"
2020-09-16,2020091601030236,GBIME,35,42,100,264.00,"26,400.00"
2020-09-16,2020091601030189,GBIME,55,17,4,264.00,"1,056.00"
2020-09-16,2020091601030188,GBIME,55,57,200,264.00,"52,800.00"
2020-09-16,2020091601030187,GBIME,55,26,554,264.00,"146,256.00"
2020-09-16,2020091601030186,GBIME,55,55,230,264.00,"60,720.00"
2020-09-16,2020091601030185,GBIME,55,37,200,264.00,"52,800.00"
2020-09-16,2020091601030257,GBLBS,41,38,100,549.00,"54,900.00"
2020-09-16,2020091601030213,GBLBS,38,42,20,548.00,"10,960.00"
2020-09-16,2020091601030212,GBLBS,1,42,30,548.00,"16,440.00"
2020-09-16,2020091601030128,GBLBS,1,42,15,548.00,"8,220.00"
2020-09-16,2020091601030169,GFCL,52,26,100,159.00,"15,900.00"
2020-09-16,2020091601030420,GHL,52,49,30,88.00,"2,640.00"
2020-09-16,2020091601030520,GLBSL,45,49,10,776.00,"7,760.00"
2020-09-16,2020091601030450,GLICL,53,50,500,654.00,"327,000.00"
2020-09-16,2020091601030449,GLICL,53,34,300,654.00,"196,200.00"
2020-09-16,2020091601030448,GLICL,53,6,50,654.00,"32,700.00"
2020-09-16,2020091601030447,GLICL,53,44,70,654.00,"45,780.00"
2020-09-16,2020091601030446,GLICL,53,6,20,653.00,"13,060.00"
2020-09-16,2020091601030434,GLICL,42,6,50,653.00,"32,650.00"
2020-09-16,2020091601030418,GLICL,44,6,30,653.00,"19,590.00"
2020-09-16,2020091601030141,GLICL,33,44,230,654.00,"150,420.00"
2020-09-16,2020091601030140,GLICL,33,50,470,654.00,"307,380.00"
2020-09-16,2020091601030487,GMFBS,1,50,40,830.00,"33,200.00"
2020-09-16,2020091601030559,HDHPC,58,6,10,100.00,"1,000.00"
2020-09-16,2020091601030531,HDHPC,57,6,300,100.00,"30,000.00"
2020-09-16,2020091601030519,HDHPC,1,6,150,100.00,"15,000.00"
2020-09-16,2020091601030353,HDHPC,1,6,50,100.00,"5,000.00"
2020-09-16,2020091601030347,HDHPC,45,6,"2,000",100.00,"200,000.00"
2020-09-16,2020091601030321,HDHPC,51,6,"2,000",100.00,"200,000.00"
2020-09-16,2020091601030307,HDHPC,33,6,950,100.00,"95,000.00"
2020-09-16,2020091601030306,HDHPC,33,45,50,100.00,"5,000.00"
2020-09-16,2020091601030511,HGI,28,56,500,544.00,"272,000.00"
2020-09-16,2020091601030389,HGI,28,56,420,544.00,"228,480.00"
2020-09-16,2020091601030388,HGI,28,6,80,544.00,"43,520.00"
2020-09-16,2020091601030383,HGI,51,44,300,543.00,"162,900.00"
2020-09-16,2020091601030382,HGI,25,44,180,543.00,"97,740.00"
2020-09-16,2020091601030381,HGI,44,44,20,543.00,"10,860.00"
2020-09-16,2020091601030476,HIDCL,17,16,100,156.00,"15,600.00"
2020-09-16,2020091601030233,HIDCL,17,39,300,156.00,"46,800.00"
2020-09-16,2020091601030170,HIDCL,35,51,500,157.00,"78,500.00"
2020-09-16,2020091601030119,HIDCL,5,51,50,157.00,"7,850.00"
2020-09-16,2020091601030561,HPPL,52,5,10,195.00,"1,950.00"
2020-09-16,2020091601030296,HPPL,35,41,10,192.00,"1,920.00"
2020-09-16,2020091601030267,HPPL,52,5,160,195.00,"31,200.00"
2020-09-16,2020091601030200,HPPL,52,56,100,194.00,"19,400.00"
2020-09-16,2020091601030199,HPPL,52,42,20,194.00,"3,880.00"
2020-09-16,2020091601030198,HPPL,52,58,10,194.00,"1,940.00"
2020-09-16,2020091601030197,HPPL,52,57,10,194.00,"1,940.00"
2020-09-16,2020091601030196,HPPL,52,38,10,194.00,"1,940.00"
2020-09-16,2020091601030134,HPPL,52,39,20,193.00,"3,860.00"
2020-09-16,2020091601030133,HPPL,52,43,10,193.00,"1,930.00"
2020-09-16,2020091601030132,HPPL,52,50,160,193.00,"30,880.00"
2020-09-16,2020091601030289,ICFC,13,29,100,174.00,"17,400.00"
2020-09-16,2020091601030505,IGI,4,48,50,567.00,"28,350.00"
2020-09-16,2020091601030504,IGI,4,43,50,567.00,"28,350.00"
2020-09-16,2020091601030540,JBBL,7,45,66,169.00,"11,154.00"
2020-09-16,2020091601030539,JBBL,44,45,134,169.00,"22,646.00"
2020-09-16,2020091601030532,JBBL,44,49,313,169.00,"52,897.00"
2020-09-16,2020091601030366,JBBL,44,45,53,169.00,"8,957.00"
2020-09-16,2020091601030365,JBBL,22,45,50,169.00,"8,450.00"
2020-09-16,2020091601030364,JBBL,51,45,185,169.00,"31,265.00"
2020-09-16,2020091601030363,JBBL,58,45,120,169.00,"20,280.00"
2020-09-16,2020091601030362,JBBL,41,45,92,169.00,"15,548.00"
2020-09-16,2020091601030253,JBBL,21,49,15,170.00,"2,550.00"
2020-09-16,2020091601030252,JBBL,21,21,85,170.00,"14,450.00"
2020-09-16,2020091601030143,JBBL,41,57,40,169.00,"6,760.00"
2020-09-16,2020091601030430,JFL,34,49,10,178.00,"1,780.00"
2020-09-16,2020091601030429,JFL,34,45,100,177.00,"17,700.00"
2020-09-16,2020091601030428,JFL,34,56,200,177.00,"35,400.00"
2020-09-16,2020091601030301,JFL,34,39,398,176.00,"70,048.00"
2020-09-16,2020091601030300,JFL,34,45,200,176.00,"35,200.00"
2020-09-16,2020091601030299,JFL,34,57,500,175.00,"87,500.00"
2020-09-16,2020091601030527,JOSHI,8,46,20,103.00,"2,060.00"
2020-09-16,2020091601030546,KBL,16,55,200,194.00,"38,800.00"
2020-09-16,2020091601030545,KBL,38,55,"1,009",194.00,"195,746.00"
2020-09-16,2020091601030544,KBL,55,55,500,194.00,"97,000.00"
2020-09-16,2020091601030543,KBL,39,55,"1,399",194.00,"271,406.00"
2020-09-16,2020091601030502,KBL,52,49,60,195.00,"11,700.00"
2020-09-16,2020091601030501,KBL,52,45,200,195.00,"39,000.00"
2020-09-16,2020091601030499,KBL,39,44,"2,502",194.00,"485,388.00"
2020-09-16,2020091601030427,KBL,39,36,"1,062",194.00,"206,028.00"
2020-09-16,2020091601030286,KBL,39,7,131,194.00,"25,414.00"
2020-09-16,2020091601030103,KBL,44,7,500,195.00,"97,500.00"
2020-09-16,2020091601030466,KMCDB,49,52,50,763.00,"38,150.00"
2020-09-16,2020091601030331,KMCDB,49,58,10,762.00,"7,620.00"
2020-09-16,2020091601030330,KMCDB,49,52,100,762.00,"76,200.00"
2020-09-16,2020091601030329,KMCDB,49,51,10,761.00,"7,610.00"
2020-09-16,2020091601030167,KMCDB,49,16,10,760.00,"7,600.00"
2020-09-16,2020091601030166,KMCDB,49,34,40,760.00,"30,400.00"
2020-09-16,2020091601030165,KMCDB,49,37,29,760.00,"22,040.00"
2020-09-16,2020091601030164,KMCDB,49,19,100,760.00,"76,000.00"
2020-09-16,2020091601030423,LBBL,18,11,158,184.00,"29,072.00"
2020-09-16,2020091601030121,LBBL,16,41,150,183.00,"27,450.00"
2020-09-16,2020091601030462,LBL,58,42,116,235.00,"27,260.00"
2020-09-16,2020091601030295,LGIL,44,33,"1,000",560.00,"560,000.00"
2020-09-16,2020091601030211,LGIL,44,1,200,560.00,"112,000.00"
2020-09-16,2020091601030436,LICN,32,50,150,"1,536.00","230,400.00"
2020-09-16,2020091601030117,LICN,49,7,73,"1,535.00","112,055.00"
2020-09-16,2020091601030116,LICN,17,7,27,"1,535.00","41,445.00"
2020-09-16,2020091601030590,LLBS,28,49,86,"1,139.00","97,954.00"
2020-09-16,2020091601030396,LLBS,28,51,42,"1,140.00","47,880.00"
2020-09-16,2020091601030395,LLBS,28,16,100,"1,138.00","113,800.00"
2020-09-16,2020091601030394,LLBS,28,29,17,"1,137.00","19,329.00"
2020-09-16,2020091601030217,MBL,25,53,500,227.00,"113,500.00"
2020-09-16,2020091601030193,MBL,32,47,150,226.00,"33,900.00"
2020-09-16,2020091601030214,MDB,54,4,10,364.00,"3,640.00"
2020-09-16,2020091601030195,MDB,6,45,50,363.00,"18,150.00"
2020-09-16,2020091601030475,MERO,34,56,77,732.00,"56,364.00"
2020-09-16,2020091601030474,MERO,34,21,23,732.00,"16,836.00"
2020-09-16,2020091601030303,MERO,34,14,50,731.00,"36,550.00"
2020-09-16,2020091601030271,MHNL,50,44,40,107.00,"4,280.00"
2020-09-16,2020091601030464,MLBBL,16,51,50,785.00,"39,250.00"
2020-09-16,2020091601030194,MLBBL,58,49,30,784.00,"23,520.00"
2020-09-16,2020091601030162,MLBBL,58,21,89,784.00,"69,776.00"
2020-09-16,2020091601030438,MLBL,45,34,290,197.00,"57,130.00"
2020-09-16,2020091601030335,MMFDB,48,49,10,950.00,"9,500.00"
2020-09-16,2020091601030422,MNBBL,4,14,100,326.00,"32,600.00"
2020-09-16,2020091601030238,MNBBL,4,49,105,326.00,"34,230.00"
2020-09-16,2020091601030582,NABIL,42,56,757,853.00,"645,721.00"
2020-09-16,2020091601030513,NABIL,47,50,50,854.00,"42,700.00"
2020-09-16,2020091601030512,NABIL,42,49,100,853.00,"85,300.00"
2020-09-16,2020091601030340,NABIL,56,50,30,854.00,"25,620.00"
2020-09-16,2020091601030173,NADEP,59,41,11,739.00,"8,129.00"
2020-09-16,2020091601030360,NBB,58,41,100,203.00,"20,300.00"
2020-09-16,2020091601030290,NBB,34,41,100,203.00,"20,300.00"
2020-09-16,2020091601030560,NBL,42,17,200,308.00,"61,600.00"
2020-09-16,2020091601030558,NBL,33,17,50,308.00,"15,400.00"
2020-09-16,2020091601030373,NBL,42,17,200,308.00,"61,600.00"
2020-09-16,2020091601030370,NBL,13,16,180,307.00,"55,260.00"
2020-09-16,2020091601030348,NBL,34,17,150,308.00,"46,200.00"
2020-09-16,2020091601030298,NBL,47,17,"1,370",308.00,"421,960.00"
2020-09-16,2020091601030297,NBL,47,17,130,308.00,"40,040.00"
2020-09-16,2020091601030240,NBL,14,17,200,308.00,"61,600.00"
2020-09-16,2020091601030224,NBL,21,17,200,308.00,"61,600.00"
2020-09-16,2020091601030157,NBL,47,17,500,308.00,"154,000.00"
2020-09-16,2020091601030120,NBL,13,44,200,307.00,"61,400.00"
2020-09-16,2020091601030092,NBL,29,17,300,308.00,"92,400.00"
2020-09-16,2020091601030580,NCCB,56,33,10,209.00,"2,090.00"
2020-09-16,2020091601030530,NCCB,28,14,"1,000",208.00,"208,000.00"
2020-09-16,2020091601030417,NCCB,28,42,200,208.00,"41,600.00"
2020-09-16,2020091601030416,NCCB,28,33,50,208.00,"10,400.00"
2020-09-16,2020091601030415,NCCB,28,21,290,208.00,"60,320.00"
2020-09-16,2020091601030414,NCCB,28,57,500,208.00,"104,000.00"
2020-09-16,2020091601030413,NCCB,28,36,673,208.00,"139,984.00"
2020-09-16,2020091601030412,NCCB,28,11,"1,000",208.00,"208,000.00"
2020-09-16,2020091601030411,NCCB,28,3,10,208.00,"2,080.00"
2020-09-16,2020091601030410,NCCB,28,57,100,208.00,"20,800.00"
2020-09-16,2020091601030409,NCCB,28,52,140,208.00,"29,120.00"
2020-09-16,2020091601030244,NCCB,39,47,"1,000",207.00,"207,000.00"
2020-09-16,2020091601030390,NFS,4,26,50,190.00,"9,500.00"
2020-09-16,2020091601030356,NGPL,48,16,400,158.00,"63,200.00"
2020-09-16,2020091601030161,NGPL,48,17,128,158.00,"20,224.00"
2020-09-16,2020091601030231,NHDL,47,22,26,199.00,"5,174.00"
2020-09-16,2020091601030369,NIB,25,1,"1,000",420.00,"420,000.00"
2020-09-16,2020091601030250,NIB,28,44,433,419.00,"181,427.00"
2020-09-16,2020091601030320,NIBLPF,19,45,"5,000",8.85,"44,250.00"
2020-09-16,2020091601030264,NIBLPF,19,17,"1,000",8.85,"8,850.00"
2020-09-16,2020091601030232,NIBPO,49,43,401,362.00,"145,162.00"
2020-09-16,2020091601030575,NICA,51,44,145,579.00,"83,955.00"
2020-09-16,2020091601030574,NICA,51,45,105,579.00,"60,795.00"
2020-09-16,2020091601030426,NICA,47,45,30,579.00,"17,370.00"
2020-09-16,2020091601030392,NICA,14,45,100,579.00,"57,900.00"
2020-09-16,2020091601030308,NICA,49,45,25,579.00,"14,475.00"
2020-09-16,2020091601030471,NICL,36,42,300,575.00,"172,500.00"
2020-09-16,2020091601030461,NICL,36,32,200,575.00,"115,000.00"
2020-09-16,2020091601030359,NICL,36,44,162,575.00,"93,150.00"
2020-09-16,2020091601030266,NICL,42,44,300,575.00,"172,500.00"
2020-09-16,2020091601030265,NICL,16,44,500,575.00,"287,500.00"
2020-09-16,2020091601030176,NICL,26,44,810,576.00,"466,560.00"
2020-09-16,2020091601030568,NIL,48,50,47,834.00,"39,198.00"
2020-09-16,2020091601030567,NIL,48,56,13,834.00,"10,842.00"
2020-09-16,2020091601030517,NIL,6,38,200,833.00,"166,600.00"
2020-09-16,2020091601030516,NIL,6,33,49,832.00,"40,768.00"
2020-09-16,2020091601030368,NIL,38,33,179,832.00,"148,928.00"
2020-09-16,2020091601030367,NIL,32,33,220,832.00,"183,040.00"
2020-09-16,2020091601030248,NIL,32,40,480,832.00,"399,360.00"
2020-09-16,2020091601030247,NIL,55,40,20,832.00,"16,640.00"
2020-09-16,2020091601030179,NIL,55,49,50,832.00,"41,600.00"
2020-09-16,2020091601030131,NIL,32,57,122,834.00,"101,748.00"
2020-09-16,2020091601030305,NLIC,34,57,50,"1,404.00","70,200.00"
2020-09-16,2020091601030573,NLICL,32,55,10,780.00,"7,800.00"
2020-09-16,2020091601030572,NLICL,32,35,190,780.00,"148,200.00"
2020-09-16,2020091601030557,NLICL,49,35,10,780.00,"7,800.00"
2020-09-16,2020091601030387,NLICL,49,53,50,777.00,"38,850.00"
2020-09-16,2020091601030256,NLICL,44,35,500,780.00,"390,000.00"
2020-09-16,2020091601030126,NLICL,18,11,300,776.00,"232,800.00"
2020-09-16,2020091601030125,NLICL,36,11,"1,000",776.00,"776,000.00"
2020-09-16,2020091601030124,NLICL,36,11,308,777.00,"239,316.00"
2020-09-16,2020091601030123,NLICL,46,11,170,778.00,"132,260.00"
2020-09-16,2020091601030503,NMB,40,34,100,419.00,"41,900.00"
2020-09-16,2020091601030500,NMB,19,14,300,418.00,"125,400.00"
2020-09-16,2020091601030460,NMB,8,34,21,419.00,"8,799.00"
2020-09-16,2020091601030341,NMB,25,34,"2,000",419.00,"838,000.00"
2020-09-16,2020091601030338,NMB,45,34,100,419.00,"41,900.00"
2020-09-16,2020091601030215,NMB,47,34,50,419.00,"20,950.00"
2020-09-16,2020091601030168,NMB,57,34,100,419.00,"41,900.00"
2020-09-16,2020091601030163,NMB,4,34,200,419.00,"83,800.00"
2020-09-16,2020091601030160,NMB,22,34,100,419.00,"41,900.00"
2020-09-16,2020091601030108,NMB,11,34,110,419.00,"46,090.00"
2020-09-16,2020091601030100,NMBHF1,7,10,245,10.15,"2,486.75"
2020-09-16,2020091601030327,NMBMF,44,50,654,835.00,"546,090.00"
2020-09-16,2020091601030326,NMBMF,44,26,76,835.00,"63,460.00"
2020-09-16,2020091601030325,NMBMF,44,36,50,834.00,"41,700.00"
2020-09-16,2020091601030324,NMBMF,44,49,75,833.00,"62,475.00"
2020-09-16,2020091601030323,NMBMF,44,45,30,833.00,"24,990.00"
2020-09-16,2020091601030285,NMBMF,34,45,10,833.00,"8,330.00"
2020-09-16,2020091601030136,NMBMF,33,57,100,826.00,"82,600.00"
2020-09-16,2020091601030135,NMBMF,6,57,10,826.00,"8,260.00"
2020-09-16,2020091601030541,NRIC,38,58,10,884.00,"8,840.00"
2020-09-16,2020091601030489,NRIC,21,55,450,883.00,"397,350.00"
2020-09-16,2020091601030345,NRIC,21,55,50,883.00,"44,150.00"
2020-09-16,2020091601030344,NRIC,34,55,20,883.00,"17,660.00"
2020-09-16,2020091601030343,NRIC,25,55,50,883.00,"44,150.00"
2020-09-16,2020091601030342,NRIC,56,55,450,883.00,"397,350.00"
2020-09-16,2020091601030150,NRIC,38,36,40,882.00,"35,280.00"
2020-09-16,2020091601030149,NRIC,57,53,50,883.00,"44,150.00"
2020-09-16,2020091601030109,NRIC,42,53,50,883.00,"44,150.00"
2020-09-16,2020091601030104,NRIC,33,53,200,883.00,"176,600.00"
2020-09-16,2020091601030101,NRIC,38,37,75,882.00,"66,150.00"
2020-09-16,2020091601030091,NRIC,38,38,129,882.00,"113,778.00"
2020-09-16,2020091601030225,NRIC,41,25,100,882.00,"88,200.00"
2020-09-16,2020091601030206,NRIC,25,26,20,882.00,"17,640.00"
2020-09-16,2020091601030205,NRIC,38,26,20,882.00,"17,640.00"
2020-09-16,2020091601030204,NRIC,47,26,100,882.00,"88,200.00"
2020-09-16,2020091601030203,NRIC,38,26,686,882.00,"605,052.00"
2020-09-16,2020091601030178,NRIC,38,58,40,882.00,"35,280.00"
2020-09-16,2020091601030337,NRIC,56,13,50,883.00,"44,150.00"
2020-09-16,2020091601030230,NRIC,59,53,289,882.00,"254,898.00"
2020-09-16,2020091601030229,NRIC,58,53,10,882.00,"8,820.00"
2020-09-16,2020091601030228,NRIC,57,53,150,882.00,"132,300.00"
2020-09-16,2020091601030227,NRIC,56,53,"1,000",882.00,"882,000.00"
2020-09-16,2020091601030226,NRIC,26,53,200,882.00,"176,400.00"
2020-09-16,2020091601030562,NRN,42,52,10,406.00,"4,060.00"
2020-09-16,2020091601030518,NRN,42,21,10,406.00,"4,060.00"
2020-09-16,2020091601030510,NRN,42,38,10,406.00,"4,060.00"
2020-09-16,2020091601030490,NRN,42,45,10,406.00,"4,060.00"
2020-09-16,2020091601030451,NRN,42,52,10,406.00,"4,060.00"
2020-09-16,2020091601030421,NRN,42,34,10,406.00,"4,060.00"
2020-09-16,2020091601030393,NRN,42,42,10,406.00,"4,060.00"
2020-09-16,2020091601030268,NRN,42,35,10,406.00,"4,060.00"
2020-09-16,2020091601030254,NRN,42,52,10,406.00,"4,060.00"
2020-09-16,2020091601030222,NRN,42,25,10,406.00,"4,060.00"
2020-09-16,2020091601030221,NRN,42,21,10,406.00,"4,060.00"
2020-09-16,2020091601030146,NRN,42,49,140,407.00,"56,980.00"
2020-09-16,2020091601030537,NSEWA,49,41,10,735.00,"7,350.00"
2020-09-16,2020091601030536,NSEWA,49,48,100,733.00,"73,300.00"
2020-09-16,2020091601030535,NSEWA,49,59,10,732.00,"7,320.00"
2020-09-16,2020091601030589,NTC,13,51,10,706.00,"7,060.00"
2020-09-16,2020091601030524,NTC,49,3,50,707.00,"35,350.00"
2020-09-16,2020091601030358,NUBL,16,56,50,980.00,"49,000.00"
2020-09-16,2020091601030328,OHL,51,54,62,399.00,"24,738.00"
2020-09-16,2020091601030130,OHL,42,35,62,390.00,"24,180.00"
2020-09-16,2020091601030094,OHL,49,35,200,390.00,"78,000.00"
2020-09-16,2020091601030279,PCBL,47,50,200,282.00,"56,400.00"
2020-09-16,2020091601030261,PCBL,55,56,127,281.00,"35,687.00"
2020-09-16,2020091601030260,PCBL,47,56,55,281.00,"15,455.00"
2020-09-16,2020091601030259,PCBL,47,56,18,281.00,"5,058.00"
2020-09-16,2020091601030096,PCBL,3,50,200,282.00,"56,400.00"
2020-09-16,2020091601030269,PFL,59,25,14,149.00,"2,086.00"
2020-09-16,2020091601030242,PIC,38,38,11,816.00,"8,976.00"
2020-09-16,2020091601030241,PIC,16,38,89,816.00,"72,624.00"
2020-09-16,2020091601030113,PIC,16,26,11,816.00,"8,976.00"
2020-09-16,2020091601030585,PICL,55,33,100,568.00,"56,800.00"
2020-09-16,2020091601030584,PICL,16,33,300,568.00,"170,400.00"
2020-09-16,2020091601030255,PICL,29,16,40,569.00,"22,760.00"
2020-09-16,2020091601030553,PLIC,53,22,10,683.00,"6,830.00"
2020-09-16,2020091601030249,PLIC,58,46,150,682.00,"102,300.00"
2020-09-16,2020091601030309,PMHPL,22,50,10,105.00,"1,050.00"
2020-09-16,2020091601030239,PMHPL,22,50,10,105.00,"1,050.00"
2020-09-16,2020091601030291,PPCL,34,6,100,149.00,"14,900.00"
2020-09-16,2020091601030139,PPCL,34,38,610,150.00,"91,500.00"
2020-09-16,2020091601030494,PROFL,34,8,50,107.00,"5,350.00"
2020-09-16,2020091601030452,PRVU,21,28,300,228.00,"68,400.00"
2020-09-16,2020091601030237,PRVU,41,28,100,228.00,"22,800.00"
2020-09-16,2020091601030570,RADHI,43,42,11,259.00,"2,849.00"
2020-09-16,2020091601030294,RADHI,32,29,273,257.00,"70,161.00"
2020-09-16,2020091601030293,RADHI,32,57,12,257.00,"3,084.00"
2020-09-16,2020091601030292,RADHI,32,45,19,257.00,"4,883.00"
2020-09-16,2020091601030118,RADHI,47,45,12,255.00,"3,060.00"
2020-09-16,2020091601030569,RBCLPO,17,51,10,"10,140.00","101,400.00"
2020-09-16,2020091601030566,RHPL,49,44,150,179.00,"26,850.00"
2020-09-16,2020091601030333,RHPL,49,34,200,179.00,"35,800.00"
2020-09-16,2020091601030281,RHPL,49,45,40,179.00,"7,160.00"
2020-09-16,2020091601030473,RLI,34,42,10,600.00,"6,000.00"
2020-09-16,2020091601030129,RLI,34,57,10,600.00,"6,000.00"
2020-09-16,2020091601030112,RLI,34,8,10,600.00,"6,000.00"
2020-09-16,2020091601030538,RRHP,50,45,10,136.00,"1,360.00"
2020-09-16,2020091601030533,RSDC,38,36,100,577.00,"57,700.00"
2020-09-16,2020091601030317,SABSL,44,48,12,868.00,"10,416.00"
2020-09-16,2020091601030122,SABSL,1,20,11,866.00,"9,526.00"
2020-09-16,2020091601030107,SANIMA,7,56,31,343.00,"10,633.00"
2020-09-16,2020091601030106,SANIMA,57,56,250,343.00,"85,750.00"
2020-09-16,2020091601030105,SANIMA,52,56,319,343.00,"109,417.00"
2020-09-16,2020091601030339,SAPDBL,52,1,102,123.00,"12,546.00"
2020-09-16,2020091601030577,SBL,34,44,197,302.00,"59,494.00"
2020-09-16,2020091601030576,SBL,37,44,303,302.00,"91,506.00"
2020-09-16,2020091601030565,SBL,50,14,65,303.00,"19,695.00"
2020-09-16,2020091601030564,SBL,50,6,35,303.00,"10,605.00"
2020-09-16,2020091601030378,SBL,37,7,97,302.00,"29,294.00"
2020-09-16,2020091601030377,SBL,28,7,200,302.00,"60,400.00"
2020-09-16,2020091601030376,SBL,19,7,100,302.00,"30,200.00"
2020-09-16,2020091601030375,SBL,38,7,300,302.00,"90,600.00"
2020-09-16,2020091601030374,SBL,34,7,51,302.00,"15,402.00"
2020-09-16,2020091601030270,SBL,10,7,150,303.00,"45,450.00"
2020-09-16,2020091601030579,SCB,1,47,10,659.00,"6,590.00"
2020-09-16,2020091601030578,SCB,39,47,56,659.00,"36,904.00"
2020-09-16,2020091601030183,SCB,39,11,44,659.00,"28,996.00"
2020-09-16,2020091601030182,SCB,58,11,25,659.00,"16,475.00"
2020-09-16,2020091601030181,SCB,26,11,17,659.00,"11,203.00"
2020-09-16,2020091601030180,SCB,6,11,14,660.00,"9,240.00"
2020-09-16,2020091601030506,SDLBSL,6,50,10,858.00,"8,580.00"
2020-09-16,2020091601030191,SDLBSL,19,26,10,859.00,"8,590.00"
2020-09-16,2020091601030278,SFCL,26,47,800,112.00,"89,600.00"
2020-09-16,2020091601030258,SFCL,26,42,100,112.00,"11,200.00"
2020-09-16,2020091601030550,SHINE,28,14,10,241.00,"2,410.00"
2020-09-16,2020091601030455,SHIVM,49,55,375,722.00,"270,750.00"
2020-09-16,2020091601030454,SHIVM,49,29,25,721.00,"18,025.00"
2020-09-16,2020091601030453,SHIVM,49,34,200,721.00,"144,200.00"
2020-09-16,2020091601030552,SHPC,58,17,50,300.00,"15,000.00"
2020-09-16,2020091601030515,SHPC,58,17,50,300.00,"15,000.00"
2020-09-16,2020091601030470,SHPC,58,17,160,300.00,"48,000.00"
2020-09-16,2020091601030469,SHPC,58,10,100,300.00,"30,000.00"
2020-09-16,2020091601030468,SHPC,58,29,40,300.00,"12,000.00"
2020-09-16,2020091601030142,SHPC,38,14,110,298.00,"32,780.00"
2020-09-16,2020091601030318,SHPC,38,48,100,298.00,"29,800.00"
2020-09-16,2020091601030313,SHPC,58,52,200,299.00,"59,800.00"
2020-09-16,2020091601030312,SHPC,58,39,649,299.00,"194,051.00"
2020-09-16,2020091601030311,SHPC,58,56,10,299.00,"2,990.00"
2020-09-16,2020091601030310,SHPC,58,45,141,299.00,"42,159.00"
2020-09-16,2020091601030171,SHPC,38,17,200,298.00,"59,600.00"
2020-09-16,2020091601030467,SHPC,58,19,700,299.00,"209,300.00"
2020-09-16,2020091601030465,SHPC,6,19,100,299.00,"29,900.00"
2020-09-16,2020091601030433,SHPC,38,1,50,298.00,"14,900.00"
2020-09-16,2020091601030399,SHPC,58,19,200,299.00,"59,800.00"
2020-09-16,2020091601030398,SHPC,58,17,300,299.00,"89,700.00"
2020-09-16,2020091601030397,SHPC,58,34,500,299.00,"149,500.00"
2020-09-16,2020091601030280,SICL,43,45,37,"1,368.00","50,616.00"
2020-09-16,2020091601030223,SICL,25,45,40,"1,368.00","54,720.00"
2020-09-16,2020091601030216,SICL,40,45,200,"1,368.00","273,600.00"
2020-09-16,2020091601030093,SICL,43,45,23,"1,368.00","31,464.00"
2020-09-16,2020091601030354,SJCL,57,45,20,163.00,"3,260.00"
2020-09-16,2020091601030507,SKBBL,41,45,10,"1,377.00","13,770.00"
2020-09-16,2020091601030384,SLBBL,10,29,100,868.00,"86,800.00"
2020-09-16,2020091601030334,SLICL,34,39,10,642.00,"6,420.00"
2020-09-16,2020091601030235,SLICL,52,33,45,640.00,"28,800.00"
2020-09-16,2020091601030111,SLICL,50,33,286,640.00,"183,040.00"
2020-09-16,2020091601030102,SMB,34,46,11,866.00,"9,526.00"
2020-09-16,2020091601030547,SMFBS,33,50,40,"1,000.00","40,000.00"
2020-09-16,2020091601030302,SPARS,17,26,11,965.00,"10,615.00"
2020-09-16,2020091601030425,SPDL,45,26,10,165.00,"1,650.00"
2020-09-16,2020091601030127,SRBL,58,4,42,233.00,"9,786.00"
2020-09-16,2020091601030355,SWBBL,10,11,10,"1,272.00","12,720.00"
2020-09-16,2020091601030210,UIC,42,16,300,454.00,"136,200.00"
2020-09-16,2020091601030209,UIC,35,16,100,454.00,"45,400.00"
2020-09-16,2020091601030208,UIC,13,16,100,454.00,"45,400.00"
2020-09-16,2020091601030207,UIC,3,16,250,454.00,"113,500.00"
2020-09-16,2020091601030192,UPCL,58,11,200,108.00,"21,600.00"
2020-09-16,2020091601030588,UPPER,42,34,150,260.00,"39,000.00"
2020-09-16,2020091601030556,UPPER,41,34,60,260.00,"15,600.00"
2020-09-16,2020091601030514,UPPER,34,34,460,260.00,"119,600.00"
2020-09-16,2020091601030442,UPPER,34,34,540,260.00,"140,400.00"
2020-09-16,2020091601030154,UPPER,33,42,"1,000",260.00,"260,000.00"
2020-09-16,2020091601030153,UPPER,22,42,100,260.00,"26,000.00"
2020-09-16,2020091601030152,UPPER,50,42,500,260.00,"130,000.00"
2020-09-16,2020091601030151,UPPER,55,42,478,260.00,"124,280.00"
2020-09-16,2020091601030115,UPPER,55,39,40,260.00,"10,400.00"
2020-09-16,2020091601030287,UPPER,11,26,160,262.00,"41,920.00"
2020-09-16,2020091601030251,UPPER,11,41,40,261.00,"10,440.00"
2020-09-16,2020091601030202,UPPER,52,42,450,261.00,"117,450.00"
2020-09-16,2020091601030201,UPPER,37,36,500,260.00,"130,000.00"
2020-09-16,2020091601030156,UPPER,37,42,400,260.00,"104,000.00"
2020-09-16,2020091601030155,UPPER,59,42,100,260.00,"26,000.00"
2020-09-16,2020091601030441,UPPER,56,34,500,260.00,"130,000.00"
2020-09-16,2020091601030440,UPPER,37,34,300,260.00,"78,000.00"
2020-09-16,2020091601030439,UPPER,1,34,460,261.00,"120,060.00"
2020-09-16,2020091601030424,UPPER,26,26,65,262.00,"17,030.00"
2020-09-16,2020091601030419,UPPER,1,48,40,261.00,"10,440.00"
2020-09-16,2020091601030484,VLBS,16,41,50,924.00,"46,200.00"
2020-09-16,2020091601030483,VLBS,35,41,50,926.00,"46,300.00"
2020-09-16,2020091601029922,ACLBSL,52,34,58,740.00,"42,920.00"
2020-09-16,2020091601029921,ACLBSL,40,34,500,741.00,"370,500.00"
2020-09-16,2020091601029920,ACLBSL,49,34,42,741.00,"31,122.00"
2020-09-16,2020091601029919,ACLBSL,45,34,50,742.00,"37,100.00"
2020-09-16,2020091601029918,ACLBSL,58,34,50,743.00,"37,150.00"
2020-09-16,2020091601029898,ACLBSL,50,46,10,745.00,"7,450.00"
2020-09-16,2020091601029617,ADBL,57,14,10,430.00,"4,300.00"
2020-09-16,2020091601030040,AIL,41,49,20,525.00,"10,500.00"
2020-09-16,2020091601029994,AIL,41,6,10,525.00,"5,250.00"
2020-09-16,2020091601029953,AIL,41,20,10,525.00,"5,250.00"
2020-09-16,2020091601029949,AIL,41,58,556,525.00,"291,900.00"
2020-09-16,2020091601029948,AIL,41,56,830,525.00,"435,750.00"
2020-09-16,2020091601029935,AIL,13,58,10,524.00,"5,240.00"
2020-09-16,2020091601029695,AIL,13,26,10,524.00,"5,240.00"
2020-09-16,2020091601029933,AIL,11,56,50,525.00,"26,250.00"
2020-09-16,2020091601029905,AIL,13,42,10,524.00,"5,240.00"
2020-09-16,2020091601029804,AIL,13,43,10,524.00,"5,240.00"
2020-09-16,2020091601029796,AIL,13,46,10,524.00,"5,240.00"
2020-09-16,2020091601029773,AIL,13,50,20,524.00,"10,480.00"
2020-09-16,2020091601029747,AIL,13,26,20,524.00,"10,480.00"
2020-09-16,2020091601029785,AKJCL,35,49,20,82.00,"1,640.00"
2020-09-16,2020091601030063,AKPL,52,17,82,193.00,"15,826.00"
2020-09-16,2020091601030061,AKPL,52,21,100,193.00,"19,300.00"
2020-09-16,2020091601030060,AKPL,52,51,318,193.00,"61,374.00"
2020-09-16,2020091601030035,AKPL,33,51,50,193.00,"9,650.00"
2020-09-16,2020091601030034,AKPL,3,51,500,193.00,"96,500.00"
2020-09-16,2020091601030033,AKPL,59,51,500,193.00,"96,500.00"
2020-09-16,2020091601029769,AKPL,42,55,"1,500",193.00,"289,500.00"
2020-09-16,2020091601029768,AKPL,50,55,500,193.00,"96,500.00"
2020-09-16,2020091601029767,AKPL,39,55,782,193.00,"150,926.00"
2020-09-16,2020091601030032,AKPL,45,51,632,193.00,"121,976.00"
2020-09-16,2020091601029931,AKPL,6,45,100,194.00,"19,400.00"
2020-09-16,2020091601029904,AKPL,45,49,100,193.00,"19,300.00"
2020-09-16,2020091601029805,AKPL,45,58,100,193.00,"19,300.00"
2020-09-16,2020091601029771,AKPL,45,55,"2,168",193.00,"418,424.00"
2020-09-16,2020091601029770,AKPL,33,55,50,193.00,"9,650.00"
2020-09-16,2020091601030025,ALICL,33,56,717,760.00,"544,920.00"
2020-09-16,2020091601029608,ALICL,55,56,183,760.00,"139,080.00"
2020-09-16,2020091601030075,API,58,43,90,157.00,"14,130.00"
2020-09-16,2020091601030074,API,58,22,100,157.00,"15,700.00"
2020-09-16,2020091601030073,API,58,43,410,157.00,"64,370.00"
2020-09-16,2020091601030020,API,29,49,30,156.00,"4,680.00"
2020-09-16,2020091601030012,API,29,58,69,156.00,"10,764.00"
2020-09-16,2020091601029999,API,58,43,590,157.00,"92,630.00"
2020-09-16,2020091601029759,API,38,52,50,157.00,"7,850.00"
2020-09-16,2020091601029758,API,38,34,"1,000",157.00,"157,000.00"
2020-09-16,2020091601029757,API,38,52,54,157.00,"8,478.00"
2020-09-16,2020091601029621,API,35,34,100,156.00,"15,600.00"
2020-09-16,2020091601029616,API,35,34,28,156.00,"4,368.00"
2020-09-16,2020091601029913,API,44,43,200,157.00,"31,400.00"
2020-09-16,2020091601029852,API,36,43,16,157.00,"2,512.00"
2020-09-16,2020091601029851,API,36,45,30,157.00,"4,710.00"
2020-09-16,2020091601029850,API,36,57,50,157.00,"7,850.00"
2020-09-16,2020091601029849,API,36,28,104,157.00,"16,328.00"
2020-09-16,2020091601029760,API,38,28,"1,896",157.00,"297,672.00"
2020-09-16,2020091601029998,API,58,43,10,157.00,"1,570.00"
2020-09-16,2020091601029961,API,29,58,805,156.00,"125,580.00"
2020-09-16,2020091601029960,API,35,58,219,156.00,"34,164.00"
2020-09-16,2020091601029952,API,58,43,600,157.00,"94,200.00"
2020-09-16,2020091601029930,API,28,43,200,157.00,"31,400.00"
2020-09-16,2020091601029761,BARUN,14,34,10,132.00,"1,320.00"
2020-09-16,2020091601029826,BOKL,7,50,755,247.00,"186,485.00"
2020-09-16,2020091601029825,BOKL,7,50,100,247.00,"24,700.00"
2020-09-16,2020091601029824,BOKL,7,50,"1,000",247.00,"247,000.00"
2020-09-16,2020091601029823,BOKL,40,50,500,247.00,"123,500.00"
2020-09-16,2020091601029822,BOKL,58,50,100,247.00,"24,700.00"
2020-09-16,2020091601029821,BOKL,32,50,"1,000",247.00,"247,000.00"
2020-09-16,2020091601029814,BOKL,32,50,895,247.00,"221,065.00"
2020-09-16,2020091601029607,BOKL,32,36,64,247.00,"15,808.00"
2020-09-16,2020091601029820,BOKL,14,50,500,247.00,"123,500.00"
2020-09-16,2020091601029819,BOKL,6,50,200,247.00,"49,400.00"
2020-09-16,2020091601029818,BOKL,55,50,250,247.00,"61,750.00"
2020-09-16,2020091601029817,BOKL,45,50,200,247.00,"49,400.00"
2020-09-16,2020091601029816,BOKL,32,50,500,247.00,"123,500.00"
2020-09-16,2020091601029815,BOKL,32,50,"1,000",247.00,"247,000.00"
2020-09-16,2020091601030051,BPCL,34,45,12,404.00,"4,848.00"
2020-09-16,2020091601029997,BPCL,26,42,50,403.00,"20,150.00"
2020-09-16,2020091601029756,BPCL,26,35,26,403.00,"10,478.00"
2020-09-16,2020091601029686,BPCL,18,35,20,403.00,"8,060.00"
2020-09-16,2020091601029681,BPCL,55,45,60,402.00,"24,120.00"
2020-09-16,2020091601029749,CBBL,18,40,20,"1,119.00","22,380.00"
2020-09-16,2020091601030044,CBL,17,38,300,144.00,"43,200.00"
2020-09-16,2020091601029943,CBL,17,38,632,144.00,"91,008.00"
2020-09-16,2020091601029942,CBL,39,38,228,144.00,"32,832.00"
2020-09-16,2020091601029861,CBL,39,38,272,144.00,"39,168.00"
2020-09-16,2020091601029860,CBL,21,38,500,144.00,"72,000.00"
2020-09-16,2020091601029859,CBL,47,38,100,144.00,"14,400.00"
2020-09-16,2020091601029858,CBL,49,38,280,144.00,"40,320.00"
2020-09-16,2020091601029857,CBL,17,38,848,144.00,"122,112.00"
2020-09-16,2020091601029833,CBL,17,34,13,144.00,"1,872.00"
2020-09-16,2020091601030023,CFCL,57,54,190,127.00,"24,130.00"
2020-09-16,2020091601029962,CHCL,56,34,883,489.00,"431,787.00"
2020-09-16,2020091601029897,CHCL,57,56,41,488.00,"20,008.00"
2020-09-16,2020091601029896,CHCL,21,56,59,488.00,"28,792.00"
2020-09-16,2020091601029613,CHCL,54,34,117,489.00,"57,213.00"
2020-09-16,2020091601029979,CIT,58,38,16,"3,399.00","54,384.00"
2020-09-16,2020091601029902,CIT,57,38,10,"3,399.00","33,990.00"
2020-09-16,2020091601029871,DDBL,14,28,485,876.00,"424,860.00"
2020-09-16,2020091601029870,DDBL,14,45,15,876.00,"13,140.00"
2020-09-16,2020091601029667,EIC,38,38,50,567.00,"28,350.00"
2020-09-16,2020091601029594,EIC,10,43,250,566.00,"141,500.00"
2020-09-16,2020091601030082,FMDBL,56,28,10,596.00,"5,960.00"
2020-09-16,2020091601029894,FMDBL,56,26,10,597.00,"5,970.00"
2020-09-16,2020091601029775,FMDBL,56,16,16,594.00,"9,504.00"
2020-09-16,2020091601029774,FMDBL,56,45,30,592.00,"17,760.00"
2020-09-16,2020091601030045,GBIME,45,44,50,264.00,"13,200.00"
2020-09-16,2020091601029939,GBIME,13,44,"2,100",264.00,"554,400.00"
2020-09-16,2020091601029885,GBIME,55,28,100,263.00,"26,300.00"
2020-09-16,2020091601029844,GBIME,47,57,62,263.00,"16,306.00"
2020-09-16,2020091601029843,GBIME,47,57,40,263.00,"10,520.00"
2020-09-16,2020091601029842,GBIME,51,57,300,263.00,"78,900.00"
2020-09-16,2020091601029835,GBIME,18,57,88,263.00,"23,144.00"
2020-09-16,2020091601029809,GBIME,57,44,100,264.00,"26,400.00"
2020-09-16,2020091601029675,GBIME,28,44,100,264.00,"26,400.00"
2020-09-16,2020091601029612,GBIME,47,44,50,264.00,"13,200.00"
2020-09-16,2020091601029841,GBIME,45,57,28,263.00,"7,364.00"
2020-09-16,2020091601029840,GBIME,47,57,32,263.00,"8,416.00"
2020-09-16,2020091601029839,GBIME,41,57,25,263.00,"6,575.00"
2020-09-16,2020091601029838,GBIME,39,57,200,263.00,"52,600.00"
2020-09-16,2020091601029837,GBIME,47,57,20,263.00,"5,260.00"
2020-09-16,2020091601029836,GBIME,39,57,200,263.00,"52,600.00"
2020-09-16,2020091601029972,GBLBS,1,25,15,548.00,"8,220.00"
2020-09-16,2020091601029924,GBLBS,1,32,60,548.00,"32,880.00"
2020-09-16,2020091601029738,GBLBS,34,36,135,546.00,"73,710.00"
2020-09-16,2020091601029737,GBLBS,25,36,50,546.00,"27,300.00"
2020-09-16,2020091601029736,GBLBS,38,36,10,546.00,"5,460.00"
2020-09-16,2020091601029735,GBLBS,26,36,100,546.00,"54,600.00"
2020-09-16,2020091601029728,GBLBS,38,36,100,547.00,"54,700.00"
2020-09-16,2020091601029727,GBLBS,14,36,161,547.00,"88,067.00"
2020-09-16,2020091601029627,GBLBS,41,38,200,549.00,"109,800.00"
2020-09-16,2020091601029626,GBLBS,41,57,50,548.00,"27,400.00"
2020-09-16,2020091601029734,GBLBS,47,36,10,546.00,"5,460.00"
2020-09-16,2020091601029733,GBLBS,57,36,100,546.00,"54,600.00"
2020-09-16,2020091601029732,GBLBS,42,36,100,546.00,"54,600.00"
2020-09-16,2020091601029731,GBLBS,36,36,150,546.00,"81,900.00"
2020-09-16,2020091601029730,GBLBS,44,36,75,546.00,"40,950.00"
2020-09-16,2020091601029729,GBLBS,38,36,10,547.00,"5,470.00"
2020-09-16,2020091601029982,GFCL,52,17,380,159.00,"60,420.00"
2020-09-16,2020091601030046,GIMES1,58,43,"4,901",9.09,"44,550.10"
2020-09-16,2020091601029753,GIMES1,58,43,"5,000",9.09,"45,450.00"
2020-09-16,2020091601029655,GIMES1,58,45,"2,000",9.01,"18,020.00"
2020-09-16,2020091601029593,GIMES1,58,40,"5,000",9.01,"45,050.00"
2020-09-16,2020091601029601,GLBSL,45,14,193,776.00,"149,768.00"
2020-09-16,2020091601029975,GLICL,53,57,150,652.00,"97,800.00"
2020-09-16,2020091601029974,GLICL,13,57,50,652.00,"32,600.00"
2020-09-16,2020091601029723,GLICL,34,50,20,654.00,"13,080.00"
2020-09-16,2020091601029687,GLICL,57,50,10,654.00,"6,540.00"
2020-09-16,2020091601029709,GMFIL,45,43,400,132.00,"52,800.00"
2020-09-16,2020091601029658,GMFIL,32,51,10,134.00,"1,340.00"
2020-09-16,2020091601030022,HDHPC,45,6,"1,000",100.00,"100,000.00"
2020-09-16,2020091601029888,HDHPC,33,6,"1,000",100.00,"100,000.00"
2020-09-16,2020091601029829,HDHPC,45,6,100,100.00,"10,000.00"
2020-09-16,2020091601029786,HDHPC,39,6,100,100.00,"10,000.00"
2020-09-16,2020091601029708,HDHPC,17,35,140,102.00,"14,280.00"
2020-09-16,2020091601029707,HDHPC,17,36,100,102.00,"10,200.00"
2020-09-16,2020091601029700,HDHPC,17,6,10,102.00,"1,020.00"
2020-09-16,2020091601029699,HDHPC,17,37,20,102.00,"2,040.00"
2020-09-16,2020091601029698,HDHPC,17,36,10,102.00,"1,020.00"
2020-09-16,2020091601029706,HDHPC,17,32,230,102.00,"23,460.00"
2020-09-16,2020091601029705,HDHPC,17,56,300,102.00,"30,600.00"
2020-09-16,2020091601029704,HDHPC,17,35,20,102.00,"2,040.00"
2020-09-16,2020091601029703,HDHPC,17,42,100,102.00,"10,200.00"
2020-09-16,2020091601029702,HDHPC,17,45,20,102.00,"2,040.00"
2020-09-16,2020091601029701,HDHPC,17,32,50,102.00,"5,100.00"
2020-09-16,2020091601029951,HGI,44,7,80,543.00,"43,440.00"
2020-09-16,2020091601029950,HGI,39,7,20,543.00,"10,860.00"
2020-09-16,2020091601029666,HGI,39,41,30,543.00,"16,290.00"
2020-09-16,2020091601029665,HGI,28,41,100,543.00,"54,300.00"
2020-09-16,2020091601029664,HGI,22,41,10,543.00,"5,430.00"
2020-09-16,2020091601029663,HGI,45,41,10,543.00,"5,430.00"
2020-09-16,2020091601029662,HGI,44,41,100,543.00,"54,300.00"
2020-09-16,2020091601029868,HIDCL,5,51,60,157.00,"9,420.00"
2020-09-16,2020091601029640,HIDCL,5,51,50,157.00,"7,850.00"
2020-09-16,2020091601030047,HPPL,52,45,20,190.00,"3,800.00"
2020-09-16,2020091601030018,HURJA,35,34,20,129.00,"2,580.00"
2020-09-16,2020091601029864,HURJA,41,37,50,130.00,"6,500.00"
2020-09-16,2020091601030043,ILBS,25,26,10,844.00,"8,440.00"
2020-09-16,2020091601029746,ILBS,37,26,11,835.00,"9,185.00"
2020-09-16,2020091601029602,ILBS,37,36,11,835.00,"9,185.00"
2020-09-16,2020091601030050,JOSHI,8,46,20,103.00,"2,060.00"
2020-09-16,2020091601030039,JOSHI,8,45,20,103.00,"2,060.00"
2020-09-16,2020091601030038,JOSHI,8,46,20,103.00,"2,060.00"
2020-09-16,2020091601029987,JOSHI,41,45,10,103.00,"1,030.00"
2020-09-16,2020091601029941,JOSHI,35,45,20,102.00,"2,040.00"
2020-09-16,2020091601029656,JOSHI,7,45,10,103.00,"1,030.00"
2020-09-16,2020091601029632,JOSHI,7,26,20,103.00,"2,060.00"
2020-09-16,2020091601029881,KBL,32,7,50,195.00,"9,750.00"
2020-09-16,2020091601029624,KBL,39,39,80,194.00,"15,520.00"
2020-09-16,2020091601029959,KMCDB,49,37,27,760.00,"20,520.00"
2020-09-16,2020091601029958,KMCDB,49,5,10,760.00,"7,600.00"
2020-09-16,2020091601029957,KMCDB,49,7,10,760.00,"7,600.00"
2020-09-16,2020091601029956,KMCDB,49,52,40,760.00,"30,400.00"
2020-09-16,2020091601029782,KMCDB,49,57,10,759.00,"7,590.00"
2020-09-16,2020091601029781,KMCDB,49,52,100,757.00,"75,700.00"
2020-09-16,2020091601029780,KMCDB,49,41,10,756.00,"7,560.00"
2020-09-16,2020091601029779,KMCDB,49,46,120,755.00,"90,600.00"
2020-09-16,2020091601029778,KMCDB,49,49,10,753.00,"7,530.00"
2020-09-16,2020091601029777,KMCDB,49,16,163,753.00,"122,739.00"
2020-09-16,2020091601029741,KMCDB,56,5,10,752.00,"7,520.00"
2020-09-16,2020091601029740,KMCDB,56,11,10,752.00,"7,520.00"
2020-09-16,2020091601029992,KPCL,41,59,80,141.00,"11,280.00"
2020-09-16,2020091601029606,KPCL,56,22,40,141.00,"5,640.00"
2020-09-16,2020091601029605,KPCL,56,49,290,141.00,"40,890.00"
2020-09-16,2020091601029812,KPCL,41,34,10,141.00,"1,410.00"
2020-09-16,2020091601029748,LBBL,57,11,10,184.00,"1,840.00"
2020-09-16,2020091601029603,LBL,48,17,100,236.00,"23,600.00"
2020-09-16,2020091601029742,LGIL,11,6,90,561.00,"50,490.00"
2020-09-16,2020091601030062,LICN,17,22,100,"1,535.00","153,500.00"
2020-09-16,2020091601030085,LLBS,34,32,200,"1,135.00","227,000.00"
2020-09-16,2020091601029651,LLBS,34,16,400,"1,135.00","454,000.00"
2020-09-16,2020091601029650,LLBS,34,43,27,"1,135.00","30,645.00"
2020-09-16,2020091601029649,LLBS,34,22,113,"1,134.00","128,142.00"
2020-09-16,2020091601029648,LLBS,34,26,100,"1,133.00","113,300.00"
2020-09-16,2020091601029647,LLBS,34,16,100,"1,130.00","113,000.00"
2020-09-16,2020091601030054,MBL,33,53,10,227.00,"2,270.00"
2020-09-16,2020091601029945,MBL,32,38,103,226.00,"23,278.00"
2020-09-16,2020091601029944,MBL,45,38,399,226.00,"90,174.00"
2020-09-16,2020091601029661,MBL,43,53,183,227.00,"41,541.00"
2020-09-16,2020091601029660,MBL,43,39,37,227.00,"8,399.00"
2020-09-16,2020091601029659,MBL,43,52,180,227.00,"40,860.00"
2020-09-16,2020091601029653,MBL,32,52,300,227.00,"68,100.00"
2020-09-16,2020091601029766,MDB,6,4,126,363.00,"45,738.00"
2020-09-16,2020091601029765,MDB,43,4,324,363.00,"117,612.00"
2020-09-16,2020091601029880,MERO,35,49,"10,000",725.00,"7,250,000.00"
2020-09-16,2020091601029764,MERO,45,14,369,731.00,"269,739.00"
2020-09-16,2020091601029763,MERO,45,42,50,730.00,"36,500.00"
2020-09-16,2020091601029912,MFIL,42,34,100,299.00,"29,900.00"
2020-09-16,2020091601029891,MHNL,35,35,391,107.00,"41,837.00"
2020-09-16,2020091601030021,MHNL,50,37,580,107.00,"62,060.00"
2020-09-16,2020091601029989,MHNL,50,16,100,107.00,"10,700.00"
2020-09-16,2020091601029893,MHNL,18,35,500,107.00,"53,500.00"
2020-09-16,2020091601029892,MHNL,25,35,100,107.00,"10,700.00"
2020-09-16,2020091601029610,MLBL,44,34,10,198.00,"1,980.00"
2020-09-16,2020091601029946,MNBBL,44,13,50,327.00,"16,350.00"
2020-09-16,2020091601029654,MNBBL,4,45,50,326.00,"16,300.00"
2020-09-16,2020091601029639,MNBBL,4,22,85,326.00,"27,710.00"
2020-09-16,2020091601029638,MNBBL,22,22,15,327.00,"4,905.00"
2020-09-16,2020091601029684,MSMBS,58,46,60,710.00,"42,600.00"
2020-09-16,2020091601029600,MSMBS,14,46,55,704.00,"38,720.00"
2020-09-16,2020091601029599,MSMBS,1,46,89,704.00,"62,656.00"
2020-09-16,2020091601029598,MSMBS,29,46,100,705.00,"70,500.00"
2020-09-16,2020091601029597,MSMBS,56,46,40,705.00,"28,200.00"
2020-09-16,2020091601029596,MSMBS,35,46,100,705.00,"70,500.00"
2020-09-16,2020091601029595,MSMBS,1,46,16,706.00,"11,296.00"
2020-09-16,2020091601030049,NABIL,42,14,100,853.00,"85,300.00"
2020-09-16,2020091601029954,NABIL,34,50,10,854.00,"8,540.00"
2020-09-16,2020091601029940,NABIL,42,17,208,853.00,"177,424.00"
2020-09-16,2020091601029916,NABIL,47,50,20,854.00,"17,080.00"
2020-09-16,2020091601029798,NADEP,42,41,19,739.00,"14,041.00"
2020-09-16,2020091601029797,NADEP,42,26,11,739.00,"8,129.00"
2020-09-16,2020091601030087,NBL,47,17,190,308.00,"58,520.00"
2020-09-16,2020091601029914,NBL,13,45,100,307.00,"30,700.00"
2020-09-16,2020091601029901,NBL,47,17,100,308.00,"30,800.00"
2020-09-16,2020091601029657,NBL,47,17,"2,000",308.00,"616,000.00"
2020-09-16,2020091601029635,NBL,42,17,100,308.00,"30,800.00"
2020-09-16,2020091601029630,NBL,49,17,25,308.00,"7,700.00"
2020-09-16,2020091601029618,NBL,41,17,80,308.00,"24,640.00"
2020-09-16,2020091601029988,NGPL,48,34,11,158.00,"1,738.00"
2020-09-16,2020091601030027,NIB,48,1,938,420.00,"393,960.00"
2020-09-16,2020091601030026,NIB,48,1,62,420.00,"26,040.00"
2020-09-16,2020091601029899,NIB,28,56,143,419.00,"59,917.00"
2020-09-16,2020091601029697,NIB,28,36,49,419.00,"20,531.00"
2020-09-16,2020091601029677,NIB,45,1,100,420.00,"42,000.00"
2020-09-16,2020091601029991,NICA,57,13,280,578.00,"161,840.00"
2020-09-16,2020091601029990,NICA,47,13,11,578.00,"6,358.00"
2020-09-16,2020091601029855,NICA,47,45,30,579.00,"17,370.00"
2020-09-16,2020091601029854,NICA,1,45,10,579.00,"5,790.00"
2020-09-16,2020091601029853,NICA,52,45,200,579.00,"115,800.00"
2020-09-16,2020091601029604,NICGF,26,41,500,9.32,"4,660.00"
2020-09-16,2020091601030079,NICL,50,34,500,577.00,"288,500.00"
2020-09-16,2020091601030072,NICL,50,16,500,577.00,"288,500.00"
2020-09-16,2020091601029984,NICL,21,16,490,577.00,"282,730.00"
2020-09-16,2020091601029903,NICL,21,45,10,577.00,"5,770.00"
2020-09-16,2020091601029783,NICL,26,35,190,576.00,"109,440.00"
2020-09-16,2020091601029754,NICL,55,44,500,578.00,"289,000.00"
2020-09-16,2020091601029716,NICL,26,44,90,578.00,"52,020.00"
2020-09-16,2020091601029715,NICL,26,35,10,578.00,"5,780.00"
2020-09-16,2020091601029714,NICL,26,49,900,578.00,"520,200.00"
2020-09-16,2020091601030078,NIL,38,28,200,832.00,"166,400.00"
2020-09-16,2020091601030056,NIL,10,14,50,833.00,"41,650.00"
2020-09-16,2020091601030055,NIL,10,55,620,833.00,"516,460.00"
2020-09-16,2020091601029947,NIL,36,55,200,833.00,"166,600.00"
2020-09-16,2020091601029685,NIL,14,55,180,833.00,"149,940.00"
2020-09-16,2020091601029679,NIL,14,22,50,833.00,"41,650.00"
2020-09-16,2020091601029678,NIL,14,1,70,833.00,"58,310.00"
2020-09-16,2020091601029629,NIL,6,19,420,831.00,"349,020.00"
2020-09-16,2020091601029628,NIL,17,19,80,832.00,"66,560.00"
2020-09-16,2020091601029625,NIL,18,1,20,833.00,"16,660.00"
2020-09-16,2020091601029834,NLBBL,11,57,50,775.00,"38,750.00"
2020-09-16,2020091601029908,NLIC,59,36,22,"1,401.00","30,822.00"
2020-09-16,2020091601029907,NLIC,59,49,82,"1,401.00","114,882.00"
2020-09-16,2020091601029906,NLIC,29,49,20,"1,401.00","28,020.00"
2020-09-16,2020091601029755,NLIC,28,34,80,"1,402.00","112,160.00"
2020-09-16,2020091601029683,NLIC,18,34,20,"1,402.00","28,040.00"
2020-09-16,2020091601029976,NLICL,32,53,226,780.00,"176,280.00"
2020-09-16,2020091601029743,NLICL,46,45,30,778.00,"23,340.00"
2020-09-16,2020091601029973,NMB,22,34,100,419.00,"41,900.00"
2020-09-16,2020091601029788,NMB,36,34,40,419.00,"16,760.00"
2020-09-16,2020091601029787,NMB,36,58,10,419.00,"4,190.00"
2020-09-16,2020091601030058,NRIC,38,26,30,882.00,"26,460.00"
2020-09-16,2020091601030057,NRIC,1,26,10,882.00,"8,820.00"
2020-09-16,2020091601030024,NRIC,58,53,30,883.00,"26,490.00"
2020-09-16,2020091601029966,NRIC,53,53,200,883.00,"176,600.00"
2020-09-16,2020091601029965,NRIC,11,53,50,883.00,"44,150.00"
2020-09-16,2020091601029910,NRIC,21,53,46,883.00,"40,618.00"
2020-09-16,2020091601029643,NRIC,1,45,30,883.00,"26,490.00"
2020-09-16,2020091601029642,NRIC,1,44,645,883.00,"569,535.00"
2020-09-16,2020091601029623,NRIC,42,44,50,883.00,"44,150.00"
2020-09-16,2020091601029620,NRIC,51,44,30,883.00,"26,490.00"
2020-09-16,2020091601029719,NRIC,38,53,50,883.00,"44,150.00"
2020-09-16,2020091601029694,NRIC,33,48,40,882.00,"35,280.00"
2020-09-16,2020091601029676,NRIC,10,53,150,883.00,"132,450.00"
2020-09-16,2020091601029646,NRIC,1,49,10,883.00,"8,830.00"
2020-09-16,2020091601029645,NRIC,1,25,200,883.00,"176,600.00"
2020-09-16,2020091601029644,NRIC,1,5,10,883.00,"8,830.00"
2020-09-16,2020091601029874,NRIC,33,46,100,882.00,"88,200.00"
2020-09-16,2020091601029873,NRIC,56,46,70,882.00,"61,740.00"
2020-09-16,2020091601029872,NRIC,21,46,140,882.00,"123,480.00"
2020-09-16,2020091601029865,NRIC,21,34,20,882.00,"17,640.00"
2020-09-16,2020091601029801,NRIC,21,26,40,882.00,"35,280.00"
2020-09-16,2020091601029795,NRIC,1,53,25,883.00,"22,075.00"
2020-09-16,2020091601029900,NRIC,1,39,40,882.00,"35,280.00"
2020-09-16,2020091601029879,NRIC,35,46,100,882.00,"88,200.00"
2020-09-16,2020091601029878,NRIC,35,46,100,882.00,"88,200.00"
2020-09-16,2020091601029877,NRIC,39,46,20,882.00,"17,640.00"
2020-09-16,2020091601029876,NRIC,16,46,100,882.00,"88,200.00"
2020-09-16,2020091601029875,NRIC,16,46,20,882.00,"17,640.00"
2020-09-16,2020091601030086,NRN,42,46,10,407.00,"4,070.00"
2020-09-16,2020091601030016,NRN,42,41,10,407.00,"4,070.00"
2020-09-16,2020091601029980,NRN,42,42,10,407.00,"4,070.00"
2020-09-16,2020091601029977,NRN,38,55,100,410.00,"41,000.00"
2020-09-16,2020091601029971,NRN,46,55,270,410.00,"110,700.00"
2020-09-16,2020091601029970,NRN,46,35,10,410.00,"4,100.00"
2020-09-16,2020091601029668,NRN,46,41,10,406.00,"4,060.00"
2020-09-16,2020091601029652,NRN,52,41,10,406.00,"4,060.00"
2020-09-16,2020091601029641,NRN,52,42,10,406.00,"4,060.00"
2020-09-16,2020091601029622,NRN,52,14,10,406.00,"4,060.00"
2020-09-16,2020091601029615,NRN,52,52,10,406.00,"4,060.00"
2020-09-16,2020091601029609,NRN,52,45,10,406.00,"4,060.00"
2020-09-16,2020091601029784,NRN,42,21,10,407.00,"4,070.00"
2020-09-16,2020091601029772,NRN,46,25,10,406.00,"4,060.00"
2020-09-16,2020091601029720,NRN,46,58,10,406.00,"4,060.00"
2020-09-16,2020091601029682,NRN,46,58,10,406.00,"4,060.00"
2020-09-16,2020091601029674,NRN,46,41,10,406.00,"4,060.00"
2020-09-16,2020091601029673,NRN,46,21,10,406.00,"4,060.00"
2020-09-16,2020091601029969,NRN,46,42,10,410.00,"4,100.00"
2020-09-16,2020091601029968,NRN,46,25,30,410.00,"12,300.00"
2020-09-16,2020091601029923,NRN,46,21,10,408.00,"4,080.00"
2020-09-16,2020091601029895,NRN,46,57,10,408.00,"4,080.00"
2020-09-16,2020091601029862,NRN,42,34,10,407.00,"4,070.00"
2020-09-16,2020091601029856,NRN,42,8,10,407.00,"4,070.00"
2020-09-16,2020091601030059,NTC,38,3,25,707.00,"17,675.00"
2020-09-16,2020091601029915,NTC,14,42,50,707.00,"35,350.00"
2020-09-16,2020091601029680,NTC,42,50,200,708.00,"141,600.00"
2020-09-16,2020091601029713,NUBL,53,57,100,979.00,"97,900.00"
2020-09-16,2020091601029591,NUBL,7,56,600,975.00,"585,000.00"
2020-09-16,2020091601030053,OHL,58,35,30,390.00,"11,700.00"
2020-09-16,2020091601030052,OHL,26,35,708,390.00,"276,120.00"
2020-09-16,2020091601030031,OHL,26,42,292,390.00,"113,880.00"
2020-09-16,2020091601030030,OHL,33,42,100,391.00,"39,100.00"
2020-09-16,2020091601030017,OHL,57,17,170,393.00,"66,810.00"
2020-09-16,2020091601029811,OHL,58,17,50,393.00,"19,650.00"
2020-09-16,2020091601029810,OHL,57,17,80,393.00,"31,440.00"
2020-09-16,2020091601029619,OHL,57,59,10,393.00,"3,930.00"
2020-09-16,2020091601029929,PCBL,47,29,42,281.00,"11,802.00"
2020-09-16,2020091601029928,PCBL,25,29,108,281.00,"30,348.00"
2020-09-16,2020091601029693,PCBL,26,50,20,282.00,"5,640.00"
2020-09-16,2020091601029869,PIC,56,26,10,816.00,"8,160.00"
2020-09-16,2020091601029718,PIC,38,19,30,819.00,"24,570.00"
2020-09-16,2020091601030019,PLIC,58,16,12,682.00,"8,184.00"
2020-09-16,2020091601029983,PLIC,32,16,88,682.00,"60,016.00"
2020-09-16,2020091601029832,PLIC,32,44,112,682.00,"76,384.00"
2020-09-16,2020091601029831,PLIC,43,44,300,682.00,"204,600.00"
2020-09-16,2020091601029830,PLIC,34,44,88,682.00,"60,016.00"
2020-09-16,2020091601029724,PLIC,34,10,262,682.00,"178,684.00"
2020-09-16,2020091601029967,PMHPL,22,42,10,105.00,"1,050.00"
2020-09-16,2020091601029863,PMHPL,22,58,10,105.00,"1,050.00"
2020-09-16,2020091601029722,PMHPL,22,41,10,105.00,"1,050.00"
2020-09-16,2020091601030069,PPCL,44,1,20,150.00,"3,000.00"
2020-09-16,2020091601030068,PPCL,44,56,20,150.00,"3,000.00"
2020-09-16,2020091601030067,PPCL,44,6,20,150.00,"3,000.00"
2020-09-16,2020091601030066,PPCL,44,1,20,150.00,"3,000.00"
2020-09-16,2020091601030065,PPCL,44,52,500,150.00,"75,000.00"
2020-09-16,2020091601030064,PPCL,44,40,30,150.00,"4,500.00"
2020-09-16,2020091601029964,PPCL,44,57,50,149.00,"7,450.00"
2020-09-16,2020091601029911,PPCL,44,41,30,147.00,"4,410.00"
2020-09-16,2020091601029932,PRIN,58,44,10,627.00,"6,270.00"
2020-09-16,2020091601029739,PRIN,14,44,200,627.00,"125,400.00"
2020-09-16,2020091601029611,PRVU,1,28,100,228.00,"22,800.00"
2020-09-16,2020091601029692,PRVU,34,19,83,227.00,"18,841.00"
2020-09-16,2020091601029691,PRVU,35,19,300,227.00,"68,100.00"
2020-09-16,2020091601029690,PRVU,16,19,84,227.00,"19,068.00"
2020-09-16,2020091601029689,PRVU,44,19,13,227.00,"2,951.00"
2020-09-16,2020091601029996,RBCL,11,51,10,"11,720.00","117,200.00"
2020-09-16,2020091601029802,RBCL,11,49,10,"11,720.00","117,200.00"
2020-09-16,2020091601029751,RBCLPO,14,49,10,"10,145.00","101,450.00"
2020-09-16,2020091601029963,RHPL,49,39,40,179.00,"7,160.00"
2020-09-16,2020091601029926,RHPL,49,42,20,179.00,"3,580.00"
2020-09-16,2020091601029925,RHPL,49,38,370,179.00,"66,230.00"
2020-09-16,2020091601029887,RHPL,35,38,100,179.00,"17,900.00"
2020-09-16,2020091601029886,RHPL,6,38,90,179.00,"16,110.00"
2020-09-16,2020091601029806,RHPL,6,41,10,179.00,"1,790.00"
2020-09-16,2020091601029790,RHPL,6,39,200,179.00,"35,800.00"
2020-09-16,2020091601029725,RHPL,6,39,300,179.00,"53,700.00"
2020-09-16,2020091601030076,RLI,34,8,10,600.00,"6,000.00"
2020-09-16,2020091601030070,RLI,34,20,10,600.00,"6,000.00"
2020-09-16,2020091601029995,RLI,34,8,10,600.00,"6,000.00"
2020-09-16,2020091601029634,RLI,34,59,10,600.00,"6,000.00"
2020-09-16,2020091601029883,RLI,34,39,10,600.00,"6,000.00"
2020-09-16,2020091601029845,RSDC,38,57,50,577.00,"28,850.00"
2020-09-16,2020091601029752,RSDC,49,57,18,578.00,"10,404.00"
2020-09-16,2020091601029890,SABSL,1,36,11,866.00,"9,526.00"
2020-09-16,2020091601030088,SADBL,58,29,600,144.00,"86,400.00"
2020-09-16,2020091601029750,SANIMA,36,48,100,344.00,"34,400.00"
2020-09-16,2020091601029712,SANIMA,53,48,150,344.00,"51,600.00"
2020-09-16,2020091601030081,SAPDBL,6,36,33,121.00,"3,993.00"
2020-09-16,2020091601029800,SAPDBL,6,19,681,121.00,"82,401.00"
2020-09-16,2020091601029807,SBI,49,39,200,422.00,"84,400.00"
2020-09-16,2020091601029762,SBI,25,55,300,421.00,"126,300.00"
2020-09-16,2020091601029808,SBL,45,7,50,303.00,"15,150.00"
2020-09-16,2020091601029889,SCB,34,56,79,661.00,"52,219.00"
2020-09-16,2020091601029884,SCB,34,45,21,661.00,"13,881.00"
2020-09-16,2020091601029909,SDLBSL,19,46,10,859.00,"8,590.00"
2020-09-16,2020091601030080,SHIVM,10,34,10,721.00,"7,210.00"
2020-09-16,2020091601030048,SHPC,34,32,472,298.00,"140,656.00"
2020-09-16,2020091601029917,SHPC,43,32,100,298.00,"29,800.00"
2020-09-16,2020091601029867,SHPC,33,32,"1,000",298.00,"298,000.00"
2020-09-16,2020091601029803,SHPC,4,32,"2,000",298.00,"596,000.00"
2020-09-16,2020091601029745,SHPC,34,19,"1,000",297.00,"297,000.00"
2020-09-16,2020091601030083,SICL,5,55,30,"1,370.00","41,100.00"
2020-09-16,2020091601030042,SICL,43,7,477,"1,368.00","652,536.00"
2020-09-16,2020091601030041,SICL,56,7,223,"1,368.00","305,064.00"
2020-09-16,2020091601029631,SICL,56,35,77,"1,368.00","105,336.00"
2020-09-16,2020091601030029,SJCL,57,39,20,163.00,"3,260.00"
2020-09-16,2020091601029726,SJCL,57,48,10,163.00,"1,630.00"
2020-09-16,2020091601029592,SJCL,57,35,20,163.00,"3,260.00"
2020-09-16,2020091601030084,SKBBL,10,49,300,"1,376.00","412,800.00"
2020-09-16,2020091601030028,SKBBL,10,49,70,"1,376.00","96,320.00"
2020-09-16,2020091601029981,SLBBL,10,1,50,868.00,"43,400.00"
2020-09-16,2020091601029614,SLBBL,21,1,30,869.00,"26,070.00"
2020-09-16,2020091601030090,SLBS,44,32,10,979.00,"9,790.00"
2020-09-16,2020091601030089,SLBS,36,32,14,979.00,"13,706.00"
2020-09-16,2020091601029938,SLBSL,45,26,13,809.00,"10,517.00"
2020-09-16,2020091601030015,SLICL,50,37,214,640.00,"136,960.00"
2020-09-16,2020091601030014,SLICL,57,37,200,641.00,"128,200.00"
2020-09-16,2020091601030013,SLICL,55,37,950,641.00,"608,950.00"
2020-09-16,2020091601029927,SLICL,49,17,90,643.00,"57,870.00"
2020-09-16,2020091601030071,SMB,16,42,11,853.00,"9,383.00"
2020-09-16,2020091601030010,SMB,56,34,200,853.00,"170,600.00"
2020-09-16,2020091601030009,SMB,37,34,20,853.00,"17,060.00"
2020-09-16,2020091601030008,SMB,41,34,20,853.00,"17,060.00"
2020-09-16,2020091601030007,SMB,52,34,10,853.00,"8,530.00"
2020-09-16,2020091601030006,SMB,50,34,10,853.00,"8,530.00"
2020-09-16,2020091601030005,SMB,48,34,50,854.00,"42,700.00"
2020-09-16,2020091601030004,SMB,52,34,49,854.00,"41,846.00"
2020-09-16,2020091601030003,SMB,21,34,10,854.00,"8,540.00"
2020-09-16,2020091601030002,SMB,41,34,39,855.00,"33,345.00"
2020-09-16,2020091601030001,SMB,55,34,88,860.00,"75,680.00"
2020-09-16,2020091601029978,SMFBS,55,42,10,986.00,"9,860.00"
2020-09-16,2020091601029986,SRBL,58,58,81,233.00,"18,873.00"
2020-09-16,2020091601029985,SRBL,29,58,25,233.00,"5,825.00"
2020-09-16,2020091601029696,SRBL,11,46,100,234.00,"23,400.00"
2020-09-16,2020091601029721,SWBBL,39,11,10,"1,271.00","12,710.00"
2020-09-16,2020091601029711,TMDBL,42,7,20,178.00,"3,560.00"
2020-09-16,2020091601029710,TMDBL,42,40,227,178.00,"40,406.00"
2020-09-16,2020091601030000,UIC,25,57,100,455.00,"45,500.00"
2020-09-16,2020091601029799,UIC,48,57,50,455.00,"22,750.00"
2020-09-16,2020091601029882,UMHL,19,41,14,134.00,"1,876.00"
2020-09-16,2020091601029934,UNHPL,46,41,50,93.00,"4,650.00"
2020-09-16,2020091601029993,UPCL,58,36,40,108.00,"4,320.00"
2020-09-16,2020091601029955,UPCL,58,41,50,108.00,"5,400.00"
2020-09-16,2020091601029827,UPCL,58,43,50,108.00,"5,400.00"
2020-09-16,2020091601029813,UPCL,58,37,50,108.00,"5,400.00"
2020-09-16,2020091601029776,UPCL,58,57,50,108.00,"5,400.00"
2020-09-16,2020091601029744,UPCL,58,4,80,108.00,"8,640.00"
2020-09-16,2020091601029717,UPCL,58,47,50,108.00,"5,400.00"
2020-09-16,2020091601029637,UPCL,58,33,100,108.00,"10,800.00"
2020-09-16,2020091601029636,UPCL,58,22,100,108.00,"10,800.00"
2020-09-16,2020091601029633,UPCL,58,36,10,108.00,"1,080.00"
2020-09-16,2020091601030037,UPPER,50,42,445,261.00,"116,145.00"
2020-09-16,2020091601030036,UPPER,50,6,55,261.00,"14,355.00"
2020-09-16,2020091601030011,UPPER,55,41,50,260.00,"13,000.00"
2020-09-16,2020091601029937,UPPER,42,6,50,261.00,"13,050.00"
2020-09-16,2020091601029670,UPPER,55,29,500,260.00,"130,000.00"
2020-09-16,2020091601029669,UPPER,55,26,50,260.00,"13,000.00"
2020-09-16,2020091601029792,UPPER,47,1,120,262.00,"31,440.00"
2020-09-16,2020091601029791,UPPER,47,56,145,262.00,"37,990.00"
2020-09-16,2020091601029789,UPPER,25,1,120,262.00,"31,440.00"
2020-09-16,2020091601029688,UPPER,18,34,40,261.00,"10,440.00"
2020-09-16,2020091601029672,UPPER,18,13,50,261.00,"13,050.00"
2020-09-16,2020091601029671,UPPER,18,14,15,261.00,"3,915.00"
2020-09-16,2020091601029936,UPPER,38,6,895,261.00,"233,595.00"
2020-09-16,2020091601029866,UPPER,38,33,105,261.00,"27,405.00"
2020-09-16,2020091601029848,UPPER,18,33,95,261.00,"24,795.00"
2020-09-16,2020091601029794,UPPER,47,26,185,262.00,"48,470.00"
2020-09-16,2020091601029793,UPPER,47,29,50,262.00,"13,100.00"
2020-09-16,2020091601030077,USLB,1,44,10,"1,142.00","11,420.00"
2020-09-16,2020091601029847,USLB,25,44,90,"1,142.00","102,780.00"
2020-09-16,2020091601029846,USLB,25,57,10,"1,142.00","11,420.00"
2020-09-16,2020091601029828,VLBS,40,36,100,930.00,"93,000.00"
2020-09-16,2020091601029461,ACLBSL,49,36,10,741.00,"7,410.00"
2020-09-16,2020091601029301,ACLBSL,49,26,10,741.00,"7,410.00"
2020-09-16,2020091601029581,ADBL,14,14,482,430.00,"207,260.00"
2020-09-16,2020091601029580,ADBL,14,1,18,429.00,"7,722.00"
2020-09-16,2020091601029555,ADBL,18,1,20,429.00,"8,580.00"
2020-09-16,2020091601029373,ADBL,29,1,62,429.00,"26,598.00"
2020-09-16,2020091601029372,ADBL,29,29,38,429.00,"16,302.00"
2020-09-16,2020091601029099,ADBL,54,45,95,428.00,"40,660.00"
2020-09-16,2020091601029228,AHPC,58,45,112,162.00,"18,144.00"
2020-09-16,2020091601029586,AIL,13,48,200,524.00,"104,800.00"
2020-09-16,2020091601029549,AIL,13,42,10,524.00,"5,240.00"
2020-09-16,2020091601029544,AIL,56,56,20,525.00,"10,500.00"
2020-09-16,2020091601029481,AIL,36,56,100,525.00,"52,500.00"
2020-09-16,2020091601029479,AIL,13,6,10,524.00,"5,240.00"
2020-09-16,2020091601029306,AIL,8,51,10,524.00,"5,240.00"
2020-09-16,2020091601029219,AIL,8,52,10,524.00,"5,240.00"
2020-09-16,2020091601029559,AKPL,48,45,200,194.00,"38,800.00"
2020-09-16,2020091601029548,AKPL,55,45,60,194.00,"11,640.00"
2020-09-16,2020091601029140,AKPL,16,38,192,194.00,"37,248.00"
2020-09-16,2020091601029105,AKPL,39,35,218,193.00,"42,074.00"
2020-09-16,2020091601029104,AKPL,26,35,250,193.00,"48,250.00"
2020-09-16,2020091601029103,AKPL,59,35,182,193.00,"35,126.00"
2020-09-16,2020091601029174,AKPL,17,45,510,194.00,"98,940.00"
2020-09-16,2020091601029173,AKPL,17,47,245,194.00,"47,530.00"
2020-09-16,2020091601029172,AKPL,17,38,245,194.00,"47,530.00"
2020-09-16,2020091601029512,ALBSL,13,29,17,892.00,"15,164.00"
2020-09-16,2020091601029511,ALBSL,13,16,11,892.00,"9,812.00"
2020-09-16,2020091601029510,ALBSL,13,22,11,885.00,"9,735.00"
2020-09-16,2020091601029509,ALBSL,13,28,130,885.00,"115,050.00"
2020-09-16,2020091601029502,ALBSL,13,19,11,880.00,"9,680.00"
2020-09-16,2020091601029415,ALBSL,13,58,11,878.00,"9,658.00"
2020-09-16,2020091601029366,ALBSL,13,26,156,875.00,"136,500.00"
2020-09-16,2020091601029508,ALBSL,13,36,25,884.00,"22,100.00"
2020-09-16,2020091601029507,ALBSL,13,22,109,884.00,"96,356.00"
2020-09-16,2020091601029506,ALBSL,13,1,44,883.00,"38,852.00"
2020-09-16,2020091601029505,ALBSL,13,6,50,883.00,"44,150.00"
2020-09-16,2020091601029504,ALBSL,13,45,25,882.00,"22,050.00"
2020-09-16,2020091601029503,ALBSL,13,39,11,880.00,"9,680.00"
2020-09-16,2020091601029528,ALICL,55,14,100,760.00,"76,000.00"
2020-09-16,2020091601029516,ALICL,18,46,20,761.00,"15,220.00"
2020-09-16,2020091601029448,ALICL,55,57,100,760.00,"76,000.00"
2020-09-16,2020091601029326,ALICL,25,45,190,760.00,"144,400.00"
2020-09-16,2020091601029268,ALICL,55,41,100,760.00,"76,000.00"
2020-09-16,2020091601029169,ALICL,55,19,500,761.00,"380,500.00"
2020-09-16,2020091601029501,API,35,58,500,156.00,"78,000.00"
2020-09-16,2020091601029500,API,35,39,30,156.00,"4,680.00"
2020-09-16,2020091601029499,API,35,48,20,156.00,"3,120.00"
2020-09-16,2020091601029498,API,35,1,211,156.00,"32,916.00"
2020-09-16,2020091601029497,API,35,19,30,156.00,"4,680.00"
2020-09-16,2020091601029496,API,35,11,100,156.00,"15,600.00"
2020-09-16,2020091601029229,API,19,49,534,156.00,"83,304.00"
2020-09-16,2020091601029145,API,1,49,466,156.00,"72,696.00"
2020-09-16,2020091601029144,API,1,29,34,156.00,"5,304.00"
2020-09-16,2020091601029128,API,26,29,200,156.00,"31,200.00"
2020-09-16,2020091601029253,API,29,39,36,156.00,"5,616.00"
2020-09-16,2020091601029252,API,29,35,30,156.00,"4,680.00"
2020-09-16,2020091601029251,API,29,38,200,156.00,"31,200.00"
2020-09-16,2020091601029250,API,29,36,"1,734",156.00,"270,504.00"
2020-09-16,2020091601029231,API,19,36,266,156.00,"41,496.00"
2020-09-16,2020091601029230,API,19,6,200,156.00,"31,200.00"
2020-09-16,2020091601029402,API,13,35,30,156.00,"4,680.00"
2020-09-16,2020091601029401,API,13,44,500,156.00,"78,000.00"
2020-09-16,2020091601029400,API,13,39,164,156.00,"25,584.00"
2020-09-16,2020091601029259,API,6,39,500,156.00,"78,000.00"
2020-09-16,2020091601029258,API,6,19,500,156.00,"78,000.00"
2020-09-16,2020091601029453,API,38,56,100,156.00,"15,600.00"
2020-09-16,2020091601029452,API,38,34,300,156.00,"46,800.00"
2020-09-16,2020091601029451,API,38,22,744,156.00,"116,064.00"
2020-09-16,2020091601029405,API,13,22,256,156.00,"39,936.00"
2020-09-16,2020091601029404,API,13,45,50,156.00,"7,800.00"
2020-09-16,2020091601029403,API,13,1,"1,000",156.00,"156,000.00"
2020-09-16,2020091601029489,API,35,3,200,156.00,"31,200.00"
2020-09-16,2020091601029488,API,35,28,500,156.00,"78,000.00"
2020-09-16,2020091601029487,API,35,45,44,156.00,"6,864.00"
2020-09-16,2020091601029456,API,38,45,456,156.00,"71,136.00"
2020-09-16,2020091601029455,API,38,42,100,156.00,"15,600.00"
2020-09-16,2020091601029454,API,38,37,300,156.00,"46,800.00"
2020-09-16,2020091601029495,API,35,29,50,156.00,"7,800.00"
2020-09-16,2020091601029494,API,35,56,400,156.00,"62,400.00"
2020-09-16,2020091601029493,API,35,42,50,156.00,"7,800.00"
2020-09-16,2020091601029492,API,35,59,400,156.00,"62,400.00"
2020-09-16,2020091601029491,API,35,41,400,156.00,"62,400.00"
2020-09-16,2020091601029490,API,35,41,500,156.00,"78,000.00"
2020-09-16,2020091601029590,BOKL,18,37,20,248.00,"4,960.00"
2020-09-16,2020091601029387,BOKL,28,37,"3,100",248.00,"768,800.00"
2020-09-16,2020091601029386,BOKL,28,17,900,248.00,"223,200.00"
2020-09-16,2020091601029191,BOKL,4,17,500,248.00,"124,000.00"
2020-09-16,2020091601029190,BOKL,4,41,500,248.00,"124,000.00"
2020-09-16,2020091601029564,BPCL,33,35,10,403.00,"4,030.00"
2020-09-16,2020091601029563,BPCL,33,41,40,403.00,"16,120.00"
2020-09-16,2020091601029561,BPCL,21,41,10,403.00,"4,030.00"
2020-09-16,2020091601029412,BPCL,55,42,80,402.00,"32,160.00"
2020-09-16,2020091601029484,CBBL,6,40,60,"1,119.00","67,140.00"
2020-09-16,2020091601029483,CBBL,6,48,40,"1,119.00","44,760.00"
2020-09-16,2020091601029261,CBBL,42,26,40,"1,116.00","44,640.00"
2020-09-16,2020091601029227,CBBL,52,7,105,"1,115.00","117,075.00"
2020-09-16,2020091601029335,CCBL,16,52,31,172.00,"5,332.00"
2020-09-16,2020091601029334,CCBL,16,22,101,172.00,"17,372.00"
2020-09-16,2020091601029296,CCBL,51,52,260,171.00,"44,460.00"
2020-09-16,2020091601029295,CCBL,26,52,70,171.00,"11,970.00"
2020-09-16,2020091601029411,CHCL,54,6,383,489.00,"187,287.00"
2020-09-16,2020091601029262,CHCL,52,6,200,489.00,"97,800.00"
2020-09-16,2020091601029184,CHCL,6,6,50,489.00,"24,450.00"
2020-09-16,2020091601029110,CHL,29,41,10,123.00,"1,230.00"
2020-09-16,2020091601029527,CIT,44,38,17,"3,399.00","57,783.00"
2020-09-16,2020091601029526,CIT,44,42,20,"3,398.00","67,960.00"
2020-09-16,2020091601029416,CIT,42,38,10,"3,399.00","33,990.00"
2020-09-16,2020091601029293,CIT,38,38,10,"3,399.00","33,990.00"
2020-09-16,2020091601029396,CLBSL,33,29,70,718.00,"50,260.00"
2020-09-16,2020091601029214,CMF1,43,41,500,11.18,"5,590.00"
2020-09-16,2020091601029330,CORBL,42,7,57,131.00,"7,467.00"
2020-09-16,2020091601029329,CORBL,42,42,25,131.00,"3,275.00"
2020-09-16,2020091601029524,CZBIL,49,36,10,194.00,"1,940.00"
2020-09-16,2020091601029463,CZBIL,47,52,61,195.00,"11,895.00"
2020-09-16,2020091601029188,CZBIL,50,52,50,195.00,"9,750.00"
2020-09-16,2020091601029187,CZBIL,8,52,193,195.00,"37,635.00"
2020-09-16,2020091601029541,DDBL,17,25,50,875.00,"43,750.00"
2020-09-16,2020091601029130,EBL,58,1,29,730.00,"21,170.00"
2020-09-16,2020091601029551,EIC,10,55,223,566.00,"126,218.00"
2020-09-16,2020091601029550,EIC,58,55,35,566.00,"19,810.00"
2020-09-16,2020091601029513,EIC,45,58,11,568.00,"6,248.00"
2020-09-16,2020091601029587,FMDBL,1,4,90,590.00,"53,100.00"
2020-09-16,2020091601029558,FMDBL,1,33,111,590.00,"65,490.00"
2020-09-16,2020091601029557,FMDBL,44,33,489,590.00,"288,510.00"
2020-09-16,2020091601029409,FMDBL,44,38,11,590.00,"6,490.00"
2020-09-16,2020091601029577,GBBL,25,1,189,236.00,"44,604.00"
2020-09-16,2020091601029576,GBBL,49,1,500,236.00,"118,000.00"
2020-09-16,2020091601029575,GBBL,47,1,50,236.00,"11,800.00"
2020-09-16,2020091601029574,GBBL,42,1,500,236.00,"118,000.00"
2020-09-16,2020091601029573,GBBL,48,1,100,236.00,"23,600.00"
2020-09-16,2020091601029572,GBBL,14,1,100,236.00,"23,600.00"
2020-09-16,2020091601029571,GBBL,29,1,300,236.00,"70,800.00"
2020-09-16,2020091601029570,GBBL,29,1,141,236.00,"33,276.00"
2020-09-16,2020091601029523,GBBL,47,1,120,237.00,"28,440.00"
2020-09-16,2020091601029565,GBIME,42,44,20,264.00,"5,280.00"
2020-09-16,2020091601029477,GBIME,18,46,11,263.00,"2,893.00"
2020-09-16,2020091601029467,GBIME,35,44,200,264.00,"52,800.00"
2020-09-16,2020091601029449,GBIME,49,44,20,264.00,"5,280.00"
2020-09-16,2020091601029209,GGBSL,25,39,100,817.00,"81,700.00"
2020-09-16,2020091601029393,GRDBL,48,39,100,116.00,"11,600.00"
2020-09-16,2020091601029349,GRDBL,55,52,100,116.00,"11,600.00"
2020-09-16,2020091601029517,HDHPC,59,6,300,100.00,"30,000.00"
2020-09-16,2020091601029473,HDHPC,7,49,100,102.00,"10,200.00"
2020-09-16,2020091601029472,HDHPC,7,54,100,102.00,"10,200.00"
2020-09-16,2020091601029462,HDHPC,59,6,"1,000",100.00,"100,000.00"
2020-09-16,2020091601029399,HDHPC,45,6,"1,000",100.00,"100,000.00"
2020-09-16,2020091601029398,HDHPC,38,6,62,100.00,"6,200.00"
2020-09-16,2020091601029255,HDHPC,26,6,990,101.00,"99,990.00"
2020-09-16,2020091601029193,HDHPC,26,58,10,101.00,"1,010.00"
2020-09-16,2020091601029093,HDHPC,29,28,50,101.00,"5,050.00"
2020-09-16,2020091601029092,HDHPC,29,58,10,101.00,"1,010.00"
2020-09-16,2020091601029091,HDHPC,29,33,50,101.00,"5,050.00"
2020-09-16,2020091601029365,HDHPC,53,54,100,102.00,"10,200.00"
2020-09-16,2020091601029324,HDHPC,38,6,688,100.00,"68,800.00"
2020-09-16,2020091601029323,HDHPC,45,6,500,100.00,"50,000.00"
2020-09-16,2020091601029322,HDHPC,14,6,112,100.00,"11,200.00"
2020-09-16,2020091601029321,HDHPC,53,6,100,101.00,"10,100.00"
2020-09-16,2020091601029256,HDHPC,29,6,"2,000",101.00,"202,000.00"
2020-09-16,2020091601029476,HGI,48,6,20,544.00,"10,880.00"
2020-09-16,2020091601029111,HGI,56,6,10,544.00,"5,440.00"
2020-09-16,2020091601029100,HGI,38,6,50,544.00,"27,200.00"
2020-09-16,2020091601029458,HIDCL,5,21,61,156.00,"9,516.00"
2020-09-16,2020091601029457,HIDCL,5,26,236,156.00,"36,816.00"
2020-09-16,2020091601029371,HIDCL,57,26,500,156.00,"78,000.00"
2020-09-16,2020091601029370,HIDCL,49,26,94,156.00,"14,664.00"
2020-09-16,2020091601029333,HIDCL,49,49,100,156.00,"15,600.00"
2020-09-16,2020091601029292,HIDCL,49,41,61,156.00,"9,516.00"
2020-09-16,2020091601029336,HPPL,52,41,10,190.00,"1,900.00"
2020-09-16,2020091601029102,ICFC,42,29,50,174.00,"8,700.00"
2020-09-16,2020091601029218,ILBS,19,41,10,844.00,"8,440.00"
2020-09-16,2020091601029232,JBBL,58,21,10,170.00,"1,700.00"
2020-09-16,2020091601029553,JFL,48,46,532,173.00,"92,036.00"
2020-09-16,2020091601029552,JFL,6,46,10,174.00,"1,740.00"
2020-09-16,2020091601029414,JOSHI,7,26,20,103.00,"2,060.00"
2020-09-16,2020091601029186,JOSHI,7,3,20,103.00,"2,060.00"
2020-09-16,2020091601029589,KBL,39,38,"1,216",194.00,"235,904.00"
2020-09-16,2020091601029583,KBL,45,7,20,195.00,"3,900.00"
2020-09-16,2020091601029480,KBL,16,7,200,195.00,"39,000.00"
2020-09-16,2020091601029466,KBL,58,7,10,195.00,"1,950.00"
2020-09-16,2020091601029460,KBL,39,44,"2,000",194.00,"388,000.00"
2020-09-16,2020091601029388,KKHC,48,41,10,73.00,730.00
2020-09-16,2020091601029417,KMCDB,32,21,10,751.00,"7,510.00"
2020-09-16,2020091601029185,KMCDB,39,54,25,751.00,"18,775.00"
2020-09-16,2020091601029109,KMCDB,59,54,28,751.00,"21,028.00"
2020-09-16,2020091601029108,KMCDB,53,54,27,752.00,"20,304.00"
2020-09-16,2020091601029464,KPCL,41,56,10,140.00,"1,400.00"
2020-09-16,2020091601029181,KPCL,22,59,"1,000",140.00,"140,000.00"
2020-09-16,2020091601029180,KPCL,36,59,460,140.00,"64,400.00"
2020-09-16,2020091601029316,KPCL,45,59,10,140.00,"1,400.00"
2020-09-16,2020091601029450,KPCL,22,41,10,139.00,"1,390.00"
2020-09-16,2020091601029305,KRBL,34,57,269,105.00,"28,245.00"
2020-09-16,2020091601029478,LBBL,16,4,212,183.00,"38,796.00"
2020-09-16,2020091601029425,LICN,17,7,100,"1,535.00","153,500.00"
2020-09-16,2020091601029337,LLBS,19,16,50,"1,125.00","56,250.00"
2020-09-16,2020091601029129,LUK,36,57,100,9.26,926.00
2020-09-16,2020091601029113,MEGA,16,8,70,221.00,"15,470.00"
2020-09-16,2020091601029179,MERO,49,14,84,731.00,"61,404.00"
2020-09-16,2020091601029178,MERO,49,43,22,731.00,"16,082.00"
2020-09-16,2020091601029514,MHNL,35,41,30,107.00,"3,210.00"
2020-09-16,2020091601029465,MHNL,35,1,30,107.00,"3,210.00"
2020-09-16,2020091601029521,MLBBL,33,14,50,780.00,"39,000.00"
2020-09-16,2020091601029361,MLBL,10,1,105,197.00,"20,685.00"
2020-09-16,2020091601029375,MNBBL,4,1,182,326.00,"59,332.00"
2020-09-16,2020091601029374,MNBBL,45,1,300,326.00,"97,800.00"
2020-09-16,2020091601029304,MNBBL,29,1,500,327.00,"163,500.00"
2020-09-16,2020091601029303,MNBBL,26,1,18,327.00,"5,886.00"
2020-09-16,2020091601029533,NABIL,42,43,18,853.00,"15,354.00"
2020-09-16,2020091601029515,NABIL,47,50,50,854.00,"42,700.00"
2020-09-16,2020091601029300,NABIL,32,50,50,854.00,"42,700.00"
2020-09-16,2020091601029297,NABIL,13,50,50,854.00,"42,700.00"
2020-09-16,2020091601029546,NADEP,45,57,23,738.00,"16,974.00"
2020-09-16,2020091601029408,NADEP,10,32,155,734.00,"113,770.00"
2020-09-16,2020091601029407,NADEP,6,32,10,734.00,"7,340.00"
2020-09-16,2020091601029406,NADEP,45,32,35,734.00,"25,690.00"
2020-09-16,2020091601029338,NBL,49,17,25,308.00,"7,700.00"
2020-09-16,2020091601029235,NBL,21,17,400,308.00,"123,200.00"
2020-09-16,2020091601029217,NBL,13,19,335,307.00,"102,845.00"
2020-09-16,2020091601029216,NBL,57,19,50,307.00,"15,350.00"
2020-09-16,2020091601029215,NBL,32,19,619,307.00,"190,033.00"
2020-09-16,2020091601029545,NGPL,48,41,11,158.00,"1,738.00"
2020-09-16,2020091601029395,NHDL,42,39,10,196.00,"1,960.00"
2020-09-16,2020091601029392,NHDL,42,36,10,196.00,"1,960.00"
2020-09-16,2020091601029391,NHDL,42,44,40,196.00,"7,840.00"
2020-09-16,2020091601029390,NHDL,42,36,10,195.00,"1,950.00"
2020-09-16,2020091601029389,NHDL,42,32,10,194.00,"1,940.00"
2020-09-16,2020091601029579,NIB,34,1,500,420.00,"210,000.00"
2020-09-16,2020091601029519,NIB,28,52,49,419.00,"20,531.00"
2020-09-16,2020091601029299,NIB,58,1,100,420.00,"42,000.00"
2020-09-16,2020091601029542,NICA,41,51,100,580.00,"58,000.00"
2020-09-16,2020091601029446,NICL,6,49,100,578.00,"57,800.00"
2020-09-16,2020091601029445,NICL,6,50,300,578.00,"173,400.00"
2020-09-16,2020091601029444,NICL,6,25,300,578.00,"173,400.00"
2020-09-16,2020091601029443,NICL,6,5,100,578.00,"57,800.00"
2020-09-16,2020091601029436,NICL,6,51,198,577.00,"114,246.00"
2020-09-16,2020091601029435,NICL,6,6,490,577.00,"282,730.00"
2020-09-16,2020091601029234,NICL,21,6,10,577.00,"5,770.00"
2020-09-16,2020091601029442,NICL,6,6,30,578.00,"17,340.00"
2020-09-16,2020091601029441,NICL,6,42,155,577.00,"89,435.00"
2020-09-16,2020091601029440,NICL,6,59,"2,380",577.00,"1,373,260.00"
2020-09-16,2020091601029439,NICL,6,38,100,577.00,"57,700.00"
2020-09-16,2020091601029438,NICL,6,26,50,577.00,"28,850.00"
2020-09-16,2020091601029437,NICL,6,26,797,577.00,"459,869.00"
2020-09-16,2020091601029556,NIL,6,38,100,831.00,"83,100.00"
2020-09-16,2020091601029532,NIL,45,1,"1,350",833.00,"1,124,550.00"
2020-09-16,2020091601029531,NIL,45,5,350,832.00,"291,200.00"
2020-09-16,2020091601029447,NIL,14,5,100,832.00,"83,200.00"
2020-09-16,2020091601029177,NLBBL,45,39,74,775.00,"57,350.00"
2020-09-16,2020091601029176,NLBBL,45,57,200,774.00,"154,800.00"
2020-09-16,2020091601029127,NLG,45,34,125,770.00,"96,250.00"
2020-09-16,2020091601029126,NLG,45,33,"1,212",770.00,"933,240.00"
2020-09-16,2020091601029119,NLG,45,45,15,768.00,"11,520.00"
2020-09-16,2020091601029118,NLG,45,19,50,767.00,"38,350.00"
2020-09-16,2020091601029125,NLG,45,33,317,770.00,"244,090.00"
2020-09-16,2020091601029124,NLG,45,19,50,769.00,"38,450.00"
2020-09-16,2020091601029123,NLG,45,19,100,769.00,"76,900.00"
2020-09-16,2020091601029122,NLG,45,41,20,769.00,"15,380.00"
2020-09-16,2020091601029121,NLG,45,32,100,769.00,"76,900.00"
2020-09-16,2020091601029120,NLG,45,34,11,768.00,"8,448.00"
2020-09-16,2020091601029534,NLIC,47,34,200,"1,405.00","281,000.00"
2020-09-16,2020091601029431,NLIC,47,34,41,"1,405.00","57,605.00"
2020-09-16,2020091601029430,NLIC,47,53,10,"1,405.00","14,050.00"
2020-09-16,2020091601029429,NLIC,47,45,100,"1,405.00","140,500.00"
2020-09-16,2020091601029428,NLIC,47,39,49,"1,405.00","68,845.00"
2020-09-16,2020091601029269,NLIC,59,17,26,"1,400.00","36,400.00"
2020-09-16,2020091601029213,NLIC,47,39,51,"1,405.00","71,655.00"
2020-09-16,2020091601029212,NLIC,47,47,32,"1,405.00","44,960.00"
2020-09-16,2020091601029211,NLIC,47,35,17,"1,404.00","23,868.00"
2020-09-16,2020091601029096,NLIC,47,28,8,"1,404.00","11,232.00"
2020-09-16,2020091601029095,NLIC,47,4,22,"1,404.00","30,888.00"
2020-09-16,2020091601029094,NLIC,47,50,40,"1,404.00","56,160.00"
2020-09-16,2020091601029569,NLICL,52,44,20,780.00,"15,600.00"
2020-09-16,2020091601029568,NLICL,52,54,80,780.00,"62,400.00"
2020-09-16,2020091601029226,NLICL,55,54,20,780.00,"15,600.00"
2020-09-16,2020091601029317,NMB,19,56,12,418.00,"5,016.00"
2020-09-16,2020091601029238,NMB,19,45,90,418.00,"37,620.00"
2020-09-16,2020091601029237,NMB,44,45,100,418.00,"41,800.00"
2020-09-16,2020091601029236,NMB,38,45,140,418.00,"58,520.00"
2020-09-16,2020091601029319,NRIC,33,45,40,882.00,"35,280.00"
2020-09-16,2020091601029249,NRIC,1,44,25,883.00,"22,075.00"
2020-09-16,2020091601029247,NRIC,33,33,160,882.00,"141,120.00"
2020-09-16,2020091601029246,NRIC,4,33,15,882.00,"13,230.00"
2020-09-16,2020091601029245,NRIC,35,33,245,882.00,"216,090.00"
2020-09-16,2020091601029244,NRIC,32,33,10,882.00,"8,820.00"
2020-09-16,2020091601029107,NRIC,49,59,20,883.00,"17,660.00"
2020-09-16,2020091601029098,NRIC,57,59,30,883.00,"26,490.00"
2020-09-16,2020091601029243,NRIC,19,33,10,882.00,"8,820.00"
2020-09-16,2020091601029242,NRIC,22,33,10,882.00,"8,820.00"
2020-09-16,2020091601029221,NRIC,35,44,200,883.00,"176,600.00"
2020-09-16,2020091601029170,NRIC,7,44,50,883.00,"44,150.00"
2020-09-16,2020091601029142,NRIC,7,42,40,883.00,"35,320.00"
2020-09-16,2020091601029141,NRIC,7,59,30,883.00,"26,490.00"
2020-09-16,2020091601029518,NRN,52,10,10,406.00,"4,060.00"
2020-09-16,2020091601029486,NRN,52,39,10,406.00,"4,060.00"
2020-09-16,2020091601029485,NRN,6,52,10,409.00,"4,090.00"
2020-09-16,2020091601029394,NRN,52,52,10,407.00,"4,070.00"
2020-09-16,2020091601029377,NRN,52,14,10,406.00,"4,060.00"
2020-09-16,2020091601029368,NRN,52,10,10,406.00,"4,060.00"
2020-09-16,2020091601029189,NRN,52,52,10,407.00,"4,070.00"
2020-09-16,2020091601029167,NRN,52,19,10,406.00,"4,060.00"
2020-09-16,2020091601029474,NTC,58,50,10,708.00,"7,080.00"
2020-09-16,2020091601029352,NTC,18,50,20,708.00,"14,160.00"
2020-09-16,2020091601029535,OHL,57,16,10,393.00,"3,930.00"
2020-09-16,2020091601029351,OHL,5,42,74,386.00,"28,564.00"
2020-09-16,2020091601029332,OHL,21,42,30,386.00,"11,580.00"
2020-09-16,2020091601029315,OHL,45,42,500,386.00,"193,000.00"
2020-09-16,2020091601029314,OHL,58,42,500,386.00,"193,000.00"
2020-09-16,2020091601029200,OHL,21,42,100,387.00,"38,700.00"
2020-09-16,2020091601029199,OHL,3,42,150,391.00,"58,650.00"
2020-09-16,2020091601029198,OHL,5,42,200,392.00,"78,400.00"
2020-09-16,2020091601029197,OHL,10,42,20,392.00,"7,840.00"
2020-09-16,2020091601029196,OHL,57,42,100,393.00,"39,300.00"
2020-09-16,2020091601029195,OHL,49,42,200,393.00,"78,600.00"
2020-09-16,2020091601029210,OHL,21,42,300,386.00,"115,800.00"
2020-09-16,2020091601029204,OHL,16,42,"1,000",386.00,"386,000.00"
2020-09-16,2020091601029203,OHL,4,42,50,386.00,"19,300.00"
2020-09-16,2020091601029202,OHL,58,42,10,386.00,"3,860.00"
2020-09-16,2020091601029201,OHL,45,42,20,386.00,"7,720.00"
2020-09-16,2020091601029290,OHL,38,42,30,386.00,"11,580.00"
2020-09-16,2020091601029270,OHL,45,42,400,386.00,"154,400.00"
2020-09-16,2020091601029540,PCBL,42,50,21,282.00,"5,922.00"
2020-09-16,2020091601029539,PCBL,42,6,34,282.00,"9,588.00"
2020-09-16,2020091601029410,PCBL,25,49,142,281.00,"39,902.00"
2020-09-16,2020091601029354,PCBL,55,6,50,282.00,"14,100.00"
2020-09-16,2020091601029298,PCBL,47,6,120,282.00,"33,840.00"
2020-09-16,2020091601029133,PCBL,29,29,9,277.00,"2,493.00"
2020-09-16,2020091601029289,PIC,6,38,59,820.00,"48,380.00"
2020-09-16,2020091601029288,PIC,6,45,104,820.00,"85,280.00"
2020-09-16,2020091601029287,PIC,6,11,500,819.00,"409,500.00"
2020-09-16,2020091601029286,PIC,6,41,20,819.00,"16,380.00"
2020-09-16,2020091601029285,PIC,6,33,"1,000",819.00,"819,000.00"
2020-09-16,2020091601029284,PIC,6,19,300,819.00,"245,700.00"
2020-09-16,2020091601029277,PIC,6,58,20,816.00,"16,320.00"
2020-09-16,2020091601029276,PIC,6,35,500,816.00,"408,000.00"
2020-09-16,2020091601029275,PIC,6,44,40,815.00,"32,600.00"
2020-09-16,2020091601029274,PIC,6,45,11,814.00,"8,954.00"
2020-09-16,2020091601029273,PIC,6,28,700,814.00,"569,800.00"
2020-09-16,2020091601029283,PIC,6,41,102,819.00,"83,538.00"
2020-09-16,2020091601029282,PIC,6,33,300,819.00,"245,700.00"
2020-09-16,2020091601029281,PIC,6,39,500,818.00,"409,000.00"
2020-09-16,2020091601029280,PIC,6,52,600,818.00,"490,800.00"
2020-09-16,2020091601029279,PIC,6,14,144,818.00,"117,792.00"
2020-09-16,2020091601029278,PIC,6,7,100,818.00,"81,800.00"
2020-09-16,2020091601029536,PICL,34,25,200,570.00,"114,000.00"
2020-09-16,2020091601029359,PICL,34,50,90,570.00,"51,300.00"
2020-09-16,2020091601029358,PICL,55,50,72,570.00,"41,040.00"
2020-09-16,2020091601029588,PLIC,34,7,200,682.00,"136,400.00"
2020-09-16,2020091601029426,PLIC,32,22,100,683.00,"68,300.00"
2020-09-16,2020091601029525,PRIN,43,50,50,625.00,"31,250.00"
2020-09-16,2020091601029427,PRIN,36,44,100,627.00,"62,700.00"
2020-09-16,2020091601029413,PRIN,6,36,327,626.00,"204,702.00"
2020-09-16,2020091601029239,PRIN,6,4,53,626.00,"33,178.00"
2020-09-16,2020091601029117,PRIN,6,36,620,626.00,"388,120.00"
2020-09-16,2020091601029116,PRIN,38,36,50,626.00,"31,300.00"
2020-09-16,2020091601029115,PRIN,55,36,100,626.00,"62,600.00"
2020-09-16,2020091601029114,PRIN,3,36,130,626.00,"81,380.00"
2020-09-16,2020091601029302,PRVU,38,28,100,228.00,"22,800.00"
2020-09-16,2020091601029263,PRVU,13,40,39,227.00,"8,853.00"
2020-09-16,2020091601029267,PRVU,44,40,87,227.00,"19,749.00"
2020-09-16,2020091601029266,PRVU,59,40,500,227.00,"113,500.00"
2020-09-16,2020091601029265,PRVU,10,40,184,227.00,"41,768.00"
2020-09-16,2020091601029264,PRVU,54,40,100,227.00,"22,700.00"
2020-09-16,2020091601029112,RHPC,37,52,144,129.00,"18,576.00"
2020-09-16,2020091601029360,RHPL,6,44,400,179.00,"71,600.00"
2020-09-16,2020091601029260,RHPL,11,44,100,179.00,"17,900.00"
2020-09-16,2020091601029325,RLFL,53,45,100,132.00,"13,200.00"
2020-09-16,2020091601029520,RLI,34,39,10,600.00,"6,000.00"
2020-09-16,2020091601029134,RLI,34,58,10,600.00,"6,000.00"
2020-09-16,2020091601029562,RMDC,25,46,200,862.00,"172,400.00"
2020-09-16,2020091601029225,RMDC,50,29,50,861.00,"43,050.00"
2020-09-16,2020091601029397,RRHP,50,52,140,136.00,"19,040.00"
2020-09-16,2020091601029327,RRHP,50,47,200,136.00,"27,200.00"
2020-09-16,2020091601029567,RSDC,32,42,100,578.00,"57,800.00"
2020-09-16,2020091601029566,RSDC,32,19,92,578.00,"53,176.00"
2020-09-16,2020091601029208,RSDC,56,19,10,578.00,"5,780.00"
2020-09-16,2020091601029207,RSDC,56,22,320,578.00,"184,960.00"
2020-09-16,2020091601029206,RSDC,56,4,50,577.00,"28,850.00"
2020-09-16,2020091601029205,RSDC,56,25,120,576.00,"69,120.00"
2020-09-16,2020091601029582,SABSL,42,17,13,867.00,"11,271.00"
2020-09-16,2020091601029254,SAEF,51,28,"10,000",10.30,"103,000.00"
2020-09-16,2020091601029339,SANIMA,52,39,200,343.00,"68,600.00"
2020-09-16,2020091601029308,SBI,39,39,200,422.00,"84,400.00"
2020-09-16,2020091601029307,SBI,14,39,160,422.00,"67,520.00"
2020-09-16,2020091601029233,SBI,14,58,200,422.00,"84,400.00"
2020-09-16,2020091601029139,SBI,14,58,140,422.00,"59,080.00"
2020-09-16,2020091601029138,SBI,43,58,50,423.00,"21,150.00"
2020-09-16,2020091601029137,SBI,49,58,126,423.00,"53,298.00"
2020-09-16,2020091601029313,SDLBSL,6,48,50,858.00,"42,900.00"
2020-09-16,2020091601029312,SDLBSL,4,48,10,858.00,"8,580.00"
2020-09-16,2020091601029311,SDLBSL,32,48,50,859.00,"42,950.00"
2020-09-16,2020091601029257,SDLBSL,4,51,10,858.00,"8,580.00"
2020-09-16,2020091601029143,SDLBSL,4,3,10,858.00,"8,580.00"
2020-09-16,2020091601029381,SFCL,26,38,370,113.00,"41,810.00"
2020-09-16,2020091601029380,SFCL,26,45,100,113.00,"11,300.00"
2020-09-16,2020091601029379,SFCL,26,10,190,113.00,"21,470.00"
2020-09-16,2020091601029378,SFCL,26,45,340,113.00,"38,420.00"
2020-09-16,2020091601029222,SHINE,47,51,78,240.00,"18,720.00"
2020-09-16,2020091601029310,SHIVM,49,47,400,720.00,"288,000.00"
2020-09-16,2020091601029309,SHIVM,5,47,100,720.00,"72,000.00"
2020-09-16,2020091601029271,SHIVM,49,35,"3,000",720.00,"2,160,000.00"
2020-09-16,2020091601029106,SHIVM,44,38,50,720.00,"36,000.00"
2020-09-16,2020091601029554,SHL,58,44,600,180.00,"108,000.00"
2020-09-16,2020091601029471,SHPC,6,11,500,297.00,"148,500.00"
2020-09-16,2020091601029470,SHPC,6,38,500,297.00,"148,500.00"
2020-09-16,2020091601029469,SHPC,6,49,85,296.00,"25,160.00"
2020-09-16,2020091601029294,SHPC,5,49,300,296.00,"88,800.00"
2020-09-16,2020091601029168,SHPC,39,49,100,296.00,"29,600.00"
2020-09-16,2020091601029131,SHPC,54,49,"2,000",296.00,"592,000.00"
2020-09-16,2020091601029194,SICL,56,35,200,"1,369.00","273,800.00"
2020-09-16,2020091601029529,SIL,44,44,300,781.00,"234,300.00"
2020-09-16,2020091601029328,SIL,44,58,988,776.00,"766,688.00"
2020-09-16,2020091601029357,SJCL,57,44,245,163.00,"39,935.00"
2020-09-16,2020091601029356,SJCL,3,44,200,163.00,"32,600.00"
2020-09-16,2020091601029355,SJCL,25,44,35,163.00,"5,705.00"
2020-09-16,2020091601029224,SJCL,25,44,65,163.00,"10,595.00"
2020-09-16,2020091601029223,SJCL,14,44,85,163.00,"13,855.00"
2020-09-16,2020091601029183,SJCL,14,54,15,163.00,"2,445.00"
2020-09-16,2020091601029182,SJCL,14,54,195,163.00,"31,785.00"
2020-09-16,2020091601029132,SJCL,14,40,20,163.00,"3,260.00"
2020-09-16,2020091601029585,SLBBL,10,49,113,868.00,"98,084.00"
2020-09-16,2020091601029320,SLBSL,58,49,178,810.00,"144,180.00"
2020-09-16,2020091601029578,SLICL,44,37,15,644.00,"9,660.00"
2020-09-16,2020091601029538,SLICL,55,26,50,641.00,"32,050.00"
2020-09-16,2020091601029537,SLICL,48,26,50,641.00,"32,050.00"
2020-09-16,2020091601029475,SLICL,32,37,50,644.00,"32,200.00"
2020-09-16,2020091601029350,SLICL,44,37,15,644.00,"9,660.00"
2020-09-16,2020091601029318,SLICL,51,45,100,641.00,"64,100.00"
2020-09-16,2020091601029150,SLICL,6,1,967,642.00,"620,814.00"
2020-09-16,2020091601029149,SLICL,6,55,211,641.00,"135,251.00"
2020-09-16,2020091601029148,SLICL,6,25,527,641.00,"337,807.00"
2020-09-16,2020091601029147,SLICL,6,49,15,641.00,"9,615.00"
2020-09-16,2020091601029146,SLICL,6,52,20,641.00,"12,820.00"
2020-09-16,2020091601029156,SLICL,6,7,150,642.00,"96,300.00"
2020-09-16,2020091601029155,SLICL,6,57,50,642.00,"32,100.00"
2020-09-16,2020091601029154,SLICL,6,49,205,642.00,"131,610.00"
2020-09-16,2020091601029153,SLICL,6,57,296,642.00,"190,032.00"
2020-09-16,2020091601029152,SLICL,6,33,100,642.00,"64,200.00"
2020-09-16,2020091601029151,SLICL,6,26,100,642.00,"64,200.00"
2020-09-16,2020091601029162,SLICL,6,17,50,643.00,"32,150.00"
2020-09-16,2020091601029161,SLICL,6,42,200,643.00,"128,600.00"
2020-09-16,2020091601029160,SLICL,6,19,300,643.00,"192,900.00"
2020-09-16,2020091601029159,SLICL,6,1,400,643.00,"257,200.00"
2020-09-16,2020091601029158,SLICL,6,25,300,643.00,"192,900.00"
2020-09-16,2020091601029157,SLICL,6,45,650,642.00,"417,300.00"
2020-09-16,2020091601029248,SLICL,51,42,200,641.00,"128,200.00"
2020-09-16,2020091601029175,SLICL,51,38,200,641.00,"128,200.00"
2020-09-16,2020091601029166,SLICL,6,37,89,644.00,"57,316.00"
2020-09-16,2020091601029165,SLICL,6,47,120,643.00,"77,160.00"
2020-09-16,2020091601029164,SLICL,6,57,200,643.00,"128,600.00"
2020-09-16,2020091601029163,SLICL,6,43,50,643.00,"32,150.00"
2020-09-16,2020091601029240,SMB,41,3,11,855.00,"9,405.00"
2020-09-16,2020091601029547,SRBL,58,46,16,234.00,"3,744.00"
2020-09-16,2020091601029272,SRBL,29,56,16,233.00,"3,728.00"
2020-09-16,2020091601029385,STC,17,28,100,"3,295.00","329,500.00"
2020-09-16,2020091601029384,STC,17,28,50,"3,296.00","164,800.00"
2020-09-16,2020091601029383,STC,59,28,10,"3,297.00","32,970.00"
2020-09-16,2020091601029382,STC,55,28,20,"3,300.00","66,000.00"
2020-09-16,2020091601029220,UIC,38,16,50,456.00,"22,800.00"
2020-09-16,2020091601029468,UNHPL,46,55,100,93.00,"9,300.00"
2020-09-16,2020091601029482,UPCL,58,37,50,108.00,"5,400.00"
2020-09-16,2020091601029434,UPCL,58,29,799,108.00,"86,292.00"
2020-09-16,2020091601029433,UPCL,44,29,201,108.00,"21,708.00"
2020-09-16,2020091601029376,UPCL,44,44,299,108.00,"32,292.00"
2020-09-16,2020091601029369,UPCL,57,44,"1,000",108.00,"108,000.00"
2020-09-16,2020091601029348,UPCL,41,44,"1,890",108.00,"204,120.00"
2020-09-16,2020091601029341,UPCL,45,44,"1,000",108.00,"108,000.00"
2020-09-16,2020091601029340,UPCL,25,44,100,108.00,"10,800.00"
2020-09-16,2020091601029331,UPCL,25,1,50,108.00,"5,400.00"
2020-09-16,2020091601029241,UPCL,25,4,150,108.00,"16,200.00"
2020-09-16,2020091601029171,UPCL,25,49,"1,000",108.00,"108,000.00"
2020-09-16,2020091601029347,UPCL,49,44,"1,000",108.00,"108,000.00"
2020-09-16,2020091601029346,UPCL,26,44,500,108.00,"54,000.00"
2020-09-16,2020091601029345,UPCL,6,44,"3,311",108.00,"357,588.00"
2020-09-16,2020091601029344,UPCL,29,44,200,108.00,"21,600.00"
2020-09-16,2020091601029343,UPCL,57,44,200,108.00,"21,600.00"
2020-09-16,2020091601029342,UPCL,6,44,500,108.00,"54,000.00"
2020-09-16,2020091601029584,UPPER,55,19,40,260.00,"10,400.00"
2020-09-16,2020091601029543,UPPER,55,19,50,260.00,"13,000.00"
2020-09-16,2020091601029530,UPPER,6,14,"2,000",261.00,"522,000.00"
2020-09-16,2020091601029522,UPPER,55,21,47,260.00,"12,220.00"
2020-09-16,2020091601029136,UPPER,56,6,"1,175",261.00,"306,675.00"
2020-09-16,2020091601029135,UPPER,56,44,325,261.00,"84,825.00"
2020-09-16,2020091601029101,UPPER,55,19,40,260.00,"10,400.00"
2020-09-16,2020091601029097,UPPER,35,44,50,261.00,"13,050.00"
2020-09-16,2020091601029363,UPPER,50,38,435,261.00,"113,535.00"
2020-09-16,2020091601029362,UPPER,50,6,65,261.00,"16,965.00"
2020-09-16,2020091601029353,UPPER,55,11,200,260.00,"52,000.00"
2020-09-16,2020091601029291,UPPER,55,19,40,260.00,"10,400.00"
2020-09-16,2020091601029192,UPPER,55,19,40,260.00,"10,400.00"
2020-09-16,2020091601029421,UPPER,25,11,100,261.00,"26,100.00"
2020-09-16,2020091601029420,UPPER,25,14,500,261.00,"130,500.00"
2020-09-16,2020091601029419,UPPER,25,16,50,261.00,"13,050.00"
2020-09-16,2020091601029418,UPPER,25,38,565,261.00,"147,465.00"
2020-09-16,2020091601029367,UPPER,55,26,40,260.00,"10,400.00"
2020-09-16,2020091601029364,UPPER,55,19,40,260.00,"10,400.00"
2020-09-16,2020091601029459,UPPER,55,19,40,260.00,"10,400.00"
2020-09-16,2020091601029432,UPPER,55,40,40,260.00,"10,400.00"
2020-09-16,2020091601029424,UPPER,25,14,35,261.00,"9,135.00"
2020-09-16,2020091601029423,UPPER,25,57,200,261.00,"52,200.00"
2020-09-16,2020091601029422,UPPER,25,25,50,261.00,"13,050.00"
2020-09-16,2020091601029560,VLBS,45,45,53,926.00,"49,078.00"
2020-09-16,2020091601029046,ACLBSL,49,45,38,741.00,"28,158.00"
2020-09-16,2020091601029045,ACLBSL,45,45,14,742.00,"10,388.00"
2020-09-16,2020091601029034,ACLBSL,45,49,10,742.00,"7,420.00"
2020-09-16,2020091601028844,ACLBSL,16,48,50,745.00,"37,250.00"
2020-09-16,2020091601028996,ADBL,54,7,32,428.00,"13,696.00"
2020-09-16,2020091601028719,ADBL,54,42,373,428.00,"159,644.00"
2020-09-16,2020091601029055,AHPC,58,19,200,162.00,"32,400.00"
2020-09-16,2020091601029059,AIL,8,43,10,524.00,"5,240.00"
2020-09-16,2020091601028927,AIL,8,57,10,524.00,"5,240.00"
2020-09-16,2020091601028883,AIL,8,42,10,524.00,"5,240.00"
2020-09-16,2020091601028835,AIL,8,1,10,524.00,"5,240.00"
2020-09-16,2020091601028781,AIL,8,39,10,524.00,"5,240.00"
2020-09-16,2020091601028699,AIL,8,1,20,524.00,"10,480.00"
2020-09-16,2020091601028689,AIL,8,41,10,524.00,"5,240.00"
2020-09-16,2020091601028765,AKPL,59,48,200,193.00,"38,600.00"
2020-09-16,2020091601028761,AKPL,58,38,35,194.00,"6,790.00"
2020-09-16,2020091601028603,AKPL,59,41,"1,118",193.00,"215,774.00"
2020-09-16,2020091601028602,AKPL,39,41,"1,000",193.00,"193,000.00"
2020-09-16,2020091601028601,AKPL,45,41,"2,882",193.00,"556,226.00"
2020-09-16,2020091601029056,API,35,41,18,155.00,"2,790.00"
2020-09-16,2020091601029038,API,35,57,200,155.00,"31,000.00"
2020-09-16,2020091601029026,API,6,58,50,155.00,"7,750.00"
2020-09-16,2020091601029025,API,6,1,300,155.00,"46,500.00"
2020-09-16,2020091601028607,API,17,37,140,154.00,"21,560.00"
2020-09-16,2020091601028606,API,39,37,360,154.00,"55,440.00"
2020-09-16,2020091601028727,API,40,34,150,155.00,"23,250.00"
2020-09-16,2020091601028726,API,40,57,100,155.00,"15,500.00"
2020-09-16,2020091601028725,API,40,42,30,155.00,"4,650.00"
2020-09-16,2020091601028724,API,40,49,650,155.00,"100,750.00"
2020-09-16,2020091601028640,API,41,49,350,155.00,"54,250.00"
2020-09-16,2020091601028639,API,41,52,150,155.00,"23,250.00"
2020-09-16,2020091601028943,BARUN,51,7,"3,000",132.00,"396,000.00"
2020-09-16,2020091601028942,BARUN,51,7,100,132.00,"13,200.00"
2020-09-16,2020091601028941,BARUN,28,7,"1,610",132.00,"212,520.00"
2020-09-16,2020091601028940,BARUN,33,7,50,132.00,"6,600.00"
2020-09-16,2020091601028939,BARUN,55,7,"1,640",132.00,"216,480.00"
2020-09-16,2020091601028788,BOKL,32,47,41,247.00,"10,127.00"
2020-09-16,2020091601028787,BOKL,45,47,59,247.00,"14,573.00"
2020-09-16,2020091601028627,BOKL,45,28,73,247.00,"18,031.00"
2020-09-16,2020091601028626,BOKL,53,28,109,248.00,"27,032.00"
2020-09-16,2020091601028608,BOKL,53,29,891,248.00,"220,968.00"
2020-09-16,2020091601029078,BPCL,55,41,24,402.00,"9,648.00"
2020-09-16,2020091601028913,BPCL,55,25,"1,202",402.00,"483,204.00"
2020-09-16,2020091601028912,BPCL,46,25,182,402.00,"73,164.00"
2020-09-16,2020091601028678,BPCL,50,25,300,403.00,"120,900.00"
2020-09-16,2020091601028677,BPCL,55,25,316,403.00,"127,348.00"
2020-09-16,2020091601028646,BPCL,55,7,300,403.00,"120,900.00"
2020-09-16,2020091601028620,BPCL,55,42,100,403.00,"40,300.00"
2020-09-16,2020091601029068,CBBL,44,7,100,"1,116.00","111,600.00"
2020-09-16,2020091601029067,CBBL,49,7,103,"1,116.00","114,948.00"
2020-09-16,2020091601028795,CBL,38,38,140,145.00,"20,300.00"
2020-09-16,2020091601028794,CBL,38,58,30,145.00,"4,350.00"
2020-09-16,2020091601028793,CBL,38,1,30,145.00,"4,350.00"
2020-09-16,2020091601028997,CCBL,14,22,100,172.00,"17,200.00"
2020-09-16,2020091601028792,CCBL,26,57,47,171.00,"8,037.00"
2020-09-16,2020091601029083,CHCL,50,6,367,489.00,"179,463.00"
2020-09-16,2020091601028876,CHCL,50,41,43,489.00,"21,027.00"
2020-09-16,2020091601028875,CHCL,50,38,590,489.00,"288,510.00"
2020-09-16,2020091601028651,CHCL,57,38,410,489.00,"200,490.00"
2020-09-16,2020091601028616,CHCL,57,26,90,489.00,"44,010.00"
2020-09-16,2020091601028615,CHCL,34,26,10,489.00,"4,890.00"
2020-09-16,2020091601028882,CIT,48,38,40,"3,399.00","135,960.00"
2020-09-16,2020091601028681,CIT,33,58,200,"3,398.00","679,600.00"
2020-09-16,2020091601028786,CLBSL,21,29,10,719.00,"7,190.00"
2020-09-16,2020091601029011,CZBIL,8,25,200,195.00,"39,000.00"
2020-09-16,2020091601028929,DDBL,57,45,45,876.00,"39,420.00"
2020-09-16,2020091601029048,EDBL,57,39,71,298.00,"21,158.00"
2020-09-16,2020091601029047,EDBL,43,39,81,298.00,"24,138.00"
2020-09-16,2020091601028938,EIC,52,58,100,567.00,"56,700.00"
2020-09-16,2020091601028937,EIC,52,38,500,567.00,"283,500.00"
2020-09-16,2020091601028936,EIC,52,46,100,567.00,"56,700.00"
2020-09-16,2020091601028889,EIC,58,11,20,566.00,"11,320.00"
2020-09-16,2020091601028784,EIC,45,13,99,567.00,"56,133.00"
2020-09-16,2020091601028637,EIC,58,11,20,566.00,"11,320.00"
2020-09-16,2020091601028986,FMDBL,56,4,10,594.00,"5,940.00"
2020-09-16,2020091601028985,FMDBL,56,3,"1,284",590.00,"757,560.00"
2020-09-16,2020091601028890,FMDBL,10,3,100,590.00,"59,000.00"
2020-09-16,2020091601028859,FMDBL,13,3,500,590.00,"295,000.00"
2020-09-16,2020091601028858,FMDBL,29,3,100,590.00,"59,000.00"
2020-09-16,2020091601028857,FMDBL,47,3,300,590.00,"177,000.00"
2020-09-16,2020091601028850,FMDBL,56,3,"1,000",591.00,"591,000.00"
2020-09-16,2020091601028849,FMDBL,6,3,76,591.00,"44,916.00"
2020-09-16,2020091601028856,FMDBL,34,3,300,590.00,"177,000.00"
2020-09-16,2020091601028855,FMDBL,51,3,200,590.00,"118,000.00"
2020-09-16,2020091601028854,FMDBL,53,3,100,590.00,"59,000.00"
2020-09-16,2020091601028853,FMDBL,35,3,500,590.00,"295,000.00"
2020-09-16,2020091601028852,FMDBL,44,3,"1,000",590.00,"590,000.00"
2020-09-16,2020091601028851,FMDBL,25,3,40,590.00,"23,600.00"
2020-09-16,2020091601028767,GBBL,29,57,125,236.00,"29,500.00"
2020-09-16,2020091601028766,GBBL,49,57,75,237.00,"17,775.00"
2020-09-16,2020091601028676,GBBL,49,33,"1,500",237.00,"355,500.00"
2020-09-16,2020091601028675,GBBL,49,34,"2,445",237.00,"579,465.00"
2020-09-16,2020091601028674,GBBL,49,44,980,237.00,"232,260.00"
2020-09-16,2020091601029069,GBIME,42,44,50,264.00,"13,200.00"
2020-09-16,2020091601028956,GBIME,22,44,50,264.00,"13,200.00"
2020-09-16,2020091601028930,GBIME,36,44,200,264.00,"52,800.00"
2020-09-16,2020091601028874,GBIME,18,39,62,263.00,"16,306.00"
2020-09-16,2020091601028871,GBIME,18,38,"1,000",263.00,"263,000.00"
2020-09-16,2020091601028680,GBIME,49,44,103,264.00,"27,192.00"
2020-09-16,2020091601028862,GBLBS,45,38,100,549.00,"54,900.00"
2020-09-16,2020091601028820,GBLBS,14,14,39,547.00,"21,333.00"
2020-09-16,2020091601028819,GBLBS,41,14,20,547.00,"10,940.00"
2020-09-16,2020091601028818,GBLBS,44,14,131,547.00,"71,657.00"
2020-09-16,2020091601028817,GBLBS,38,14,10,548.00,"5,480.00"
2020-09-16,2020091601028645,GFCL,11,17,190,159.00,"30,210.00"
2020-09-16,2020091601028610,GILB,58,39,37,"1,217.00","45,029.00"
2020-09-16,2020091601028870,GIMES1,22,43,100,9.09,909.00
2020-09-16,2020091601029057,GLICL,57,1,550,653.00,"359,150.00"
2020-09-16,2020091601028605,GLICL,13,17,50,652.00,"32,600.00"
2020-09-16,2020091601028955,GMFBS,1,28,10,823.00,"8,230.00"
2020-09-16,2020091601028647,GMFBS,58,3,10,826.00,"8,260.00"
2020-09-16,2020091601028771,GRDBL,55,56,50,116.00,"5,800.00"
2020-09-16,2020091601028770,GRDBL,55,58,50,116.00,"5,800.00"
2020-09-16,2020091601029090,HDHPC,29,41,50,101.00,"5,050.00"
2020-09-16,2020091601029089,HDHPC,29,6,"2,990",101.00,"301,990.00"
2020-09-16,2020091601029050,HDHPC,45,6,"1,000",101.00,"101,000.00"
2020-09-16,2020091601029035,HDHPC,14,28,38,100.00,"3,800.00"
2020-09-16,2020091601028685,HDHPC,14,39,50,100.00,"5,000.00"
2020-09-16,2020091601029087,HGI,57,6,10,544.00,"5,440.00"
2020-09-16,2020091601029086,HGI,57,34,90,544.00,"48,960.00"
2020-09-16,2020091601029061,HGI,11,34,10,544.00,"5,440.00"
