Date,Transact. No.,Symbol,Buyer,Seller,Quantity,Rate,Amount
2020-02-16,2020021601018841,ADBL,58,25,200,390.00,"78,000.00"
2020-02-16,2020021601018800,ADBL,14,25,100,390.00,"39,000.00"
2020-02-16,2020021601018470,ADBL,32,1,86,387.00,"33,282.00"
2020-02-16,2020021601018640,AHPC,44,13,375,96.00,"36,000.00"
2020-02-16,2020021601018526,AHPC,49,13,500,96.00,"48,000.00"
2020-02-16,2020021601018525,AHPC,17,13,100,96.00,"9,600.00"
2020-02-16,2020021601018524,AHPC,46,13,25,96.00,"2,400.00"
2020-02-16,2020021601018658,ALBSL,58,42,75,778.00,"58,350.00"
2020-02-16,2020021601018657,ALBSL,58,5,100,778.00,"77,800.00"
2020-02-16,2020021601018503,ALBSL,38,38,1,760.00,760.00
2020-02-16,2020021601018444,ALBSL,38,38,1,760.00,760.00
2020-02-16,2020021601018410,ALBSL,38,38,1,760.00,760.00
2020-02-16,2020021601018868,ALICL,57,5,10,645.00,"6,450.00"
2020-02-16,2020021601018786,ALICL,26,8,400,643.00,"257,200.00"
2020-02-16,2020021601018785,ALICL,26,35,32,643.00,"20,576.00"
2020-02-16,2020021601018784,ALICL,26,57,100,643.00,"64,300.00"
2020-02-16,2020021601018644,ALICL,34,53,50,642.00,"32,100.00"
2020-02-16,2020021601018413,ALICL,38,58,500,641.00,"320,500.00"
2020-02-16,2020021601018867,API,58,58,250,136.00,"34,000.00"
2020-02-16,2020021601018866,API,58,38,250,136.00,"34,000.00"
2020-02-16,2020021601018734,API,58,58,168,136.00,"22,848.00"
2020-02-16,2020021601018733,API,58,42,20,135.00,"2,700.00"
2020-02-16,2020021601018732,API,58,33,"2,312",135.00,"312,120.00"
2020-02-16,2020021601018673,API,58,33,688,135.00,"92,880.00"
2020-02-16,2020021601018466,API,58,25,942,132.00,"124,344.00"
2020-02-16,2020021601018465,API,57,25,58,132.00,"7,656.00"
2020-02-16,2020021601018603,API,58,33,"2,000",134.00,"268,000.00"
2020-02-16,2020021601018602,API,58,58,200,134.00,"26,800.00"
2020-02-16,2020021601018601,API,58,33,580,134.00,"77,720.00"
2020-02-16,2020021601018533,API,25,33,20,134.00,"2,680.00"
2020-02-16,2020021601018532,API,25,35,400,133.00,"53,200.00"
2020-02-16,2020021601018531,API,25,48,100,133.00,"13,300.00"
2020-02-16,2020021601018660,API,58,57,471,135.00,"63,585.00"
2020-02-16,2020021601018659,API,58,17,280,134.00,"37,520.00"
2020-02-16,2020021601018607,API,58,17,"4,720",134.00,"632,480.00"
2020-02-16,2020021601018606,API,58,1,500,134.00,"67,000.00"
2020-02-16,2020021601018605,API,58,57,"1,000",134.00,"134,000.00"
2020-02-16,2020021601018604,API,58,57,"1,000",134.00,"134,000.00"
2020-02-16,2020021601018666,API,58,57,30,135.00,"4,050.00"
2020-02-16,2020021601018665,API,58,47,18,135.00,"2,430.00"
2020-02-16,2020021601018664,API,58,40,"1,000",135.00,"135,000.00"
2020-02-16,2020021601018663,API,58,45,"2,000",135.00,"270,000.00"
2020-02-16,2020021601018662,API,58,43,50,135.00,"6,750.00"
2020-02-16,2020021601018661,API,58,54,70,135.00,"9,450.00"
2020-02-16,2020021601018672,API,58,13,100,135.00,"13,500.00"
2020-02-16,2020021601018671,API,58,29,450,135.00,"60,750.00"
2020-02-16,2020021601018670,API,58,33,500,135.00,"67,500.00"
2020-02-16,2020021601018669,API,58,57,"1,000",135.00,"135,000.00"
2020-02-16,2020021601018668,API,58,1,"1,500",135.00,"202,500.00"
2020-02-16,2020021601018667,API,58,33,"1,843",135.00,"248,805.00"
2020-02-16,2020021601018713,BFC,43,43,10,105.00,"1,050.00"
2020-02-16,2020021601018776,BOKL,51,59,296,233.00,"68,968.00"
2020-02-16,2020021601018761,BOKL,45,55,495,234.00,"115,830.00"
2020-02-16,2020021601018760,BOKL,45,14,400,234.00,"93,600.00"
2020-02-16,2020021601018759,BOKL,45,8,84,234.00,"19,656.00"
2020-02-16,2020021601018758,BOKL,45,25,321,234.00,"75,114.00"
2020-02-16,2020021601018757,BOKL,45,49,200,234.00,"46,800.00"
2020-02-16,2020021601018674,BPCL,43,37,10,339.00,"3,390.00"
2020-02-16,2020021601018818,CBBL,49,40,100,"1,099.00","109,900.00"
2020-02-16,2020021601018817,CBBL,49,11,380,"1,099.00","417,620.00"
2020-02-16,2020021601018448,CBBL,49,14,204,"1,094.00","223,176.00"
2020-02-16,2020021601018447,CBBL,49,44,180,"1,094.00","196,920.00"
2020-02-16,2020021601018441,CBBL,44,44,300,"1,094.00","328,200.00"
2020-02-16,2020021601018501,CBBL,49,43,87,"1,095.00","95,265.00"
2020-02-16,2020021601018500,CBBL,49,55,13,"1,095.00","14,235.00"
2020-02-16,2020021601018722,CBBL,53,52,35,"1,095.00","38,325.00"
2020-02-16,2020021601018721,CBBL,53,43,103,"1,095.00","112,785.00"
2020-02-16,2020021601018537,CBL,36,58,"1,000",152.00,"152,000.00"
2020-02-16,2020021601018412,CBL,32,58,50,152.00,"7,600.00"
2020-02-16,2020021601018839,CCBL,56,45,"2,696",186.00,"501,456.00"
2020-02-16,2020021601018838,CCBL,56,58,100,185.00,"18,500.00"
2020-02-16,2020021601018837,CCBL,56,7,815,185.00,"150,775.00"
2020-02-16,2020021601018836,CCBL,56,4,500,185.00,"92,500.00"
2020-02-16,2020021601018835,CCBL,56,45,889,185.00,"164,465.00"
2020-02-16,2020021601018767,CCBL,56,45,111,185.00,"20,535.00"
2020-02-16,2020021601018505,CCBL,50,47,772,184.00,"142,048.00"
2020-02-16,2020021601018504,CCBL,52,47,28,184.00,"5,152.00"
2020-02-16,2020021601018766,CCBL,56,35,500,185.00,"92,500.00"
2020-02-16,2020021601018765,CCBL,56,32,"1,534",185.00,"283,790.00"
2020-02-16,2020021601018764,CCBL,56,34,"1,000",185.00,"185,000.00"
2020-02-16,2020021601018763,CCBL,56,8,"1,683",185.00,"311,355.00"
2020-02-16,2020021601018762,CCBL,56,44,172,184.00,"31,648.00"
2020-02-16,2020021601018720,CCBL,50,44,28,184.00,"5,152.00"
2020-02-16,2020021601018404,CHCL,43,19,509,422.00,"214,798.00"
2020-02-16,2020021601018844,CIT,51,6,10,"2,771.00","27,710.00"
2020-02-16,2020021601018719,CIT,57,16,300,"2,775.00","832,500.00"
2020-02-16,2020021601018712,CIT,59,16,100,"2,775.00","277,500.00"
2020-02-16,2020021601018623,CIT,34,45,50,"2,771.00","138,550.00"
2020-02-16,2020021601018611,CIT,18,16,300,"2,775.00","832,500.00"
2020-02-16,2020021601018426,CIT,1,16,60,"2,775.00","166,500.00"
2020-02-16,2020021601018416,CIT,18,16,35,"2,775.00","97,125.00"
2020-02-16,2020021601018388,CIT,18,40,55,"2,782.00","153,010.00"
2020-02-16,2020021601018387,CIT,18,19,50,"2,781.00","139,050.00"
2020-02-16,2020021601018655,CZBIL,35,49,126,194.00,"24,444.00"
2020-02-16,2020021601018511,CZBIL,57,49,210,194.00,"40,740.00"
2020-02-16,2020021601018510,CZBIL,57,35,90,194.00,"17,460.00"
2020-02-16,2020021601018875,DDBL,40,39,25,905.00,"22,625.00"
2020-02-16,2020021601018794,DDBL,39,39,10,905.00,"9,050.00"
2020-02-16,2020021601018793,DDBL,39,56,40,905.00,"36,200.00"
2020-02-16,2020021601018422,DDBL,6,56,10,905.00,"9,050.00"
2020-02-16,2020021601018421,DDBL,6,45,70,904.00,"63,280.00"
2020-02-16,2020021601018746,EIC,40,7,50,454.00,"22,700.00"
2020-02-16,2020021601018745,EIC,40,38,150,454.00,"68,100.00"
2020-02-16,2020021601018612,EIC,1,38,50,454.00,"22,700.00"
2020-02-16,2020021601018811,FMDBL,21,5,93,483.00,"44,919.00"
2020-02-16,2020021601018700,FMDBL,21,26,100,483.00,"48,300.00"
2020-02-16,2020021601018414,FMDBL,26,49,400,484.00,"193,600.00"
2020-02-16,2020021601018582,FOWAD,49,5,50,"1,560.00","78,000.00"
2020-02-16,2020021601018581,FOWAD,49,6,35,"1,560.00","54,600.00"
2020-02-16,2020021601018580,FOWAD,49,50,100,"1,559.00","155,900.00"
2020-02-16,2020021601018579,FOWAD,49,47,19,"1,558.00","29,602.00"
2020-02-16,2020021601018578,FOWAD,49,45,19,"1,557.00","29,583.00"
2020-02-16,2020021601018577,FOWAD,49,33,19,"1,557.00","29,583.00"
2020-02-16,2020021601018576,FOWAD,49,34,50,"1,556.00","77,800.00"
2020-02-16,2020021601018775,GBIME,8,19,229,278.00,"63,662.00"
2020-02-16,2020021601018774,GBIME,29,19,200,278.00,"55,600.00"
2020-02-16,2020021601018773,GBIME,13,19,111,278.00,"30,858.00"
2020-02-16,2020021601018756,GBIME,51,19,300,278.00,"83,400.00"
2020-02-16,2020021601018755,GBIME,32,19,500,278.00,"139,000.00"
2020-02-16,2020021601018754,GBIME,45,19,100,278.00,"27,800.00"
2020-02-16,2020021601018753,GBIME,42,19,100,278.00,"27,800.00"
2020-02-16,2020021601018742,GBIME,53,42,100,279.00,"27,900.00"
2020-02-16,2020021601018683,GBIME,57,42,100,279.00,"27,900.00"
2020-02-16,2020021601018653,GBIME,19,42,100,279.00,"27,900.00"
2020-02-16,2020021601018429,GBIME,42,42,45,278.00,"12,510.00"
2020-02-16,2020021601018680,GBLBS,20,29,70,485.00,"33,950.00"
2020-02-16,2020021601018679,GBLBS,51,29,110,485.00,"53,350.00"
2020-02-16,2020021601018678,GBLBS,52,29,200,485.00,"97,000.00"
2020-02-16,2020021601018677,GBLBS,59,29,100,485.00,"48,500.00"
2020-02-16,2020021601018676,GBLBS,48,29,20,485.00,"9,700.00"
2020-02-16,2020021601018520,GBLBS,17,6,100,486.00,"48,600.00"
2020-02-16,2020021601018469,GGBSL,26,34,10,934.00,"9,340.00"
2020-02-16,2020021601018740,GLBSL,25,42,30,825.00,"24,750.00"
2020-02-16,2020021601018882,GLICL,4,50,20,820.00,"16,400.00"
2020-02-16,2020021601018874,GLICL,25,50,90,820.00,"73,800.00"
2020-02-16,2020021601018873,GLICL,7,50,100,820.00,"82,000.00"
2020-02-16,2020021601018872,GLICL,40,50,400,820.00,"328,000.00"
2020-02-16,2020021601018846,GLICL,7,6,20,822.00,"16,440.00"
2020-02-16,2020021601018845,GLICL,7,10,200,822.00,"164,400.00"
2020-02-16,2020021601018724,GLICL,45,6,150,822.00,"123,300.00"
2020-02-16,2020021601018389,GLICL,57,6,30,822.00,"24,660.00"
2020-02-16,2020021601018812,GMFBS,34,16,20,"1,022.00","20,440.00"
2020-02-16,2020021601018529,GMFBS,34,34,10,"1,023.00","10,230.00"
2020-02-16,2020021601018386,GMFBS,34,41,20,"1,003.00","20,060.00"
2020-02-16,2020021601018593,GMFIL,17,55,360,135.00,"48,600.00"
2020-02-16,2020021601018840,HBL,32,45,10,525.00,"5,250.00"
2020-02-16,2020021601018820,HBL,14,29,68,520.00,"35,360.00"
2020-02-16,2020021601018819,HBL,52,29,32,520.00,"16,640.00"
2020-02-16,2020021601018802,HDL,1,58,40,"1,429.00","57,160.00"
2020-02-16,2020021601018801,HDL,1,47,20,"1,429.00","28,580.00"
2020-02-16,2020021601018513,HDL,54,35,150,"1,430.00","214,500.00"
2020-02-16,2020021601018512,HDL,54,6,50,"1,430.00","71,500.00"
2020-02-16,2020021601018499,HDL,16,35,15,"1,430.00","21,450.00"
2020-02-16,2020021601018498,HDL,16,42,200,"1,430.00","286,000.00"
2020-02-16,2020021601018392,HDL,16,58,350,"1,427.00","499,450.00"
2020-02-16,2020021601018398,HDL,16,51,200,"1,429.00","285,800.00"
2020-02-16,2020021601018397,HDL,16,59,10,"1,429.00","14,290.00"
2020-02-16,2020021601018396,HDL,16,45,500,"1,429.00","714,500.00"
2020-02-16,2020021601018395,HDL,16,5,50,"1,428.00","71,400.00"
2020-02-16,2020021601018394,HDL,16,52,200,"1,428.00","285,600.00"
2020-02-16,2020021601018393,HDL,16,36,30,"1,428.00","42,840.00"
2020-02-16,2020021601018491,HDL,16,50,40,"1,430.00","57,200.00"
2020-02-16,2020021601018490,HDL,16,20,250,"1,430.00","357,500.00"
2020-02-16,2020021601018489,HDL,16,1,100,"1,430.00","143,000.00"
2020-02-16,2020021601018488,HDL,16,32,15,"1,430.00","21,450.00"
2020-02-16,2020021601018446,HDL,14,32,50,"1,430.00","71,500.00"
2020-02-16,2020021601018399,HDL,16,32,35,"1,430.00","50,050.00"
2020-02-16,2020021601018497,HDL,16,44,200,"1,430.00","286,000.00"
2020-02-16,2020021601018496,HDL,16,57,10,"1,430.00","14,300.00"
2020-02-16,2020021601018495,HDL,16,16,10,"1,430.00","14,300.00"
2020-02-16,2020021601018494,HDL,16,20,10,"1,430.00","14,300.00"
2020-02-16,2020021601018493,HDL,16,6,25,"1,430.00","35,750.00"
2020-02-16,2020021601018492,HDL,16,39,125,"1,430.00","178,750.00"
2020-02-16,2020021601018822,HGI,4,45,200,445.00,"89,000.00"
2020-02-16,2020021601018771,HGI,46,5,100,443.00,"44,300.00"
2020-02-16,2020021601018571,HGI,7,45,"1,000",445.00,"445,000.00"
2020-02-16,2020021601018568,HGI,40,45,200,445.00,"89,000.00"
2020-02-16,2020021601018484,HGI,7,45,440,445.00,"195,800.00"
2020-02-16,2020021601018483,HGI,7,38,60,444.00,"26,640.00"
2020-02-16,2020021601018406,HGI,55,38,40,444.00,"17,760.00"
2020-02-16,2020021601018418,HURJA,17,55,50,109.00,"5,450.00"
2020-02-16,2020021601018843,IGI,50,58,50,478.00,"23,900.00"
2020-02-16,2020021601018842,IGI,50,34,150,478.00,"71,700.00"
2020-02-16,2020021601018718,IGI,32,34,50,478.00,"23,900.00"
2020-02-16,2020021601018423,IGI,41,58,309,476.00,"147,084.00"
2020-02-16,2020021601018743,ILBS,3,35,10,945.00,"9,450.00"
2020-02-16,2020021601018810,JBBL,28,32,500,189.00,"94,500.00"
2020-02-16,2020021601018809,JBBL,28,45,440,189.00,"83,160.00"
2020-02-16,2020021601018808,JBBL,28,56,"1,000",189.00,"189,000.00"
2020-02-16,2020021601018634,JSLBB,8,45,150,"1,795.00","269,250.00"
2020-02-16,2020021601018727,KBL,41,7,200,194.00,"38,800.00"
2020-02-16,2020021601018682,KPCL,1,59,100,101.00,"10,100.00"
2020-02-16,2020021601018523,KSBBL,50,57,150,160.00,"24,000.00"
2020-02-16,2020021601018862,LBBL,8,33,100,192.00,"19,200.00"
2020-02-16,2020021601018637,LBBL,8,34,870,192.00,"167,040.00"
2020-02-16,2020021601018636,LBBL,58,34,20,192.00,"3,840.00"
2020-02-16,2020021601018635,LBBL,1,34,110,192.00,"21,120.00"
2020-02-16,2020021601018514,LBBL,44,42,50,193.00,"9,650.00"
2020-02-16,2020021601018693,LGIL,45,14,10,544.00,"5,440.00"
2020-02-16,2020021601018516,LGIL,21,42,50,545.00,"27,250.00"
2020-02-16,2020021601018854,LICN,38,49,100,"1,326.00","132,600.00"
2020-02-16,2020021601018600,LLBS,49,41,100,"1,205.00","120,500.00"
2020-02-16,2020021601018599,LLBS,49,45,400,"1,204.00","481,600.00"
2020-02-16,2020021601018699,MBL,39,8,50,235.00,"11,750.00"
2020-02-16,2020021601018698,MBL,39,56,100,235.00,"23,500.00"
2020-02-16,2020021601018824,MEGA,11,42,500,205.00,"102,500.00"
2020-02-16,2020021601018855,MERO,43,44,20,694.00,"13,880.00"
2020-02-16,2020021601018852,MERO,44,17,100,700.00,"70,000.00"
2020-02-16,2020021601018821,MERO,38,17,50,700.00,"35,000.00"
2020-02-16,2020021601018807,MERO,21,39,95,696.00,"66,120.00"
2020-02-16,2020021601018806,MERO,43,39,100,697.00,"69,700.00"
2020-02-16,2020021601018739,MERO,34,17,50,700.00,"35,000.00"
2020-02-16,2020021601018509,MERO,53,17,87,700.00,"60,900.00"
2020-02-16,2020021601018443,MERO,34,42,185,699.00,"129,315.00"
2020-02-16,2020021601018442,MERO,34,38,"1,213",699.00,"847,887.00"
2020-02-16,2020021601018614,MHNL,49,26,40,88.00,"3,520.00"
2020-02-16,2020021601018781,MLBBL,18,39,50,888.00,"44,400.00"
2020-02-16,2020021601018778,MLBBL,18,53,50,888.00,"44,400.00"
2020-02-16,2020021601018777,MLBBL,49,53,50,888.00,"44,400.00"
2020-02-16,2020021601018816,MNBBL,21,49,100,321.00,"32,100.00"
2020-02-16,2020021601018815,MNBBL,19,49,14,321.00,"4,494.00"
2020-02-16,2020021601018425,MNBBL,19,3,986,321.00,"316,506.00"
2020-02-16,2020021601018583,NABIL,35,22,65,724.00,"47,060.00"
2020-02-16,2020021601018431,NBB,41,49,800,206.00,"164,800.00"
2020-02-16,2020021601018430,NBB,41,37,200,206.00,"41,200.00"
2020-02-16,2020021601018654,NBL,21,10,500,268.00,"134,000.00"
2020-02-16,2020021601018390,NBL,42,26,300,267.00,"80,100.00"
2020-02-16,2020021601018796,NCCB,58,39,200,193.00,"38,600.00"
2020-02-16,2020021601018689,NCCB,48,42,20,194.00,"3,880.00"
2020-02-16,2020021601018675,NCCB,48,42,20,194.00,"3,880.00"
2020-02-16,2020021601018649,NCCB,48,42,20,194.00,"3,880.00"
2020-02-16,2020021601018643,NCCB,48,42,20,194.00,"3,880.00"
2020-02-16,2020021601018639,NCCB,48,42,20,194.00,"3,880.00"
2020-02-16,2020021601018620,NCCB,48,42,20,194.00,"3,880.00"
2020-02-16,2020021601018610,NCCB,48,42,20,194.00,"3,880.00"
2020-02-16,2020021601018597,NCCB,48,42,20,194.00,"3,880.00"
2020-02-16,2020021601018595,NCCB,48,42,20,194.00,"3,880.00"
2020-02-16,2020021601018782,NIB,49,21,43,373.00,"16,039.00"
2020-02-16,2020021601018716,NIB,48,21,17,373.00,"6,341.00"
2020-02-16,2020021601018567,NIB,41,21,40,373.00,"14,920.00"
2020-02-16,2020021601018566,NIB,41,28,210,373.00,"78,330.00"
2020-02-16,2020021601018515,NIB,59,28,40,373.00,"14,920.00"
2020-02-16,2020021601018405,NIB,57,28,200,373.00,"74,600.00"
2020-02-16,2020021601018391,NIB,29,42,55,372.00,"20,460.00"
2020-02-16,2020021601018814,NIBPO,58,11,500,328.00,"164,000.00"
2020-02-16,2020021601018752,NIBPO,58,11,133,328.00,"43,624.00"
2020-02-16,2020021601018751,NIBPO,4,11,25,328.00,"8,200.00"
2020-02-16,2020021601018750,NIBPO,42,11,42,328.00,"13,776.00"
2020-02-16,2020021601018749,NIBPO,32,11,400,329.00,"131,600.00"
2020-02-16,2020021601018626,NIBPO,32,33,50,329.00,"16,450.00"
2020-02-16,2020021601018625,NIBPO,43,33,40,329.00,"13,160.00"
2020-02-16,2020021601018849,NICA,46,40,30,511.00,"15,330.00"
2020-02-16,2020021601018788,NICA,25,48,500,509.00,"254,500.00"
2020-02-16,2020021601018711,NICA,52,32,25,510.00,"12,750.00"
2020-02-16,2020021601018710,NICA,52,45,200,510.00,"102,000.00"
2020-02-16,2020021601018709,NICA,52,52,100,510.00,"51,000.00"
2020-02-16,2020021601018708,NICA,52,6,"1,001",510.00,"510,510.00"
2020-02-16,2020021601018435,NICA,39,54,77,508.00,"39,116.00"
2020-02-16,2020021601018434,NICA,39,36,200,508.00,"101,600.00"
2020-02-16,2020021601018433,NICA,39,56,30,508.00,"15,240.00"
2020-02-16,2020021601018432,NICA,39,4,200,508.00,"101,600.00"
2020-02-16,2020021601018482,NICA,39,25,172,508.00,"87,376.00"
2020-02-16,2020021601018440,NICA,39,25,128,508.00,"65,024.00"
2020-02-16,2020021601018439,NICA,39,47,251,508.00,"127,508.00"
2020-02-16,2020021601018438,NICA,39,5,26,508.00,"13,208.00"
2020-02-16,2020021601018437,NICA,39,37,588,508.00,"298,704.00"
2020-02-16,2020021601018436,NICA,39,45,"1,000",508.00,"508,000.00"
2020-02-16,2020021601018701,NICA,52,52,25,509.00,"12,725.00"
2020-02-16,2020021601018633,NICA,39,26,20,509.00,"10,180.00"
2020-02-16,2020021601018632,NICA,39,28,100,509.00,"50,900.00"
2020-02-16,2020021601018631,NICA,39,11,100,509.00,"50,900.00"
2020-02-16,2020021601018630,NICA,39,29,468,509.00,"238,212.00"
2020-02-16,2020021601018629,NICA,39,6,100,509.00,"50,900.00"
2020-02-16,2020021601018707,NICA,52,59,200,510.00,"102,000.00"
2020-02-16,2020021601018706,NICA,52,52,198,510.00,"100,980.00"
2020-02-16,2020021601018705,NICA,52,41,"1,000",510.00,"510,000.00"
2020-02-16,2020021601018704,NICA,52,21,100,510.00,"51,000.00"
2020-02-16,2020021601018703,NICA,52,47,440,510.00,"224,400.00"
2020-02-16,2020021601018702,NICA,52,28,20,510.00,"10,200.00"
2020-02-16,2020021601018830,NICL,1,45,90,471.00,"42,390.00"
2020-02-16,2020021601018795,NICL,4,45,10,472.00,"4,720.00"
2020-02-16,2020021601018792,NICL,4,7,"1,000",472.00,"472,000.00"
2020-02-16,2020021601018791,NICL,4,28,490,472.00,"231,280.00"
2020-02-16,2020021601018420,NICL,22,49,17,472.00,"8,024.00"
2020-02-16,2020021601018417,NICL,42,49,50,472.00,"23,600.00"
2020-02-16,2020021601018589,NICL,32,16,200,470.00,"94,000.00"
2020-02-16,2020021601018588,NICL,39,16,120,470.00,"56,400.00"
2020-02-16,2020021601018587,NICL,51,16,300,470.00,"141,000.00"
2020-02-16,2020021601018586,NICL,3,16,150,471.00,"70,650.00"
2020-02-16,2020021601018790,NICL,4,33,153,472.00,"72,216.00"
2020-02-16,2020021601018744,NICL,43,28,10,472.00,"4,720.00"
2020-02-16,2020021601018591,NICL,39,16,30,469.00,"14,070.00"
2020-02-16,2020021601018590,NICL,40,16,200,469.00,"93,800.00"
2020-02-16,2020021601018876,NIL,13,53,100,611.00,"61,100.00"
2020-02-16,2020021601018783,NIL,54,16,500,612.00,"306,000.00"
2020-02-16,2020021601018780,NIL,56,48,200,613.00,"122,600.00"
2020-02-16,2020021601018697,NIL,28,48,500,613.00,"306,500.00"
2020-02-16,2020021601018594,NIL,34,48,400,613.00,"245,200.00"
2020-02-16,2020021601018574,NIL,53,53,"1,000",612.00,"612,000.00"
2020-02-16,2020021601018565,NIL,38,48,250,613.00,"153,250.00"
2020-02-16,2020021601018453,NIL,49,55,200,612.00,"122,400.00"
2020-02-16,2020021601018427,NIL,46,48,500,613.00,"306,500.00"
2020-02-16,2020021601018848,NLBBL,26,56,86,869.00,"74,734.00"
2020-02-16,2020021601018847,NLBBL,26,45,14,868.00,"12,152.00"
2020-02-16,2020021601018528,NLG,45,53,100,764.00,"76,400.00"
2020-02-16,2020021601018885,NLIC,32,20,20,"1,175.00","23,500.00"
2020-02-16,2020021601018884,NLIC,32,49,50,"1,175.00","58,750.00"
2020-02-16,2020021601018883,NLIC,32,38,25,"1,175.00","29,375.00"
2020-02-16,2020021601018861,NLIC,11,38,147,"1,175.00","172,725.00"
2020-02-16,2020021601018860,NLIC,11,17,100,"1,175.00","117,500.00"
2020-02-16,2020021601018859,NLIC,11,17,43,"1,174.00","50,482.00"
2020-02-16,2020021601018508,NLIC,29,28,100,"1,169.00","116,900.00"
2020-02-16,2020021601018471,NLIC,59,53,210,"1,168.00","245,280.00"
2020-02-16,2020021601018456,NLIC,29,29,61,"1,167.00","71,187.00"
2020-02-16,2020021601018455,NLIC,42,29,200,"1,167.00","233,400.00"
2020-02-16,2020021601018543,NLIC,45,17,100,"1,170.00","117,000.00"
2020-02-16,2020021601018542,NLIC,45,8,100,"1,170.00","117,000.00"
2020-02-16,2020021601018541,NLIC,45,28,121,"1,170.00","141,570.00"
2020-02-16,2020021601018540,NLIC,45,35,31,"1,169.00","36,239.00"
2020-02-16,2020021601018539,NLIC,45,47,22,"1,169.00","25,718.00"
2020-02-16,2020021601018538,NLIC,45,28,"1,438","1,169.00","1,681,022.00"
2020-02-16,2020021601018549,NLIC,45,1,22,"1,170.00","25,740.00"
2020-02-16,2020021601018548,NLIC,45,10,22,"1,170.00","25,740.00"
2020-02-16,2020021601018547,NLIC,45,41,145,"1,170.00","169,650.00"
2020-02-16,2020021601018546,NLIC,45,46,10,"1,170.00","11,700.00"
2020-02-16,2020021601018545,NLIC,45,1,200,"1,170.00","234,000.00"
2020-02-16,2020021601018544,NLIC,45,54,200,"1,170.00","234,000.00"
2020-02-16,2020021601018555,NLIC,45,41,10,"1,170.00","11,700.00"
2020-02-16,2020021601018554,NLIC,45,3,50,"1,170.00","58,500.00"
2020-02-16,2020021601018553,NLIC,45,14,761,"1,170.00","890,370.00"
2020-02-16,2020021601018552,NLIC,45,46,10,"1,170.00","11,700.00"
2020-02-16,2020021601018551,NLIC,45,58,500,"1,170.00","585,000.00"
2020-02-16,2020021601018550,NLIC,45,49,50,"1,170.00","58,500.00"
2020-02-16,2020021601018561,NLIC,45,48,50,"1,170.00","58,500.00"
2020-02-16,2020021601018560,NLIC,45,51,50,"1,170.00","58,500.00"
2020-02-16,2020021601018559,NLIC,45,28,200,"1,170.00","234,000.00"
2020-02-16,2020021601018558,NLIC,45,11,375,"1,170.00","438,750.00"
2020-02-16,2020021601018557,NLIC,45,33,10,"1,170.00","11,700.00"
2020-02-16,2020021601018556,NLIC,45,41,12,"1,170.00","14,040.00"
2020-02-16,2020021601018646,NLIC,13,34,191,"1,170.00","223,470.00"
2020-02-16,2020021601018642,NLIC,53,34,50,"1,170.00","58,500.00"
2020-02-16,2020021601018592,NLIC,45,34,312,"1,170.00","365,040.00"
2020-02-16,2020021601018564,NLIC,45,35,522,"1,170.00","610,740.00"
2020-02-16,2020021601018563,NLIC,45,43,85,"1,170.00","99,450.00"
2020-02-16,2020021601018562,NLIC,45,8,592,"1,170.00","692,640.00"
2020-02-16,2020021601018769,NLIC,21,53,200,"1,170.00","234,000.00"
2020-02-16,2020021601018717,NLIC,45,53,294,"1,171.00","344,274.00"
2020-02-16,2020021601018692,NLIC,45,40,426,"1,171.00","498,846.00"
2020-02-16,2020021601018691,NLIC,45,1,200,"1,171.00","234,200.00"
2020-02-16,2020021601018690,NLIC,45,21,280,"1,171.00","327,880.00"
2020-02-16,2020021601018647,NLIC,13,21,59,"1,171.00","69,089.00"
2020-02-16,2020021601018829,NLIC,32,17,10,"1,174.00","11,740.00"
2020-02-16,2020021601018828,NLIC,32,47,50,"1,173.00","58,650.00"
2020-02-16,2020021601018827,NLIC,32,45,40,"1,173.00","46,920.00"
2020-02-16,2020021601018826,NLIC,32,49,100,"1,172.00","117,200.00"
2020-02-16,2020021601018787,NLIC,5,45,10,"1,173.00","11,730.00"
2020-02-16,2020021601018772,NLIC,59,56,10,"1,168.00","11,680.00"
2020-02-16,2020021601018681,NMB,25,48,"1,000",380.00,"380,000.00"
2020-02-16,2020021601018449,NMB,7,48,65,380.00,"24,700.00"
2020-02-16,2020021601018419,NMB,21,48,500,380.00,"190,000.00"
2020-02-16,2020021601018401,NMBMF,6,40,75,941.00,"70,575.00"
2020-02-16,2020021601018400,NMBMF,40,40,25,942.00,"23,550.00"
2020-02-16,2020021601018865,NSEWA,17,48,80,833.00,"66,640.00"
2020-02-16,2020021601018864,NSEWA,22,48,20,833.00,"16,660.00"
2020-02-16,2020021601018485,NSEWA,43,43,10,849.00,"8,490.00"
2020-02-16,2020021601018729,NTC,38,41,50,619.00,"30,950.00"
2020-02-16,2020021601018648,NTC,35,41,200,619.00,"123,800.00"
2020-02-16,2020021601018521,NUBL,21,19,100,"1,059.00","105,900.00"
2020-02-16,2020021601018879,OHL,42,45,100,485.00,"48,500.00"
2020-02-16,2020021601018656,OHL,45,7,250,484.00,"121,000.00"
2020-02-16,2020021601018530,OHL,44,7,100,484.00,"48,400.00"
2020-02-16,2020021601018457,OHL,57,7,40,484.00,"19,360.00"
2020-02-16,2020021601018536,PCBL,44,50,258,278.00,"71,724.00"
2020-02-16,2020021601018535,PCBL,44,42,300,278.00,"83,400.00"
2020-02-16,2020021601018534,PCBL,44,35,"1,500",278.00,"417,000.00"
2020-02-16,2020021601018881,PIC,25,29,200,633.00,"126,600.00"
2020-02-16,2020021601018880,PIC,25,49,79,633.00,"50,007.00"
2020-02-16,2020021601018832,PIC,25,49,78,633.00,"49,374.00"
2020-02-16,2020021601018831,PIC,25,32,22,632.00,"13,904.00"
2020-02-16,2020021601018726,PIC,25,32,78,632.00,"49,296.00"
2020-02-16,2020021601018725,PIC,25,40,22,630.00,"13,860.00"
2020-02-16,2020021601018723,PIC,32,48,50,630.00,"31,500.00"
2020-02-16,2020021601018645,PIC,25,20,700,631.00,"441,700.00"
2020-02-16,2020021601018609,PIC,49,25,400,631.00,"252,400.00"
2020-02-16,2020021601018608,PIC,49,16,100,631.00,"63,100.00"
2020-02-16,2020021601018613,PLIC,48,38,100,624.00,"62,400.00"
2020-02-16,2020021601018502,PLIC,57,38,139,624.00,"86,736.00"
2020-02-16,2020021601018409,PLIC,57,1,61,623.00,"38,003.00"
2020-02-16,2020021601018731,PRIN,44,25,50,510.00,"25,500.00"
2020-02-16,2020021601018730,PRIN,44,34,15,510.00,"7,650.00"
2020-02-16,2020021601018569,PRIN,25,34,50,510.00,"25,500.00"
2020-02-16,2020021601018863,PRVU,7,35,114,244.00,"27,816.00"
2020-02-16,2020021601018853,PRVU,59,43,132,243.00,"32,076.00"
2020-02-16,2020021601018696,PRVU,59,4,130,243.00,"31,590.00"
2020-02-16,2020021601018695,PRVU,46,4,100,243.00,"24,300.00"
2020-02-16,2020021601018694,PRVU,58,4,770,243.00,"187,110.00"
2020-02-16,2020021601018527,PRVU,49,35,100,244.00,"24,400.00"
2020-02-16,2020021601018507,PRVU,54,35,486,244.00,"118,584.00"
2020-02-16,2020021601018506,PRVU,54,26,14,244.00,"3,416.00"
2020-02-16,2020021601018878,RBCL,7,36,10,"9,890.00","98,900.00"
2020-02-16,2020021601018834,RBCL,38,42,20,"9,885.00","197,700.00"
2020-02-16,2020021601018598,RBCLPO,42,59,20,"8,770.00","175,400.00"
2020-02-16,2020021601018813,RHPC,48,16,"1,000",89.00,"89,000.00"
2020-02-16,2020021601018770,RHPC,39,59,500,90.00,"45,000.00"
2020-02-16,2020021601018748,RHPC,48,16,400,89.00,"35,600.00"
2020-02-16,2020021601018747,RHPC,29,16,100,89.00,"8,900.00"
2020-02-16,2020021601018627,RHPC,39,59,300,90.00,"27,000.00"
2020-02-16,2020021601018408,RHPL,56,41,10,171.00,"1,710.00"
2020-02-16,2020021601018486,RLFL,57,44,10,144.00,"1,440.00"
2020-02-16,2020021601018851,RSDC,29,52,265,486.00,"128,790.00"
2020-02-16,2020021601018522,RSDC,29,32,500,486.00,"243,000.00"
2020-02-16,2020021601018407,RSDC,57,52,500,487.00,"243,500.00"
2020-02-16,2020021601018618,SADBL,32,22,"1,000",165.00,"165,000.00"
2020-02-16,2020021601018617,SADBL,32,35,"1,000",165.00,"165,000.00"
2020-02-16,2020021601018616,SADBL,32,43,56,165.00,"9,240.00"
2020-02-16,2020021601018615,SADBL,32,41,189,165.00,"31,185.00"
2020-02-16,2020021601018403,SADBL,4,41,11,165.00,"1,815.00"
2020-02-16,2020021601018402,SADBL,4,42,289,164.00,"47,396.00"
2020-02-16,2020021601018619,SCB,50,36,400,610.00,"244,000.00"
2020-02-16,2020021601018833,SDESI,13,49,150,994.00,"149,100.00"
2020-02-16,2020021601018424,SHINE,26,21,456,279.00,"127,224.00"
2020-02-16,2020021601018870,SHIVM,58,53,150,604.00,"90,600.00"
2020-02-16,2020021601018825,SHIVM,32,3,100,603.00,"60,300.00"
2020-02-16,2020021601018805,SHIVM,14,3,50,603.00,"30,150.00"
2020-02-16,2020021601018804,SHIVM,14,35,60,603.00,"36,180.00"
2020-02-16,2020021601018803,SHIVM,14,56,310,603.00,"186,930.00"
2020-02-16,2020021601018714,SHIVM,21,38,490,602.00,"294,980.00"
2020-02-16,2020021601018650,SHIVM,16,56,50,603.00,"30,150.00"
2020-02-16,2020021601018584,SHIVM,34,56,60,603.00,"36,180.00"
2020-02-16,2020021601018481,SHIVM,34,51,40,603.00,"24,120.00"
2020-02-16,2020021601018628,SHPC,43,32,500,221.00,"110,500.00"
2020-02-16,2020021601018856,SICL,16,57,150,"1,230.00","184,500.00"
2020-02-16,2020021601018869,SIL,44,6,24,601.00,"14,424.00"
2020-02-16,2020021601018823,SIL,44,33,"1,000",600.00,"600,000.00"
2020-02-16,2020021601018768,SIL,44,33,517,600.00,"310,200.00"
2020-02-16,2020021601018687,SIL,44,33,10,600.00,"6,000.00"
2020-02-16,2020021601018686,SIL,44,44,500,600.00,"300,000.00"
2020-02-16,2020021601018685,SIL,44,51,300,600.00,"180,000.00"
2020-02-16,2020021601018684,SIL,44,41,190,600.00,"114,000.00"
2020-02-16,2020021601018741,SINDU,17,35,200,133.00,"26,600.00"
2020-02-16,2020021601018464,SJCL,10,26,100,157.00,"15,700.00"
2020-02-16,2020021601018463,SJCL,10,6,10,157.00,"1,570.00"
2020-02-16,2020021601018462,SJCL,10,19,10,157.00,"1,570.00"
2020-02-16,2020021601018461,SJCL,10,55,330,157.00,"51,810.00"
2020-02-16,2020021601018460,SJCL,10,7,20,157.00,"3,140.00"
2020-02-16,2020021601018459,SJCL,10,41,20,157.00,"3,140.00"
2020-02-16,2020021601018458,SJCL,10,41,10,157.00,"1,570.00"
2020-02-16,2020021601018641,SKBBL,14,29,10,"1,180.00","11,800.00"
2020-02-16,2020021601018518,SKBBL,5,29,78,"1,180.00","92,040.00"
2020-02-16,2020021601018517,SKBBL,5,58,112,"1,180.00","132,160.00"
2020-02-16,2020021601018468,SKBBL,21,34,68,"1,175.00","79,900.00"
2020-02-16,2020021601018467,SKBBL,21,21,10,"1,175.00","11,750.00"
2020-02-16,2020021601018789,SLBBL,6,45,20,986.00,"19,720.00"
2020-02-16,2020021601018622,SLBBL,6,45,200,986.00,"197,200.00"
2020-02-16,2020021601018570,SLBBL,6,34,50,996.00,"49,800.00"
2020-02-16,2020021601018454,SLBBL,53,45,10,993.00,"9,930.00"
2020-02-16,2020021601018428,SLBBL,42,34,59,996.00,"58,764.00"
2020-02-16,2020021601018850,SLICL,36,28,100,500.00,"50,000.00"
2020-02-16,2020021601018799,SLICL,1,45,235,499.00,"117,265.00"
2020-02-16,2020021601018798,SLICL,35,45,100,499.00,"49,900.00"
2020-02-16,2020021601018797,SLICL,38,45,165,499.00,"82,335.00"
2020-02-16,2020021601018624,SLICL,48,49,245,499.00,"122,255.00"
2020-02-16,2020021601018621,SLICL,48,7,55,499.00,"27,445.00"
2020-02-16,2020021601018415,SLICL,5,48,100,499.00,"49,900.00"
2020-02-16,2020021601018651,SLICL,38,49,335,499.00,"167,165.00"
2020-02-16,2020021601018596,SMATA,34,26,70,829.00,"58,030.00"
2020-02-16,2020021601018411,SMFBS,52,19,40,"1,140.00","45,600.00"
2020-02-16,2020021601018858,SPDL,44,45,50,103.00,"5,150.00"
2020-02-16,2020021601018857,SPDL,44,6,280,103.00,"28,840.00"
2020-02-16,2020021601018779,SPDL,44,34,100,103.00,"10,300.00"
2020-02-16,2020021601018738,SRBL,4,34,500,247.00,"123,500.00"
2020-02-16,2020021601018737,SRBL,4,41,368,247.00,"90,896.00"
2020-02-16,2020021601018736,SRBL,4,34,500,247.00,"123,500.00"
2020-02-16,2020021601018735,SRBL,4,37,220,247.00,"54,340.00"
2020-02-16,2020021601018450,SRBL,45,39,50,246.00,"12,300.00"
2020-02-16,2020021601018728,STC,42,39,10,"2,601.00","26,010.00"
2020-02-16,2020021601018638,STC,42,34,10,"2,652.00","26,520.00"
2020-02-16,2020021601018487,STC,51,39,500,"2,600.00","1,300,000.00"
2020-02-16,2020021601018445,STC,38,52,170,"2,624.00","446,080.00"
2020-02-16,2020021601018585,SWBBL,21,51,50,"1,264.00","63,200.00"
2020-02-16,2020021601018452,SWBBL,51,5,100,"1,264.00","126,400.00"
2020-02-16,2020021601018451,SWBBL,51,58,197,"1,262.00","248,614.00"
2020-02-16,2020021601018871,UIC,8,33,50,440.00,"22,000.00"
2020-02-16,2020021601018715,UIC,54,33,50,440.00,"22,000.00"
2020-02-16,2020021601018877,UMHL,57,55,10,113.00,"1,130.00"
2020-02-16,2020021601018688,UMHL,37,59,237,111.00,"26,307.00"
2020-02-16,2020021601018575,UNHPL,49,33,10,57.00,570.00
2020-02-16,2020021601018573,UPPER,36,40,445,236.00,"105,020.00"
2020-02-16,2020021601018572,UPPER,43,40,555,236.00,"130,980.00"
2020-02-16,2020021601018472,VLBS,29,55,30,"1,132.00","33,960.00"
2020-02-16,2020021601018652,WOMI,58,38,145,"1,116.00","161,820.00"
2020-02-16,2020021601018519,WOMI,58,14,12,"1,119.00","13,428.00"
2020-02-16,2020021601018480,WOMI,58,34,100,"1,116.00","111,600.00"
2020-02-16,2020021601018479,WOMI,58,22,50,"1,116.00","55,800.00"
2020-02-16,2020021601018478,WOMI,58,25,10,"1,116.00","11,160.00"
2020-02-16,2020021601018477,WOMI,58,42,10,"1,115.00","11,150.00"
2020-02-16,2020021601018476,WOMI,58,51,20,"1,110.00","22,200.00"
2020-02-16,2020021601018475,WOMI,58,51,90,"1,110.00","99,900.00"
2020-02-16,2020021601018474,WOMI,58,8,"2,000","1,110.00","2,220,000.00"
2020-02-16,2020021601018473,WOMI,58,34,75,"1,108.00","83,100.00"
2020-02-16,2020021601018220,ADBL,14,25,95,390.00,"37,050.00"
2020-02-16,2020021601018219,ADBL,14,59,390,388.00,"151,320.00"
2020-02-16,2020021601018218,ADBL,14,25,15,387.00,"5,805.00"
2020-02-16,2020021601018082,ADBL,14,42,150,386.00,"57,900.00"
2020-02-16,2020021601018011,ADBL,14,49,117,386.00,"45,162.00"
2020-02-16,2020021601017889,ADBL,38,49,383,387.00,"148,221.00"
2020-02-16,2020021601018036,AKPL,36,10,"1,194",128.00,"152,832.00"
2020-02-16,2020021601018035,AKPL,28,10,300,129.00,"38,700.00"
2020-02-16,2020021601018034,AKPL,58,10,67,129.00,"8,643.00"
2020-02-16,2020021601018365,ALBSL,38,38,1,760.00,760.00
2020-02-16,2020021601018262,ALBSL,3,17,11,771.00,"8,481.00"
2020-02-16,2020021601018105,ALBSL,3,32,55,771.00,"42,405.00"
2020-02-16,2020021601018055,ALBSL,38,32,20,771.00,"15,420.00"
2020-02-16,2020021601018054,ALBSL,25,32,100,772.00,"77,200.00"
2020-02-16,2020021601018053,ALBSL,13,32,60,772.00,"46,320.00"
2020-02-16,2020021601018052,ALBSL,57,32,400,774.00,"309,600.00"
2020-02-16,2020021601018051,ALBSL,21,32,167,774.00,"129,258.00"
2020-02-16,2020021601018050,ALBSL,3,32,33,775.00,"25,575.00"
2020-02-16,2020021601018372,ALICL,38,58,500,641.00,"320,500.00"
2020-02-16,2020021601018348,ALICL,37,41,237,640.00,"151,680.00"
2020-02-16,2020021601018347,ALICL,37,58,50,640.00,"32,000.00"
2020-02-16,2020021601018319,ALICL,38,58,500,640.00,"320,000.00"
2020-02-16,2020021601018301,ALICL,38,58,450,640.00,"288,000.00"
2020-02-16,2020021601018300,ALICL,38,44,50,640.00,"32,000.00"
2020-02-16,2020021601018260,ALICL,38,57,500,639.00,"319,500.00"
2020-02-16,2020021601018253,ALICL,38,57,500,639.00,"319,500.00"
2020-02-16,2020021601018240,ALICL,33,49,71,636.00,"45,156.00"
2020-02-16,2020021601018196,ALICL,45,49,92,636.00,"58,512.00"
2020-02-16,2020021601018195,ALICL,40,49,500,636.00,"318,000.00"
2020-02-16,2020021601018147,ALICL,45,58,58,638.00,"37,004.00"
2020-02-16,2020021601017895,API,57,7,442,132.00,"58,344.00"
2020-02-16,2020021601017894,API,45,7,"1,000",132.00,"132,000.00"
2020-02-16,2020021601017893,API,14,7,113,132.00,"14,916.00"
2020-02-16,2020021601018222,BOKL,35,49,100,234.00,"23,400.00"
2020-02-16,2020021601018304,CBL,32,32,396,151.00,"59,796.00"
2020-02-16,2020021601018190,CBL,43,58,10,152.00,"1,520.00"
2020-02-16,2020021601017964,CBL,32,45,400,151.00,"60,400.00"
2020-02-16,2020021601018261,CCBL,52,48,500,184.00,"92,000.00"
2020-02-16,2020021601018318,CIT,1,19,50,"2,780.00","139,000.00"
2020-02-16,2020021601018187,CIT,18,16,310,"2,775.00","860,250.00"
2020-02-16,2020021601018158,CIT,37,46,200,"2,770.00","554,000.00"
2020-02-16,2020021601018157,CIT,45,16,35,"2,775.00","97,125.00"
2020-02-16,2020021601018098,CIT,18,16,500,"2,775.00","1,387,500.00"
2020-02-16,2020021601018047,CIT,34,16,55,"2,775.00","152,625.00"
2020-02-16,2020021601018045,CIT,37,16,100,"2,775.00","277,500.00"
2020-02-16,2020021601018273,CZBIL,41,35,50,194.00,"9,700.00"
2020-02-16,2020021601018131,CZBIL,59,35,10,194.00,"1,940.00"
2020-02-16,2020021601017999,CZBIL,8,35,300,194.00,"58,200.00"
2020-02-16,2020021601018239,DDBL,58,32,86,901.00,"77,486.00"
2020-02-16,2020021601018215,DDBL,26,45,30,904.00,"27,120.00"
2020-02-16,2020021601018164,EBL,44,16,500,637.00,"318,500.00"
2020-02-16,2020021601018163,EBL,44,36,200,637.00,"127,400.00"
2020-02-16,2020021601018162,EBL,44,22,172,637.00,"109,564.00"
2020-02-16,2020021601017956,EBL,45,49,47,634.00,"29,798.00"
2020-02-16,2020021601017955,EBL,33,49,453,635.00,"287,655.00"
2020-02-16,2020021601018277,EIC,17,46,59,455.00,"26,845.00"
2020-02-16,2020021601018276,EIC,17,36,191,455.00,"86,905.00"
2020-02-16,2020021601018128,EIC,39,36,100,455.00,"45,500.00"
2020-02-16,2020021601018103,EIC,33,36,109,455.00,"49,595.00"
2020-02-16,2020021601018102,EIC,33,48,91,454.00,"41,314.00"
2020-02-16,2020021601018075,EIC,40,22,50,453.00,"22,650.00"
2020-02-16,2020021601017916,EIC,43,57,400,452.00,"180,800.00"
2020-02-16,2020021601018030,EIC,40,56,110,453.00,"49,830.00"
2020-02-16,2020021601017958,EIC,28,48,110,454.00,"49,940.00"
2020-02-16,2020021601017957,EIC,28,16,890,454.00,"404,060.00"
2020-02-16,2020021601017919,EIC,41,57,265,450.00,"119,250.00"
2020-02-16,2020021601017918,EIC,58,57,235,450.00,"105,750.00"
2020-02-16,2020021601017917,EIC,3,57,100,452.00,"45,200.00"
2020-02-16,2020021601018325,FMDBL,18,37,436,485.00,"211,460.00"
2020-02-16,2020021601018324,FMDBL,18,26,64,485.00,"31,040.00"
2020-02-16,2020021601018226,FMDBL,34,26,100,485.00,"48,500.00"
2020-02-16,2020021601018117,FMDBL,28,26,55,485.00,"26,675.00"
2020-02-16,2020021601018112,FMDBL,5,26,281,485.00,"136,285.00"
2020-02-16,2020021601018111,FMDBL,5,29,219,485.00,"106,215.00"
2020-02-16,2020021601017988,FMDBL,34,29,100,485.00,"48,500.00"
2020-02-16,2020021601018243,GBBL,45,52,100,239.00,"23,900.00"
2020-02-16,2020021601018242,GBBL,45,14,550,239.00,"131,450.00"
2020-02-16,2020021601018202,GBBL,44,14,100,239.00,"23,900.00"
2020-02-16,2020021601018004,GBBL,44,14,50,239.00,"11,950.00"
2020-02-16,2020021601018297,GBIME,41,42,27,279.00,"7,533.00"
2020-02-16,2020021601018296,GBIME,41,49,70,279.00,"19,530.00"
2020-02-16,2020021601018295,GBIME,41,39,180,279.00,"50,220.00"
2020-02-16,2020021601018294,GBIME,41,43,150,279.00,"41,850.00"
2020-02-16,2020021601018293,GBIME,41,29,73,279.00,"20,367.00"
2020-02-16,2020021601018241,GBIME,42,52,200,278.00,"55,600.00"
2020-02-16,2020021601017961,GBIME,42,22,295,278.00,"82,010.00"
2020-02-16,2020021601017960,GBIME,42,29,360,278.00,"100,080.00"
2020-02-16,2020021601017959,GBIME,55,29,140,278.00,"38,920.00"
2020-02-16,2020021601018361,GBLBS,46,26,65,487.00,"31,655.00"
2020-02-16,2020021601018360,GBLBS,46,48,35,487.00,"17,045.00"
2020-02-16,2020021601018320,GBLBS,33,28,44,486.00,"21,384.00"
2020-02-16,2020021601018224,GBLBS,39,21,50,487.00,"24,350.00"
2020-02-16,2020021601017987,GBLBS,33,38,151,486.00,"73,386.00"
2020-02-16,2020021601017897,GILB,21,32,35,"1,453.00","50,855.00"
2020-02-16,2020021601017896,GILB,21,34,41,"1,450.00","59,450.00"
2020-02-16,2020021601017898,GILB,21,44,11,"1,454.00","15,994.00"
2020-02-16,2020021601018209,GLBSL,37,42,220,825.00,"181,500.00"
2020-02-16,2020021601018208,GLBSL,37,28,10,825.00,"8,250.00"
2020-02-16,2020021601018207,GLBSL,37,14,10,825.00,"8,250.00"
2020-02-16,2020021601018206,GLBSL,37,34,60,825.00,"49,500.00"
2020-02-16,2020021601018061,GLBSL,26,46,100,824.00,"82,400.00"
2020-02-16,2020021601018060,GLBSL,26,39,10,823.00,"8,230.00"
2020-02-16,2020021601018059,GLBSL,26,14,84,823.00,"69,132.00"
2020-02-16,2020021601018058,GLBSL,26,59,180,822.00,"147,960.00"
2020-02-16,2020021601017974,GLBSL,26,52,147,820.00,"120,540.00"
2020-02-16,2020021601018232,GLICL,7,57,200,821.00,"164,200.00"
2020-02-16,2020021601018088,GLICL,34,49,710,820.00,"582,200.00"
2020-02-16,2020021601018049,GLICL,6,49,290,820.00,"237,800.00"
2020-02-16,2020021601017950,GLICL,6,36,50,820.00,"41,000.00"
2020-02-16,2020021601017949,GLICL,6,34,20,820.00,"16,400.00"
2020-02-16,2020021601017948,GLICL,6,17,140,820.00,"114,800.00"
2020-02-16,2020021601018338,GMFBS,34,25,10,995.00,"9,950.00"
2020-02-16,2020021601018337,GMFBS,34,19,100,990.00,"99,000.00"
2020-02-16,2020021601018336,GMFBS,34,17,10,988.00,"9,880.00"
2020-02-16,2020021601018335,GMFBS,34,16,11,988.00,"10,868.00"
2020-02-16,2020021601018334,GMFBS,34,38,10,986.00,"9,860.00"
2020-02-16,2020021601018333,GMFBS,34,41,100,986.00,"98,600.00"
2020-02-16,2020021601018332,GMFBS,34,40,20,985.00,"19,700.00"
2020-02-16,2020021601018189,GMFBS,34,28,200,984.00,"196,800.00"
2020-02-16,2020021601018188,GMFBS,34,33,86,982.00,"84,452.00"
2020-02-16,2020021601018175,GRDBL,36,28,150,135.00,"20,250.00"
2020-02-16,2020021601018174,GRDBL,32,28,50,136.00,"6,800.00"
2020-02-16,2020021601018379,HBL,32,44,15,521.00,"7,815.00"
2020-02-16,2020021601018352,HBL,52,20,168,520.00,"87,360.00"
2020-02-16,2020021601018351,HBL,25,20,100,520.00,"52,000.00"
2020-02-16,2020021601018350,HBL,33,20,10,520.00,"5,200.00"
2020-02-16,2020021601018349,HBL,32,20,197,520.00,"102,440.00"
2020-02-16,2020021601018249,HBL,17,44,50,521.00,"26,050.00"
2020-02-16,2020021601018010,HBL,49,45,200,525.00,"105,000.00"
2020-02-16,2020021601018009,HBL,32,45,15,525.00,"7,875.00"
2020-02-16,2020021601018008,HBL,36,45,90,525.00,"47,250.00"
2020-02-16,2020021601017973,HBL,39,45,70,526.00,"36,820.00"
2020-02-16,2020021601017891,HBL,39,16,65,526.00,"34,190.00"
2020-02-16,2020021601017890,HBL,42,16,10,526.00,"5,260.00"
2020-02-16,2020021601018248,HBL,42,44,100,521.00,"52,100.00"
2020-02-16,2020021601018247,HBL,55,44,32,521.00,"16,672.00"
2020-02-16,2020021601018186,HBL,55,44,468,521.00,"243,828.00"
2020-02-16,2020021601018185,HBL,38,44,32,522.00,"16,704.00"
2020-02-16,2020021601018044,HBL,8,44,500,523.00,"261,500.00"
2020-02-16,2020021601018039,HBL,8,45,500,524.00,"262,000.00"
2020-02-16,2020021601018366,HDL,56,58,100,"1,427.00","142,700.00"
2020-02-16,2020021601018356,HDL,53,58,50,"1,427.00","71,350.00"
2020-02-16,2020021601018244,HDL,34,56,50,"1,426.00","71,300.00"
2020-02-16,2020021601018238,HDL,44,34,266,"1,428.00","379,848.00"
2020-02-16,2020021601018237,HDL,44,49,50,"1,428.00","71,400.00"
2020-02-16,2020021601018236,HDL,44,57,20,"1,428.00","28,560.00"
2020-02-16,2020021601017905,HDL,14,44,30,"1,427.00","42,810.00"
2020-02-16,2020021601017904,HDL,14,36,20,"1,427.00","28,540.00"
2020-02-16,2020021601017903,HDL,14,58,250,"1,427.00","356,750.00"
2020-02-16,2020021601017900,HDL,25,58,100,"1,427.00","142,700.00"
2020-02-16,2020021601018235,HDL,44,57,57,"1,428.00","81,396.00"
2020-02-16,2020021601018234,HDL,44,32,125,"1,428.00","178,500.00"
2020-02-16,2020021601018233,HDL,44,1,482,"1,427.00","687,814.00"
2020-02-16,2020021601018120,HDL,40,57,20,"1,428.00","28,560.00"
2020-02-16,2020021601018119,HDL,40,28,10,"1,427.00","14,270.00"
2020-02-16,2020021601018118,HDL,40,44,70,"1,427.00","99,890.00"
2020-02-16,2020021601018314,HGI,59,45,500,445.00,"222,500.00"
2020-02-16,2020021601018231,HGI,17,45,250,445.00,"111,250.00"
2020-02-16,2020021601018089,HGI,46,5,100,443.00,"44,300.00"
2020-02-16,2020021601017930,HGI,46,36,150,443.00,"66,450.00"
2020-02-16,2020021601017929,HGI,34,36,100,443.00,"44,300.00"
2020-02-16,2020021601018272,HIDCL,6,26,40,136.00,"5,440.00"
2020-02-16,2020021601018271,HIDCL,28,26,100,136.00,"13,600.00"
2020-02-16,2020021601018270,HIDCL,14,26,100,136.00,"13,600.00"
2020-02-16,2020021601017997,HIDCL,47,26,250,137.00,"34,250.00"
2020-02-16,2020021601017996,HIDCL,58,26,100,137.00,"13,700.00"
2020-02-16,2020021601017995,HIDCL,53,26,100,137.00,"13,700.00"
2020-02-16,2020021601017994,HIDCL,14,26,312,137.00,"42,744.00"
2020-02-16,2020021601017952,IGI,44,58,50,476.00,"23,800.00"
2020-02-16,2020021601018221,IGI,41,58,50,476.00,"23,800.00"
2020-02-16,2020021601018121,IGI,5,58,500,476.00,"238,000.00"
2020-02-16,2020021601018012,IGI,6,8,200,475.00,"95,000.00"
2020-02-16,2020021601017981,IGI,55,58,100,476.00,"47,600.00"
2020-02-16,2020021601017953,IGI,28,58,100,476.00,"47,600.00"
2020-02-16,2020021601018156,ILBS,51,45,10,948.00,"9,480.00"
2020-02-16,2020021601018155,ILBS,51,6,10,945.00,"9,450.00"
2020-02-16,2020021601018154,ILBS,51,52,51,945.00,"48,195.00"
2020-02-16,2020021601018153,ILBS,51,48,10,933.00,"9,330.00"
2020-02-16,2020021601018344,JBBL,35,47,222,188.00,"41,736.00"
2020-02-16,2020021601018343,JBBL,35,42,17,188.00,"3,196.00"
2020-02-16,2020021601018342,JBBL,35,59,200,188.00,"37,600.00"
2020-02-16,2020021601018341,JBBL,35,28,207,188.00,"38,916.00"
2020-02-16,2020021601018340,JBBL,35,45,153,188.00,"28,764.00"
2020-02-16,2020021601018339,JBBL,35,50,194,188.00,"36,472.00"
2020-02-16,2020021601018246,JBBL,41,50,500,188.00,"94,000.00"
2020-02-16,2020021601018133,JFL,19,42,400,170.00,"68,000.00"
2020-02-16,2020021601018132,JFL,26,42,600,170.00,"102,000.00"
2020-02-16,2020021601018073,JFL,26,42,100,170.00,"17,000.00"
2020-02-16,2020021601018072,JFL,51,42,500,171.00,"85,500.00"
2020-02-16,2020021601018071,JFL,6,42,500,171.00,"85,500.00"
2020-02-16,2020021601018070,JFL,14,42,"1,000",171.00,"171,000.00"
2020-02-16,2020021601018069,JFL,14,42,500,171.00,"85,500.00"
2020-02-16,2020021601018068,JFL,49,42,300,172.00,"51,600.00"
2020-02-16,2020021601018067,JFL,42,42,500,172.00,"86,000.00"
2020-02-16,2020021601018066,JFL,6,42,500,173.00,"86,500.00"
2020-02-16,2020021601018065,JFL,32,42,100,173.00,"17,300.00"
2020-02-16,2020021601018042,KBL,8,7,300,194.00,"58,200.00"
2020-02-16,2020021601018364,LBL,58,33,467,223.00,"104,141.00"
2020-02-16,2020021601018313,LBL,58,33,"1,500",223.00,"334,500.00"
2020-02-16,2020021601018255,LBL,57,33,500,223.00,"111,500.00"
2020-02-16,2020021601017888,LBL,51,5,500,223.00,"111,500.00"
2020-02-16,2020021601018194,LGIL,53,42,50,545.00,"27,250.00"
2020-02-16,2020021601018193,LGIL,53,1,100,545.00,"54,500.00"
2020-02-16,2020021601018192,LGIL,53,25,50,544.00,"27,200.00"
2020-02-16,2020021601018127,LGIL,45,42,20,544.00,"10,880.00"
2020-02-16,2020021601018126,LGIL,45,16,400,544.00,"217,600.00"
2020-02-16,2020021601018125,LGIL,45,53,200,543.00,"108,600.00"
2020-02-16,2020021601018124,LGIL,45,33,200,543.00,"108,600.00"
2020-02-16,2020021601018123,LGIL,45,35,50,543.00,"27,150.00"
2020-02-16,2020021601018038,LGIL,58,35,450,543.00,"244,350.00"
2020-02-16,2020021601018048,LICN,41,58,150,"1,339.00","200,850.00"
2020-02-16,2020021601017965,LICN,7,58,10,"1,339.00","13,390.00"
2020-02-16,2020021601017906,LICN,34,58,500,"1,339.00","669,500.00"
2020-02-16,2020021601017939,LLBS,56,25,155,"1,186.00","183,830.00"
2020-02-16,2020021601017938,LLBS,22,25,100,"1,187.00","118,700.00"
2020-02-16,2020021601017937,LLBS,11,25,45,"1,187.00","53,415.00"
2020-02-16,2020021601017993,MBL,21,37,10,234.00,"2,340.00"
2020-02-16,2020021601017992,MBL,21,11,294,234.00,"68,796.00"
2020-02-16,2020021601018323,MEGA,37,42,500,205.00,"102,500.00"
2020-02-16,2020021601018269,MEGA,52,42,200,205.00,"41,000.00"
2020-02-16,2020021601017944,MEGA,6,42,200,205.00,"41,000.00"
2020-02-16,2020021601017984,MERO,57,48,275,697.00,"191,675.00"
2020-02-16,2020021601017983,MERO,57,55,25,697.00,"17,425.00"
2020-02-16,2020021601018139,MERO,34,55,88,699.00,"61,512.00"
2020-02-16,2020021601018138,MERO,34,52,50,698.00,"34,900.00"
2020-02-16,2020021601018137,MERO,34,22,135,698.00,"94,230.00"
2020-02-16,2020021601018136,MERO,17,52,120,697.00,"83,640.00"
2020-02-16,2020021601018135,MERO,17,28,60,697.00,"41,820.00"
2020-02-16,2020021601018134,MERO,17,48,225,697.00,"156,825.00"
2020-02-16,2020021601018145,MERO,53,17,43,695.00,"29,885.00"
2020-02-16,2020021601018144,MERO,8,17,21,695.00,"14,595.00"
2020-02-16,2020021601018143,MERO,38,17,36,696.00,"25,056.00"
2020-02-16,2020021601018142,MERO,34,38,287,699.00,"200,613.00"
2020-02-16,2020021601018141,MERO,34,55,50,699.00,"34,950.00"
2020-02-16,2020021601018140,MERO,34,55,90,699.00,"62,910.00"
2020-02-16,2020021601018326,MLBL,52,26,28,215.00,"6,020.00"
2020-02-16,2020021601018146,MLBL,52,40,470,216.00,"101,520.00"
2020-02-16,2020021601017980,MLBL,52,19,46,215.00,"9,890.00"
2020-02-16,2020021601017979,MLBL,39,19,62,215.00,"13,330.00"
2020-02-16,2020021601018354,MNBBL,57,3,14,321.00,"4,494.00"
2020-02-16,2020021601018353,MNBBL,35,3,500,321.00,"160,500.00"
2020-02-16,2020021601017972,NADEP,26,8,61,800.00,"48,800.00"
2020-02-16,2020021601017971,NADEP,26,19,50,799.00,"39,950.00"
2020-02-16,2020021601017970,NADEP,26,56,60,799.00,"47,940.00"
2020-02-16,2020021601017969,NADEP,26,41,500,799.00,"399,500.00"
2020-02-16,2020021601017968,NADEP,26,33,50,799.00,"39,950.00"
2020-02-16,2020021601017967,NADEP,26,28,129,798.00,"102,942.00"
2020-02-16,2020021601017966,NADEP,26,25,150,797.00,"119,550.00"
2020-02-16,2020021601018380,NBL,45,10,70,268.00,"18,760.00"
2020-02-16,2020021601018363,NBL,19,10,30,268.00,"8,040.00"
2020-02-16,2020021601018245,NCCB,58,26,29,193.00,"5,597.00"
2020-02-16,2020021601018083,NCCB,58,26,"2,062",193.00,"397,966.00"
2020-02-16,2020021601018022,NHPC,45,56,808,58.00,"46,864.00"
2020-02-16,2020021601018021,NHPC,45,38,"1,000",58.00,"58,000.00"
2020-02-16,2020021601018020,NHPC,45,57,100,58.00,"5,800.00"
2020-02-16,2020021601018019,NHPC,45,21,40,57.00,"2,280.00"
2020-02-16,2020021601017936,NHPC,56,21,960,57.00,"54,720.00"
2020-02-16,2020021601017935,NHPC,56,51,150,57.00,"8,550.00"
2020-02-16,2020021601017934,NHPC,56,14,890,57.00,"50,730.00"
2020-02-16,2020021601017933,NHPC,56,21,"1,000",57.00,"57,000.00"
2020-02-16,2020021601017932,NHPC,56,34,"2,000",57.00,"114,000.00"
2020-02-16,2020021601017931,NHPC,56,42,"1,500",57.00,"85,500.00"
2020-02-16,2020021601017928,NHPC,58,42,500,57.00,"28,500.00"
2020-02-16,2020021601018229,NIB,44,34,211,372.00,"78,492.00"
2020-02-16,2020021601018032,NIB,26,28,50,373.00,"18,650.00"
2020-02-16,2020021601018357,NICA,11,4,100,508.00,"50,800.00"
2020-02-16,2020021601018302,NICA,39,4,500,508.00,"254,000.00"
2020-02-16,2020021601018116,NICA,8,4,200,508.00,"101,600.00"
2020-02-16,2020021601018115,NICA,49,6,10,508.00,"5,080.00"
2020-02-16,2020021601018099,NICA,44,21,767,507.00,"388,869.00"
2020-02-16,2020021601018031,NICA,44,21,767,507.00,"388,869.00"
2020-02-16,2020021601017943,NICA,44,45,700,507.00,"354,900.00"
2020-02-16,2020021601017942,NICA,44,40,167,507.00,"84,669.00"
2020-02-16,2020021601017910,NICA,18,58,100,506.00,"50,600.00"
2020-02-16,2020021601017909,NICA,40,58,100,506.00,"50,600.00"
2020-02-16,2020021601018355,NICL,3,46,200,471.00,"94,200.00"
2020-02-16,2020021601018346,NICL,3,33,250,471.00,"117,750.00"
2020-02-16,2020021601018345,NICL,3,52,100,471.00,"47,100.00"
2020-02-16,2020021601018169,NICL,33,45,500,470.00,"235,000.00"
2020-02-16,2020021601018168,NICL,33,42,25,470.00,"11,750.00"
2020-02-16,2020021601018167,NICL,33,44,29,470.00,"13,630.00"
2020-02-16,2020021601018166,NICL,33,44,83,470.00,"39,010.00"
2020-02-16,2020021601017927,NICL,33,44,17,470.00,"7,990.00"
2020-02-16,2020021601017926,NICL,33,38,243,470.00,"114,210.00"
2020-02-16,2020021601017925,NICL,33,45,40,470.00,"18,800.00"
2020-02-16,2020021601018275,NIL,11,49,200,614.00,"122,800.00"
2020-02-16,2020021601018274,NIL,5,49,88,614.00,"54,032.00"
2020-02-16,2020021601018254,NIL,45,49,50,614.00,"30,700.00"
2020-02-16,2020021601018037,NIL,5,7,112,613.00,"68,656.00"
2020-02-16,2020021601017901,NIL,50,49,50,614.00,"30,700.00"
2020-02-16,2020021601018177,NLIC,36,53,90,"1,168.00","105,120.00"
2020-02-16,2020021601018176,NLIC,36,35,10,"1,168.00","11,680.00"
2020-02-16,2020021601018104,NLIC,35,53,300,"1,168.00","350,400.00"
2020-02-16,2020021601018003,NLIC,34,48,250,"1,168.00","292,000.00"
2020-02-16,2020021601018002,NLIC,34,6,55,"1,168.00","64,240.00"
2020-02-16,2020021601018001,NLIC,34,45,350,"1,168.00","408,800.00"
2020-02-16,2020021601017962,NLIC,42,16,300,"1,167.00","350,100.00"
2020-02-16,2020021601018329,NLICL,16,25,274,709.00,"194,266.00"
2020-02-16,2020021601018268,NLICL,37,21,73,710.00,"51,830.00"
2020-02-16,2020021601018267,NLICL,37,42,30,710.00,"21,300.00"
2020-02-16,2020021601018266,NLICL,37,36,115,710.00,"81,650.00"
2020-02-16,2020021601018265,NLICL,37,44,58,710.00,"41,180.00"
2020-02-16,2020021601018264,NLICL,37,43,150,710.00,"106,500.00"
2020-02-16,2020021601018017,NLICL,50,44,40,710.00,"28,400.00"
2020-02-16,2020021601018016,NLICL,50,1,100,710.00,"71,000.00"
2020-02-16,2020021601018015,NLICL,50,54,160,710.00,"113,600.00"
2020-02-16,2020021601017954,NLICL,16,40,20,709.00,"14,180.00"
2020-02-16,2020021601017908,NLICL,13,40,200,709.00,"141,800.00"
2020-02-16,2020021601017907,NLICL,50,40,80,709.00,"56,720.00"
2020-02-16,2020021601018080,NLICL,5,33,100,710.00,"71,000.00"
2020-02-16,2020021601018079,NLICL,5,42,65,710.00,"46,150.00"
2020-02-16,2020021601018078,NLICL,5,56,29,710.00,"20,590.00"
2020-02-16,2020021601018077,NLICL,5,49,80,710.00,"56,800.00"
2020-02-16,2020021601018076,NLICL,5,44,160,710.00,"113,600.00"
2020-02-16,2020021601018043,NLICL,16,49,100,709.00,"70,900.00"
2020-02-16,2020021601018263,NLICL,37,50,74,710.00,"52,540.00"
2020-02-16,2020021601018258,NLICL,26,50,200,710.00,"142,000.00"
2020-02-16,2020021601018217,NLICL,56,50,226,710.00,"160,460.00"
2020-02-16,2020021601018216,NLICL,56,50,334,710.00,"237,140.00"
2020-02-16,2020021601018182,NLICL,16,50,106,709.00,"75,154.00"
2020-02-16,2020021601018081,NLICL,5,50,166,710.00,"117,860.00"
2020-02-16,2020021601018250,NMB,25,48,"1,500",380.00,"570,000.00"
2020-02-16,2020021601018110,NMB,56,48,200,380.00,"76,000.00"
2020-02-16,2020021601018109,NMB,42,48,300,380.00,"114,000.00"
2020-02-16,2020021601018108,NMB,25,48,185,380.00,"70,300.00"
2020-02-16,2020021601018101,NMB,11,57,212,381.00,"80,772.00"
2020-02-16,2020021601018100,NMB,11,51,88,381.00,"33,528.00"
2020-02-16,2020021601017941,NMB,53,51,57,381.00,"21,717.00"
2020-02-16,2020021601018204,NSEWA,1,43,100,833.00,"83,300.00"
2020-02-16,2020021601018087,NSEWA,41,34,30,849.00,"25,470.00"
2020-02-16,2020021601018362,NUBL,49,19,100,"1,059.00","105,900.00"
2020-02-16,2020021601018303,OHL,45,7,10,484.00,"4,840.00"
2020-02-16,2020021601018046,OHL,14,34,10,484.00,"4,840.00"
2020-02-16,2020021601018359,PIC,25,16,70,631.00,"44,170.00"
2020-02-16,2020021601018312,PIC,25,16,30,631.00,"18,930.00"
2020-02-16,2020021601018311,PIC,25,28,20,630.00,"12,600.00"
2020-02-16,2020021601018213,PIC,7,54,70,630.00,"44,100.00"
2020-02-16,2020021601018212,PIC,7,37,360,630.00,"226,800.00"
2020-02-16,2020021601018161,PIC,50,37,50,630.00,"31,500.00"
2020-02-16,2020021601018086,PIC,25,37,15,630.00,"9,450.00"
2020-02-16,2020021601018085,PIC,25,40,100,629.00,"62,900.00"
2020-02-16,2020021601017946,PLIC,34,38,100,624.00,"62,400.00"
2020-02-16,2020021601018257,PMHPL,56,38,10,90.00,900.00
2020-02-16,2020021601018385,PRIN,32,34,35,510.00,"17,850.00"
2020-02-16,2020021601018384,PRIN,32,1,15,510.00,"7,650.00"
2020-02-16,2020021601018383,PRIN,32,32,200,510.00,"102,000.00"
2020-02-16,2020021601018382,PRIN,32,4,50,510.00,"25,500.00"
2020-02-16,2020021601018376,PRIN,45,49,365,505.00,"184,325.00"
2020-02-16,2020021601018375,PRIN,35,49,35,505.00,"17,675.00"
2020-02-16,2020021601018251,PRIN,1,52,200,508.00,"101,600.00"
2020-02-16,2020021601018152,PRIN,44,17,740,507.00,"375,180.00"
2020-02-16,2020021601018096,PRIN,42,17,259,507.00,"131,313.00"
2020-02-16,2020021601018095,PRIN,42,51,241,506.00,"121,946.00"
2020-02-16,2020021601017982,PRIN,44,16,400,505.00,"202,000.00"
2020-02-16,2020021601018374,PRIN,44,49,100,505.00,"50,500.00"
2020-02-16,2020021601018309,PRIN,46,56,60,508.00,"30,480.00"
2020-02-16,2020021601018308,PRIN,46,44,50,508.00,"25,400.00"
2020-02-16,2020021601018307,PRIN,46,44,130,508.00,"66,040.00"
2020-02-16,2020021601018306,PRIN,46,13,200,508.00,"101,600.00"
2020-02-16,2020021601018252,PRIN,1,13,300,508.00,"152,400.00"
2020-02-16,2020021601018210,PRVU,58,49,10,243.00,"2,430.00"
2020-02-16,2020021601018205,PRVU,35,26,36,244.00,"8,784.00"
2020-02-16,2020021601018180,PRVU,35,48,464,244.00,"113,216.00"
2020-02-16,2020021601018179,PRVU,44,48,500,244.00,"122,000.00"
2020-02-16,2020021601018178,PRVU,36,48,536,244.00,"130,784.00"
2020-02-16,2020021601018097,RBCL,38,36,10,"9,890.00","98,900.00"
2020-02-16,2020021601017991,RBCL,41,6,10,"9,820.00","98,200.00"
2020-02-16,2020021601018256,RHPC,33,51,10,91.00,910.00
2020-02-16,2020021601018289,RHPL,49,35,50,170.00,"8,500.00"
2020-02-16,2020021601018288,RHPL,49,53,660,170.00,"112,200.00"
2020-02-16,2020021601018225,RHPL,22,53,300,170.00,"51,000.00"
2020-02-16,2020021601018084,RHPL,49,47,40,169.00,"6,760.00"
2020-02-16,2020021601017963,RLFL,44,48,399,142.00,"56,658.00"
2020-02-16,2020021601017913,RLFL,44,49,30,141.00,"4,230.00"
2020-02-16,2020021601017912,RLFL,44,35,200,140.00,"28,000.00"
2020-02-16,2020021601017911,RLFL,44,19,500,140.00,"70,000.00"
2020-02-16,2020021601018358,RMDC,53,58,"1,000",718.00,"718,000.00"
2020-02-16,2020021601018201,RMDC,53,25,500,717.00,"358,500.00"
2020-02-16,2020021601018200,RMDC,53,14,30,717.00,"21,510.00"
2020-02-16,2020021601018199,RMDC,53,1,40,717.00,"28,680.00"
2020-02-16,2020021601018198,RMDC,53,48,167,717.00,"119,739.00"
2020-02-16,2020021601018173,RMDC,56,48,10,717.00,"7,170.00"
2020-02-16,2020021601018172,RMDC,56,52,14,716.00,"10,024.00"
2020-02-16,2020021601018093,RMDC,56,52,217,716.00,"155,372.00"
2020-02-16,2020021601018092,RMDC,56,49,37,715.00,"26,455.00"
2020-02-16,2020021601018091,RMDC,56,59,50,710.00,"35,500.00"
2020-02-16,2020021601018090,RMDC,56,34,196,710.00,"139,160.00"
2020-02-16,2020021601018328,SBI,4,28,200,410.00,"82,000.00"
2020-02-16,2020021601018327,SBI,4,49,100,410.00,"41,000.00"
2020-02-16,2020021601018321,SBI,25,5,150,407.00,"61,050.00"
2020-02-16,2020021601018013,SBL,38,44,100,312.00,"31,200.00"
2020-02-16,2020021601018074,SCB,41,48,50,609.00,"30,450.00"
2020-02-16,2020021601018000,SCB,39,6,50,609.00,"30,450.00"
2020-02-16,2020021601018159,SDESI,10,49,100,994.00,"99,400.00"
2020-02-16,2020021601018298,SHIVM,58,58,100,601.00,"60,100.00"
2020-02-16,2020021601018285,SHIVM,17,46,141,605.00,"85,305.00"
2020-02-16,2020021601018284,SHIVM,17,29,75,605.00,"45,375.00"
2020-02-16,2020021601018283,SHIVM,17,5,100,605.00,"60,500.00"
2020-02-16,2020021601018282,SHIVM,17,47,100,605.00,"60,500.00"
2020-02-16,2020021601018281,SHIVM,17,6,200,605.00,"121,000.00"
2020-02-16,2020021601017915,SHIVM,38,1,"1,000",604.00,"604,000.00"
2020-02-16,2020021601017887,SHIVM,48,1,"1,000",604.00,"604,000.00"
2020-02-16,2020021601018023,SHIVM,19,14,505,605.00,"305,525.00"
2020-02-16,2020021601018007,SHIVM,7,7,100,604.00,"60,400.00"
2020-02-16,2020021601018005,SHIVM,16,14,100,605.00,"60,500.00"
2020-02-16,2020021601017998,SHIVM,7,22,119,604.00,"71,876.00"
2020-02-16,2020021601017986,SHIVM,28,22,81,604.00,"48,924.00"
2020-02-16,2020021601017985,SHIVM,28,1,419,604.00,"253,076.00"
2020-02-16,2020021601018029,SHIVM,19,34,925,605.00,"559,625.00"
2020-02-16,2020021601018028,SHIVM,19,34,200,605.00,"121,000.00"
2020-02-16,2020021601018027,SHIVM,19,42,10,605.00,"6,050.00"
2020-02-16,2020021601018026,SHIVM,19,37,250,605.00,"151,250.00"
2020-02-16,2020021601018025,SHIVM,19,41,50,605.00,"30,250.00"
2020-02-16,2020021601018024,SHIVM,19,41,60,605.00,"36,300.00"
2020-02-16,2020021601018150,SHIVM,17,14,40,605.00,"24,200.00"
2020-02-16,2020021601018149,SHIVM,17,52,200,605.00,"121,000.00"
2020-02-16,2020021601018148,SHIVM,17,6,575,605.00,"347,875.00"
2020-02-16,2020021601018094,SHIVM,7,48,100,604.00,"60,400.00"
2020-02-16,2020021601018041,SHIVM,48,6,925,605.00,"559,625.00"
2020-02-16,2020021601018040,SHIVM,48,34,75,605.00,"45,375.00"
2020-02-16,2020021601018280,SHIVM,17,35,50,605.00,"30,250.00"
2020-02-16,2020021601018279,SHIVM,17,51,15,605.00,"9,075.00"
2020-02-16,2020021601018278,SHIVM,17,56,319,604.00,"192,676.00"
2020-02-16,2020021601018223,SHIVM,7,56,181,604.00,"109,324.00"
2020-02-16,2020021601018151,SHIVM,17,51,185,605.00,"111,925.00"
2020-02-16,2020021601018259,SHL,51,34,"1,500",194.00,"291,000.00"
2020-02-16,2020021601017886,SHPC,34,47,165,220.00,"36,300.00"
2020-02-16,2020021601018381,SIC,16,53,20,795.00,"15,900.00"
2020-02-16,2020021601018287,SIC,16,58,200,780.00,"156,000.00"
2020-02-16,2020021601017924,SIC,33,58,92,780.00,"71,760.00"
2020-02-16,2020021601017923,SIC,28,58,108,780.00,"84,240.00"
2020-02-16,2020021601018373,SICL,5,57,200,"1,230.00","246,000.00"
2020-02-16,2020021601018310,SICL,38,50,400,"1,228.00","491,200.00"
2020-02-16,2020021601018203,SICL,48,50,100,"1,228.00","122,800.00"
2020-02-16,2020021601018191,SICL,41,33,50,"1,226.00","61,300.00"
2020-02-16,2020021601018184,SIL,5,41,100,600.00,"60,000.00"
2020-02-16,2020021601018114,SIL,28,41,10,601.00,"6,010.00"
2020-02-16,2020021601018367,SJCL,56,41,10,157.00,"1,570.00"
2020-02-16,2020021601018181,SJCL,49,8,20,156.00,"3,120.00"
2020-02-16,2020021601018113,SJCL,49,47,20,156.00,"3,120.00"
2020-02-16,2020021601018014,SJCL,8,33,20,157.00,"3,140.00"
2020-02-16,2020021601018171,SKBBL,35,21,40,"1,175.00","47,000.00"
2020-02-16,2020021601018170,SKBBL,35,16,10,"1,175.00","11,750.00"
2020-02-16,2020021601018331,SLBBL,53,6,10,993.00,"9,930.00"
2020-02-16,2020021601018330,SLBBL,53,34,130,993.00,"129,090.00"
2020-02-16,2020021601018291,SLBBL,32,34,170,993.00,"168,810.00"
2020-02-16,2020021601018290,SLBBL,32,42,30,989.00,"29,670.00"
2020-02-16,2020021601017940,SLBBL,6,44,164,985.00,"161,540.00"
2020-02-16,2020021601018378,SLICL,34,48,32,499.00,"15,968.00"
2020-02-16,2020021601018292,SLICL,43,28,200,500.00,"100,000.00"
2020-02-16,2020021601018286,SLICL,11,28,100,500.00,"50,000.00"
2020-02-16,2020021601018228,SLICL,34,44,17,499.00,"8,483.00"
2020-02-16,2020021601018227,SLICL,34,42,51,499.00,"25,449.00"
2020-02-16,2020021601018130,SLICL,1,42,283,499.00,"141,217.00"
2020-02-16,2020021601017899,SLICL,20,57,400,499.00,"199,600.00"
2020-02-16,2020021601017892,SLICL,5,57,200,499.00,"99,800.00"
2020-02-16,2020021601017989,SLICL,25,49,10,499.00,"4,990.00"
2020-02-16,2020021601017977,SLICL,6,49,40,499.00,"19,960.00"
2020-02-16,2020021601017976,SLICL,6,42,50,499.00,"24,950.00"
2020-02-16,2020021601017975,SLICL,6,57,410,499.00,"204,590.00"
2020-02-16,2020021601017945,SLICL,25,57,100,499.00,"49,900.00"
2020-02-16,2020021601017914,SLICL,25,57,200,499.00,"99,800.00"
2020-02-16,2020021601018129,SLICL,1,59,217,499.00,"108,283.00"
2020-02-16,2020021601018107,SLICL,48,59,18,499.00,"8,982.00"
2020-02-16,2020021601018106,SLICL,48,33,482,499.00,"240,518.00"
2020-02-16,2020021601018056,SLICL,35,59,100,499.00,"49,900.00"
2020-02-16,2020021601018006,SLICL,1,59,200,499.00,"99,800.00"
2020-02-16,2020021601017990,SLICL,25,59,90,499.00,"44,910.00"
2020-02-16,2020021601017978,SMATA,32,3,100,825.00,"82,500.00"
2020-02-16,2020021601018197,SMFBS,14,19,10,"1,142.00","11,420.00"
2020-02-16,2020021601018183,SMFBS,14,39,10,"1,147.00","11,470.00"
2020-02-16,2020021601018057,SMFBS,14,35,20,"1,129.00","22,580.00"
2020-02-16,2020021601018018,SMFBS,6,51,20,"1,125.00","22,500.00"
2020-02-16,2020021601018371,SRBL,14,14,74,246.00,"18,204.00"
2020-02-16,2020021601018370,SRBL,14,55,100,246.00,"24,600.00"
2020-02-16,2020021601018369,SRBL,14,19,200,246.00,"49,200.00"
2020-02-16,2020021601018368,SRBL,14,8,590,246.00,"145,140.00"
2020-02-16,2020021601018299,SRBL,4,53,"1,100",245.00,"269,500.00"
2020-02-16,2020021601018211,SRBL,4,59,23,245.00,"5,635.00"
2020-02-16,2020021601018322,STC,22,52,10,"2,638.00","26,380.00"
2020-02-16,2020021601018315,STC,38,52,200,"2,638.00","527,600.00"
2020-02-16,2020021601018122,STC,47,52,20,"2,638.00","52,760.00"
2020-02-16,2020021601017951,STC,38,46,150,"2,655.00","398,250.00"
2020-02-16,2020021601017922,STC,38,52,150,"2,655.00","398,250.00"
2020-02-16,2020021601017921,STC,43,52,50,"2,665.00","133,250.00"
2020-02-16,2020021601017920,STC,42,52,75,"2,670.00","200,250.00"
2020-02-16,2020021601018165,SWBBL,49,51,35,"1,255.00","43,925.00"
2020-02-16,2020021601017947,SWBBL,49,44,100,"1,255.00","125,500.00"
2020-02-16,2020021601018377,TRH,38,4,10,309.00,"3,090.00"
2020-02-16,2020021601018160,TRH,3,35,200,305.00,"61,000.00"
2020-02-16,2020021601018033,UIC,45,45,100,439.00,"43,900.00"
2020-02-16,2020021601017902,UMHL,37,59,101,111.00,"11,211.00"
2020-02-16,2020021601018317,UPPER,48,42,500,237.00,"118,500.00"
2020-02-16,2020021601018316,UPPER,34,42,160,237.00,"37,920.00"
2020-02-16,2020021601018230,UPPER,34,57,40,237.00,"9,480.00"
2020-02-16,2020021601018214,VLBS,55,55,20,"1,138.00","22,760.00"
2020-02-16,2020021601018305,WOMI,58,34,25,"1,108.00","27,700.00"
2020-02-16,2020021601018064,WOMI,21,51,10,"1,110.00","11,100.00"
2020-02-16,2020021601018063,WOMI,21,35,100,"1,110.00","111,000.00"
2020-02-16,2020021601018062,WOMI,21,37,40,"1,110.00","44,400.00"
2020-02-16,2020021601017849,ADBL,5,59,10,388.00,"3,880.00"
2020-02-16,2020021601017501,ADBL,38,58,16,387.00,"6,192.00"
2020-02-16,2020021601017639,AHPC,53,4,10,97.00,970.00
2020-02-16,2020021601017880,AKPL,58,59,71,129.00,"9,159.00"
2020-02-16,2020021601017814,AKPL,19,55,500,130.00,"65,000.00"
2020-02-16,2020021601017758,AKPL,58,44,"1,336",129.00,"172,344.00"
2020-02-16,2020021601017757,AKPL,58,1,513,129.00,"66,177.00"
2020-02-16,2020021601017756,AKPL,58,10,"3,013",128.00,"385,664.00"
2020-02-16,2020021601017638,AKPL,41,10,296,127.00,"37,592.00"
2020-02-16,2020021601017637,AKPL,57,10,500,127.00,"63,500.00"
2020-02-16,2020021601017636,AKPL,41,10,"1,000",127.00,"127,000.00"
2020-02-16,2020021601017635,AKPL,19,10,204,127.00,"25,908.00"
2020-02-16,2020021601017600,AKPL,43,40,"1,000",128.00,"128,000.00"
2020-02-16,2020021601017846,ALICL,32,8,300,636.00,"190,800.00"
2020-02-16,2020021601017684,ALICL,32,57,200,636.00,"127,200.00"
2020-02-16,2020021601017676,ALICL,38,58,142,638.00,"90,596.00"
2020-02-16,2020021601017675,ALICL,38,14,258,638.00,"164,604.00"
2020-02-16,2020021601017674,ALICL,38,8,100,637.00,"63,700.00"
2020-02-16,2020021601017604,API,25,7,33,133.00,"4,389.00"
2020-02-16,2020021601017570,API,56,7,200,133.00,"26,600.00"
2020-02-16,2020021601017569,API,26,7,212,133.00,"28,196.00"
2020-02-16,2020021601017556,API,26,25,"1,288",133.00,"171,304.00"
2020-02-16,2020021601017555,API,6,25,149,133.00,"19,817.00"
2020-02-16,2020021601017554,API,56,25,"1,000",133.00,"133,000.00"
2020-02-16,2020021601017553,API,16,25,"2,563",133.00,"340,879.00"
2020-02-16,2020021601017438,API,16,48,"1,000",133.00,"133,000.00"
2020-02-16,2020021601017395,API,25,33,13,134.00,"1,742.00"
2020-02-16,2020021601017423,BOKL,5,49,10,234.00,"2,340.00"
2020-02-16,2020021601017411,BPCL,29,36,16,336.00,"5,376.00"
2020-02-16,2020021601017410,BPCL,48,36,500,336.00,"168,000.00"
2020-02-16,2020021601017409,BPCL,52,36,50,336.00,"16,800.00"
2020-02-16,2020021601017408,BPCL,17,36,100,336.00,"33,600.00"
2020-02-16,2020021601017407,BPCL,58,36,200,336.00,"67,200.00"
2020-02-16,2020021601017406,BPCL,35,36,30,336.00,"10,080.00"
2020-02-16,2020021601017399,BPCL,52,36,150,337.00,"50,550.00"
2020-02-16,2020021601017398,BPCL,59,36,600,337.00,"202,200.00"
2020-02-16,2020021601017405,BPCL,42,36,200,336.00,"67,200.00"
2020-02-16,2020021601017404,BPCL,35,36,500,336.00,"168,000.00"
2020-02-16,2020021601017403,BPCL,44,36,203,336.00,"68,208.00"
2020-02-16,2020021601017402,BPCL,35,36,15,336.00,"5,040.00"
2020-02-16,2020021601017401,BPCL,21,36,80,336.00,"26,880.00"
2020-02-16,2020021601017400,BPCL,39,36,100,337.00,"33,700.00"
2020-02-16,2020021601017572,CBBL,6,44,200,"1,089.00","217,800.00"
2020-02-16,2020021601017542,CBBL,59,44,400,"1,088.00","435,200.00"
2020-02-16,2020021601017869,CBL,32,42,11,151.00,"1,661.00"
2020-02-16,2020021601017843,CBL,32,26,3,151.00,453.00
2020-02-16,2020021601017842,CBL,35,26,"3,600",151.00,"543,600.00"
2020-02-16,2020021601017631,CBL,8,26,"1,000",151.00,"151,000.00"
2020-02-16,2020021601017461,CBL,32,38,79,150.00,"11,850.00"
2020-02-16,2020021601017781,CCBL,52,32,"1,500",184.00,"276,000.00"
2020-02-16,2020021601017780,CCBL,52,59,201,184.00,"36,984.00"
2020-02-16,2020021601017779,CCBL,52,38,38,184.00,"6,992.00"
2020-02-16,2020021601017778,CCBL,52,14,500,184.00,"92,000.00"
2020-02-16,2020021601017777,CCBL,52,45,200,184.00,"36,800.00"
2020-02-16,2020021601017776,CCBL,52,52,300,184.00,"55,200.00"
2020-02-16,2020021601017775,CCBL,52,49,307,184.00,"56,488.00"
2020-02-16,2020021601017774,CCBL,52,50,"1,301",184.00,"239,384.00"
2020-02-16,2020021601017773,CCBL,52,20,46,184.00,"8,464.00"
2020-02-16,2020021601017772,CCBL,52,34,79,184.00,"14,536.00"
2020-02-16,2020021601017708,CCBL,32,42,42,183.00,"7,686.00"
2020-02-16,2020021601017538,CHCL,34,19,400,422.00,"168,800.00"
2020-02-16,2020021601017828,CIT,53,16,55,"2,770.00","152,350.00"
2020-02-16,2020021601017805,CIT,52,16,50,"2,770.00","138,500.00"
2020-02-16,2020021601017782,CIT,40,16,20,"2,770.00","55,400.00"
2020-02-16,2020021601017742,CIT,58,16,10,"2,770.00","27,700.00"
2020-02-16,2020021601017657,CIT,57,16,60,"2,770.00","166,200.00"
2020-02-16,2020021601017584,CIT,43,16,50,"2,770.00","138,500.00"
2020-02-16,2020021601017445,CIT,16,16,100,"2,770.00","277,000.00"
2020-02-16,2020021601017444,CIT,35,16,20,"2,770.00","55,400.00"
2020-02-16,2020021601017443,CIT,37,16,50,"2,771.00","138,550.00"
2020-02-16,2020021601017442,CIT,16,16,50,"2,775.00","138,750.00"
2020-02-16,2020021601017441,CIT,59,16,100,"2,776.00","277,600.00"
2020-02-16,2020021601017440,CIT,51,16,100,"2,777.00","277,700.00"
2020-02-16,2020021601017549,CIT,43,50,50,"2,769.00","138,450.00"
2020-02-16,2020021601017548,CIT,11,50,100,"2,769.00","276,900.00"
2020-02-16,2020021601017547,CIT,1,50,100,"2,769.00","276,900.00"
2020-02-16,2020021601017539,CIT,37,16,100,"2,770.00","277,000.00"
2020-02-16,2020021601017535,CIT,49,16,85,"2,770.00","235,450.00"
2020-02-16,2020021601017446,CIT,51,16,150,"2,770.00","415,500.00"
2020-02-16,2020021601017655,CMF1,47,21,"3,900",9.42,"36,738.00"
2020-02-16,2020021601017654,CMF1,41,21,"2,000",9.45,"18,900.00"
2020-02-16,2020021601017653,CMF1,21,21,"3,000",9.50,"28,500.00"
2020-02-16,2020021601017816,CZBIL,45,35,450,194.00,"87,300.00"
2020-02-16,2020021601017644,CZBIL,59,35,100,194.00,"19,400.00"
2020-02-16,2020021601017557,CZBIL,32,35,546,194.00,"105,924.00"
2020-02-16,2020021601017879,DDBL,26,7,100,904.00,"90,400.00"
2020-02-16,2020021601017878,DDBL,26,21,170,904.00,"153,680.00"
2020-02-16,2020021601017873,DDBL,42,21,50,904.00,"45,200.00"
2020-02-16,2020021601017633,DDBL,45,21,250,904.00,"226,000.00"
2020-02-16,2020021601017632,DDBL,45,29,50,903.00,"45,150.00"
2020-02-16,2020021601017664,EBL,54,22,78,637.00,"49,686.00"
2020-02-16,2020021601017663,EBL,54,25,100,637.00,"63,700.00"
2020-02-16,2020021601017662,EBL,54,58,22,636.00,"13,992.00"
2020-02-16,2020021601017563,EBL,40,58,400,636.00,"254,400.00"
2020-02-16,2020021601017464,EBL,33,16,75,635.00,"47,625.00"
2020-02-16,2020021601017752,EIC,52,56,100,453.00,"45,300.00"
2020-02-16,2020021601017751,EIC,34,56,300,453.00,"135,900.00"
2020-02-16,2020021601017750,EIC,33,56,50,453.00,"22,650.00"
2020-02-16,2020021601017718,EIC,7,16,110,454.00,"49,940.00"
2020-02-16,2020021601017717,EIC,7,37,100,454.00,"45,400.00"
2020-02-16,2020021601017716,EIC,7,55,290,454.00,"131,660.00"
2020-02-16,2020021601017418,EIC,50,33,500,454.00,"227,000.00"
2020-02-16,2020021601017417,EIC,50,8,100,454.00,"45,400.00"
2020-02-16,2020021601017649,EIC,29,55,400,454.00,"181,600.00"
2020-02-16,2020021601017485,EIC,36,55,310,454.00,"140,740.00"
2020-02-16,2020021601017484,EIC,36,57,50,454.00,"22,700.00"
2020-02-16,2020021601017483,EIC,36,29,140,454.00,"63,560.00"
2020-02-16,2020021601017420,EIC,50,29,350,454.00,"158,900.00"
2020-02-16,2020021601017419,EIC,50,50,50,454.00,"22,700.00"
2020-02-16,2020021601017673,FMDBL,43,29,81,485.00,"39,285.00"
2020-02-16,2020021601017672,FMDBL,43,14,49,485.00,"23,765.00"
2020-02-16,2020021601017671,FMDBL,43,58,370,485.00,"179,450.00"
2020-02-16,2020021601017648,FMDBL,42,58,100,485.00,"48,500.00"
2020-02-16,2020021601017517,FMDBL,21,14,807,483.00,"389,781.00"
2020-02-16,2020021601017516,FMDBL,37,14,170,483.00,"82,110.00"
2020-02-16,2020021601017503,FMDBL,18,11,100,484.00,"48,400.00"
2020-02-16,2020021601017800,FOWAD,49,38,438,"1,555.00","681,090.00"
2020-02-16,2020021601017386,FOWAD,32,44,49,"1,547.00","75,803.00"
2020-02-16,2020021601017629,GBBL,44,14,50,239.00,"11,950.00"
2020-02-16,2020021601017598,GBBL,44,14,100,239.00,"23,900.00"
2020-02-16,2020021601017583,GBBL,17,14,500,239.00,"119,500.00"
2020-02-16,2020021601017534,GBBL,44,14,100,239.00,"23,900.00"
2020-02-16,2020021601017469,GBBL,44,14,50,239.00,"11,950.00"
2020-02-16,2020021601017730,GBIME,55,19,860,278.00,"239,080.00"
2020-02-16,2020021601017729,GBIME,51,19,140,278.00,"38,920.00"
2020-02-16,2020021601017434,GBIME,37,29,200,279.00,"55,800.00"
2020-02-16,2020021601017785,GBLBS,43,38,500,487.00,"243,500.00"
2020-02-16,2020021601017597,GBLBS,13,38,349,487.00,"169,963.00"
2020-02-16,2020021601017482,GBLBS,33,52,300,486.00,"145,800.00"
2020-02-16,2020021601017594,GGBSL,45,58,40,925.00,"37,000.00"
2020-02-16,2020021601017593,GGBSL,38,58,20,925.00,"18,500.00"
2020-02-16,2020021601017551,GILB,51,44,33,"1,450.00","47,850.00"
2020-02-16,2020021601017550,GILB,51,56,35,"1,449.00","50,715.00"
2020-02-16,2020021601017436,GIMES1,26,14,"14,400",8.20,"118,080.00"
2020-02-16,2020021601017650,GLBSL,26,34,10,820.00,"8,200.00"
2020-02-16,2020021601017810,GLICL,46,38,50,819.00,"40,950.00"
2020-02-16,2020021601017720,GLICL,6,38,200,819.00,"163,800.00"
2020-02-16,2020021601017719,GLICL,34,37,80,818.00,"65,440.00"
2020-02-16,2020021601017702,GLICL,49,38,200,819.00,"163,800.00"
2020-02-16,2020021601017701,GLICL,42,38,50,819.00,"40,950.00"
2020-02-16,2020021601017544,GLICL,28,17,60,820.00,"49,200.00"
2020-02-16,2020021601017543,GLICL,28,25,140,820.00,"114,800.00"
2020-02-16,2020021601017510,GLICL,1,25,162,820.00,"132,840.00"
2020-02-16,2020021601017834,GMFBS,14,28,50,980.00,"49,000.00"
2020-02-16,2020021601017833,GMFBS,14,34,550,979.00,"538,450.00"
2020-02-16,2020021601017832,GMFBS,14,6,130,979.00,"127,270.00"
2020-02-16,2020021601017831,GMFBS,14,25,10,975.00,"9,750.00"
2020-02-16,2020021601017830,GMFBS,14,42,100,975.00,"97,500.00"
2020-02-16,2020021601017829,GMFBS,14,45,150,970.00,"145,500.00"
2020-02-16,2020021601017495,GMFBS,34,57,50,967.00,"48,350.00"
2020-02-16,2020021601017422,GMFIL,17,55,500,135.00,"67,500.00"
2020-02-16,2020021601017850,HDL,34,34,160,"1,426.00","228,160.00"
2020-02-16,2020021601017822,HDL,33,34,40,"1,426.00","57,040.00"
2020-02-16,2020021601017821,HDL,33,58,10,"1,426.00","14,260.00"
2020-02-16,2020021601017795,HDL,16,35,50,"1,425.00","71,250.00"
2020-02-16,2020021601017794,HDL,16,44,100,"1,425.00","142,500.00"
2020-02-16,2020021601017793,HDL,16,19,200,"1,425.00","285,000.00"
2020-02-16,2020021601017722,HDL,21,48,100,"1,423.00","142,300.00"
2020-02-16,2020021601017721,HDL,26,48,25,"1,423.00","35,575.00"
2020-02-16,2020021601017677,HDL,37,51,100,"1,424.00","142,400.00"
2020-02-16,2020021601017670,HDL,53,51,500,"1,424.00","712,000.00"
2020-02-16,2020021601017792,HDL,16,45,100,"1,425.00","142,500.00"
2020-02-16,2020021601017791,HDL,16,29,100,"1,425.00","142,500.00"
2020-02-16,2020021601017790,HDL,16,46,100,"1,425.00","142,500.00"
2020-02-16,2020021601017789,HDL,16,21,500,"1,424.00","712,000.00"
2020-02-16,2020021601017788,HDL,16,51,400,"1,424.00","569,600.00"
2020-02-16,2020021601017787,HDL,16,48,75,"1,423.00","106,725.00"
2020-02-16,2020021601017741,HGI,43,58,100,443.00,"44,300.00"
2020-02-16,2020021601017685,HIDCL,17,25,100,138.00,"13,800.00"
2020-02-16,2020021601017561,HIDCL,41,25,50,138.00,"6,900.00"
2020-02-16,2020021601017505,HURJA,58,41,270,107.00,"28,890.00"
2020-02-16,2020021601017546,ICFC,26,33,10,184.00,"1,840.00"
2020-02-16,2020021601017743,IGI,40,34,400,478.00,"191,200.00"
2020-02-16,2020021601017679,ILBS,34,34,10,933.00,"9,330.00"
2020-02-16,2020021601017678,ILBS,34,56,10,933.00,"9,330.00"
2020-02-16,2020021601017437,ILBS,28,46,10,930.00,"9,300.00"
2020-02-16,2020021601017841,KBL,37,45,25,193.00,"4,825.00"
2020-02-16,2020021601017669,KBL,45,7,700,194.00,"135,800.00"
2020-02-16,2020021601017618,KBL,37,34,140,193.00,"27,020.00"
2020-02-16,2020021601017617,KBL,37,13,61,193.00,"11,773.00"
2020-02-16,2020021601017558,KBL,22,13,500,193.00,"96,500.00"
2020-02-16,2020021601017524,KBL,22,13,500,193.00,"96,500.00"
2020-02-16,2020021601017506,KBL,46,45,50,192.00,"9,600.00"
2020-02-16,2020021601017425,LBBL,45,38,710,192.00,"136,320.00"
2020-02-16,2020021601017424,LBBL,45,38,"1,249",192.00,"239,808.00"
2020-02-16,2020021601017804,LGIL,38,47,500,542.00,"271,000.00"
2020-02-16,2020021601017703,LGIL,25,48,700,540.00,"378,000.00"
2020-02-16,2020021601017647,LGIL,22,48,300,540.00,"162,000.00"
2020-02-16,2020021601017623,LGIL,6,45,50,542.00,"27,100.00"
2020-02-16,2020021601017622,LGIL,6,48,200,542.00,"108,400.00"
2020-02-16,2020021601017596,LGIL,52,50,240,541.00,"129,840.00"
2020-02-16,2020021601017450,LGIL,44,25,500,540.00,"270,000.00"
2020-02-16,2020021601017449,LGIL,44,29,995,540.00,"537,300.00"
2020-02-16,2020021601017448,LGIL,44,28,500,540.00,"270,000.00"
2020-02-16,2020021601017447,LGIL,44,45,94,540.00,"50,760.00"
2020-02-16,2020021601017537,LGIL,52,50,260,541.00,"140,660.00"
2020-02-16,2020021601017536,LGIL,52,56,240,541.00,"129,840.00"
2020-02-16,2020021601017454,LGIL,44,49,16,540.00,"8,640.00"
2020-02-16,2020021601017453,LGIL,44,42,10,540.00,"5,400.00"
2020-02-16,2020021601017452,LGIL,44,48,200,540.00,"108,000.00"
2020-02-16,2020021601017451,LGIL,44,53,100,540.00,"54,000.00"
2020-02-16,2020021601017739,LICN,25,58,10,"1,339.00","13,390.00"
2020-02-16,2020021601017707,LICN,7,25,50,"1,336.00","66,800.00"
2020-02-16,2020021601017704,LICN,28,58,100,"1,339.00","133,900.00"
2020-02-16,2020021601017518,LICN,7,49,90,"1,336.00","120,240.00"
2020-02-16,2020021601017435,LICN,26,49,10,"1,336.00","13,360.00"
2020-02-16,2020021601017592,MBL,39,45,20,233.00,"4,660.00"
2020-02-16,2020021601017861,MERO,38,6,100,696.00,"69,600.00"
2020-02-16,2020021601017860,MERO,38,26,64,696.00,"44,544.00"
2020-02-16,2020021601017763,MERO,8,34,200,695.00,"139,000.00"
2020-02-16,2020021601017762,MERO,8,25,109,695.00,"75,755.00"
2020-02-16,2020021601017761,MERO,8,45,100,695.00,"69,500.00"
2020-02-16,2020021601017760,MERO,8,36,70,695.00,"48,650.00"
2020-02-16,2020021601017652,MERO,25,34,100,692.00,"69,200.00"
2020-02-16,2020021601017651,MERO,25,34,200,692.00,"138,400.00"
2020-02-16,2020021601017545,MERO,18,36,30,695.00,"20,850.00"
2020-02-16,2020021601017646,MLBBL,49,28,50,885.00,"44,250.00"
2020-02-16,2020021601017645,MLBBL,49,25,100,885.00,"88,500.00"
2020-02-16,2020021601017605,MLBBL,26,52,333,870.00,"289,710.00"
2020-02-16,2020021601017812,MLBL,51,40,200,216.00,"43,200.00"
2020-02-16,2020021601017755,MLBL,41,40,80,216.00,"17,280.00"
2020-02-16,2020021601017609,MNBBL,56,47,279,322.00,"89,838.00"
2020-02-16,2020021601017608,MNBBL,56,14,500,322.00,"161,000.00"
2020-02-16,2020021601017811,NABIL,1,16,15,722.00,"10,830.00"
2020-02-16,2020021601017715,NABIL,41,16,200,722.00,"144,400.00"
2020-02-16,2020021601017714,NABIL,17,16,20,722.00,"14,440.00"
2020-02-16,2020021601017713,NABIL,42,16,15,722.00,"10,830.00"
2020-02-16,2020021601017712,NABIL,41,16,200,723.00,"144,600.00"
2020-02-16,2020021601017711,NABIL,41,16,70,723.00,"50,610.00"
2020-02-16,2020021601017799,NADEP,18,16,100,796.00,"79,600.00"
2020-02-16,2020021601017621,NADEP,6,22,20,790.00,"15,800.00"
2020-02-16,2020021601017525,NADEP,18,28,54,798.00,"43,092.00"
2020-02-16,2020021601017458,NADEP,53,28,317,798.00,"252,966.00"
2020-02-16,2020021601017457,NADEP,53,34,26,797.00,"20,722.00"
2020-02-16,2020021601017456,NADEP,53,55,57,797.00,"45,429.00"
2020-02-16,2020021601017390,NADEP,18,16,10,795.00,"7,950.00"
2020-02-16,2020021601017389,NADEP,18,33,50,795.00,"39,750.00"
2020-02-16,2020021601017854,NBB,38,5,150,205.00,"30,750.00"
2020-02-16,2020021601017394,NBB,38,38,83,203.00,"16,849.00"
2020-02-16,2020021601017393,NBB,11,38,100,204.00,"20,400.00"
2020-02-16,2020021601017661,NBL,42,6,85,267.00,"22,695.00"
2020-02-16,2020021601017625,NBL,42,6,55,267.00,"14,685.00"
2020-02-16,2020021601017603,NBL,42,47,500,267.00,"133,500.00"
2020-02-16,2020021601017455,NBL,42,38,108,267.00,"28,836.00"
2020-02-16,2020021601017754,NCCB,52,42,51,194.00,"9,894.00"
2020-02-16,2020021601017753,NCCB,52,52,49,194.00,"9,506.00"
2020-02-16,2020021601017620,NCCB,58,16,575,193.00,"110,975.00"
2020-02-16,2020021601017619,NCCB,47,16,120,193.00,"23,160.00"
2020-02-16,2020021601017728,NIB,44,17,50,373.00,"18,650.00"
2020-02-16,2020021601017727,NIB,44,17,290,373.00,"108,170.00"
2020-02-16,2020021601017726,NIB,44,45,44,373.00,"16,412.00"
2020-02-16,2020021601017687,NICA,45,40,133,507.00,"67,431.00"
2020-02-16,2020021601017686,NICA,45,8,867,507.00,"439,569.00"
2020-02-16,2020021601017552,NICA,39,8,100,507.00,"50,700.00"
2020-02-16,2020021601017526,NICA,25,8,"1,000",507.00,"507,000.00"
2020-02-16,2020021601017487,NICA,40,28,400,506.00,"202,400.00"
2020-02-16,2020021601017486,NICA,25,28,300,506.00,"151,800.00"
2020-02-16,2020021601017875,NICL,39,38,27,470.00,"12,690.00"
2020-02-16,2020021601017874,NICL,39,38,83,470.00,"39,010.00"
2020-02-16,2020021601017867,NICL,22,58,183,468.00,"85,644.00"
2020-02-16,2020021601017866,NICL,33,58,450,468.00,"210,600.00"
2020-02-16,2020021601017865,NICL,51,58,100,468.00,"46,800.00"
2020-02-16,2020021601017864,NICL,34,58,500,469.00,"234,500.00"
2020-02-16,2020021601017690,NICL,5,44,200,469.00,"93,800.00"
2020-02-16,2020021601017601,NICL,44,44,500,469.00,"234,500.00"
2020-02-16,2020021601017476,NICL,37,44,300,469.00,"140,700.00"
2020-02-16,2020021601017863,NICL,33,58,100,469.00,"46,900.00"
2020-02-16,2020021601017862,NICL,51,58,667,469.00,"312,823.00"
2020-02-16,2020021601017848,NICL,43,1,500,470.00,"235,000.00"
2020-02-16,2020021601017784,NICL,51,43,66,469.00,"30,954.00"
2020-02-16,2020021601017783,NICL,51,44,"1,267",469.00,"594,223.00"
2020-02-16,2020021601017764,NICL,33,44,200,469.00,"93,800.00"
2020-02-16,2020021601017852,NIL,14,49,153,614.00,"93,942.00"
2020-02-16,2020021601017851,NIL,14,28,47,614.00,"28,858.00"
2020-02-16,2020021601017504,NIL,49,50,200,613.00,"122,600.00"
2020-02-16,2020021601017468,NIL,19,28,53,614.00,"32,542.00"
2020-02-16,2020021601017467,NIL,19,42,100,614.00,"61,400.00"
2020-02-16,2020021601017466,NIL,19,56,80,614.00,"49,120.00"
2020-02-16,2020021601017465,NIL,19,25,67,614.00,"41,138.00"
2020-02-16,2020021601017416,NIL,46,4,600,613.00,"367,800.00"
2020-02-16,2020021601017415,NIL,46,28,"1,000",613.00,"613,000.00"
2020-02-16,2020021601017414,NIL,46,45,100,613.00,"61,300.00"
2020-02-16,2020021601017413,NIL,46,28,500,613.00,"306,500.00"
2020-02-16,2020021601017759,NLBBL,44,46,50,870.00,"43,500.00"
2020-02-16,2020021601017481,NLBBL,58,46,265,870.00,"230,550.00"
2020-02-16,2020021601017480,NLBBL,58,58,235,870.00,"204,450.00"
2020-02-16,2020021601017585,NLIC,45,46,22,"1,165.00","25,630.00"
2020-02-16,2020021601017573,NLIC,56,28,200,"1,169.00","233,800.00"
2020-02-16,2020021601017523,NLIC,21,28,128,"1,169.00","149,632.00"
2020-02-16,2020021601017522,NLIC,21,17,100,"1,168.00","116,800.00"
2020-02-16,2020021601017521,NLIC,21,10,22,"1,167.00","25,674.00"
2020-02-16,2020021601017397,NLIC,14,28,134,"1,169.00","156,646.00"
2020-02-16,2020021601017659,NLICL,50,8,620,709.00,"439,580.00"
2020-02-16,2020021601017656,NLICL,21,8,80,709.00,"56,720.00"
2020-02-16,2020021601017591,NLICL,39,8,300,709.00,"212,700.00"
2020-02-16,2020021601017388,NLICL,55,54,40,710.00,"28,400.00"
2020-02-16,2020021601017387,NLICL,55,28,10,710.00,"7,100.00"
2020-02-16,2020021601017460,NTC,19,41,30,619.00,"18,570.00"
2020-02-16,2020021601017568,NUBL,28,19,100,"1,058.00","105,800.00"
2020-02-16,2020021601017856,PCBL,32,25,100,277.00,"27,700.00"
2020-02-16,2020021601017855,PCBL,32,13,"1,185",277.00,"328,245.00"
2020-02-16,2020021601017747,PCBL,8,34,103,275.00,"28,325.00"
2020-02-16,2020021601017746,PCBL,1,34,"1,277",275.00,"351,175.00"
2020-02-16,2020021601017745,PCBL,8,34,620,276.00,"171,120.00"
2020-02-16,2020021601017511,PIC,25,37,50,630.00,"31,500.00"
2020-02-16,2020021601017499,PIC,25,37,25,630.00,"15,750.00"
2020-02-16,2020021601017492,PIC,25,43,94,630.00,"59,220.00"
2020-02-16,2020021601017491,PIC,25,35,200,630.00,"126,000.00"
2020-02-16,2020021601017490,PIC,25,8,20,630.00,"12,600.00"
2020-02-16,2020021601017489,PIC,25,45,15,630.00,"9,450.00"
2020-02-16,2020021601017488,PIC,25,14,146,630.00,"91,980.00"
2020-02-16,2020021601017877,PICL,19,45,170,541.00,"91,970.00"
2020-02-16,2020021601017876,PICL,19,10,30,541.00,"16,230.00"
2020-02-16,2020021601017803,PICL,35,34,80,540.00,"43,200.00"
2020-02-16,2020021601017802,PICL,35,50,50,540.00,"27,000.00"
2020-02-16,2020021601017840,PLIC,40,38,200,624.00,"124,800.00"
2020-02-16,2020021601017801,PLIC,42,38,60,624.00,"37,440.00"
2020-02-16,2020021601017610,PPCL,14,21,100,129.00,"12,900.00"
2020-02-16,2020021601017479,PPCL,39,46,200,131.00,"26,200.00"
2020-02-16,2020021601017668,PRIN,44,43,100,505.00,"50,500.00"
2020-02-16,2020021601017667,PRIN,44,17,600,505.00,"303,000.00"
2020-02-16,2020021601017666,PRIN,44,49,"2,460",505.00,"1,242,300.00"
2020-02-16,2020021601017665,PRIN,44,25,373,505.00,"188,365.00"
2020-02-16,2020021601017660,PRIN,42,25,500,505.00,"252,500.00"
2020-02-16,2020021601017627,PRIN,36,16,300,502.00,"150,600.00"
2020-02-16,2020021601017615,PRIN,44,25,850,505.00,"429,250.00"
2020-02-16,2020021601017614,PRIN,44,25,"1,000",505.00,"505,000.00"
2020-02-16,2020021601017613,PRIN,44,25,200,505.00,"101,000.00"
2020-02-16,2020021601017612,PRIN,44,25,450,505.00,"227,250.00"
2020-02-16,2020021601017562,PRIN,11,25,50,505.00,"25,250.00"
2020-02-16,2020021601017475,PRIN,44,54,500,504.00,"252,000.00"
2020-02-16,2020021601017541,PRVU,36,59,464,244.00,"113,216.00"
2020-02-16,2020021601017628,RBCL,51,55,10,"9,821.00","98,210.00"
2020-02-16,2020021601017509,RBCL,32,57,10,"9,890.00","98,900.00"
2020-02-16,2020021601017508,RBCL,32,36,10,"9,888.00","98,880.00"
2020-02-16,2020021601017432,RBCL,28,57,10,"9,830.00","98,300.00"
2020-02-16,2020021601017818,RHPC,29,59,500,90.00,"45,000.00"
2020-02-16,2020021601017502,RHPC,4,16,500,91.00,"45,500.00"
2020-02-16,2020021601017412,RHPC,29,59,300,91.00,"27,300.00"
2020-02-16,2020021601017606,RHPL,8,53,40,170.00,"6,800.00"
2020-02-16,2020021601017839,RMDC,1,34,500,710.00,"355,000.00"
2020-02-16,2020021601017838,RMDC,50,34,66,710.00,"46,860.00"
2020-02-16,2020021601017837,RMDC,58,34,200,711.00,"142,200.00"
2020-02-16,2020021601017836,RMDC,58,34,38,713.00,"27,094.00"
2020-02-16,2020021601017566,RMDC,58,49,13,715.00,"9,295.00"
2020-02-16,2020021601017474,RMDC,58,48,23,717.00,"16,491.00"
2020-02-16,2020021601017473,RMDC,58,8,100,716.00,"71,600.00"
2020-02-16,2020021601017472,RMDC,58,14,52,716.00,"37,232.00"
2020-02-16,2020021601017471,RMDC,58,1,75,716.00,"53,700.00"
2020-02-16,2020021601017740,RRHP,38,22,10,100.00,"1,000.00"
2020-02-16,2020021601017817,SABSL,8,8,10,938.00,"9,380.00"
2020-02-16,2020021601017689,SANIMA,36,34,644,344.00,"221,536.00"
2020-02-16,2020021601017688,SANIMA,4,34,71,345.00,"24,495.00"
2020-02-16,2020021601017595,SBI,37,57,346,408.00,"141,168.00"
2020-02-16,2020021601017616,SBL,50,21,300,311.00,"93,300.00"
2020-02-16,2020021601017872,SDESI,4,49,10,994.00,"9,940.00"
2020-02-16,2020021601017871,SDESI,4,4,50,993.00,"49,650.00"
2020-02-16,2020021601017870,SDESI,4,40,50,993.00,"49,650.00"
2020-02-16,2020021601017515,SDESI,4,4,100,992.00,"99,200.00"
2020-02-16,2020021601017514,SDESI,4,41,100,990.00,"99,000.00"
2020-02-16,2020021601017513,SDESI,4,14,150,989.00,"148,350.00"
2020-02-16,2020021601017512,SDESI,4,33,50,988.00,"49,400.00"
2020-02-16,2020021601017567,SHINE,51,21,44,279.00,"12,276.00"
2020-02-16,2020021601017845,SHIVM,28,1,531,604.00,"320,724.00"
2020-02-16,2020021601017844,SHIVM,28,28,469,603.00,"282,807.00"
2020-02-16,2020021601017835,SHIVM,34,28,200,603.00,"120,600.00"
2020-02-16,2020021601017736,SHIVM,58,42,991,601.00,"595,591.00"
2020-02-16,2020021601017735,SHIVM,6,42,240,601.00,"144,240.00"
2020-02-16,2020021601017734,SHIVM,36,42,"1,000",601.00,"601,000.00"
2020-02-16,2020021601017463,SHIVM,58,28,200,603.00,"120,600.00"
2020-02-16,2020021601017462,SHIVM,58,28,"1,000",602.00,"602,000.00"
2020-02-16,2020021601017590,SHIVM,49,46,200,603.00,"120,600.00"
2020-02-16,2020021601017589,SHIVM,49,43,"1,170",603.00,"705,510.00"
2020-02-16,2020021601017588,SHIVM,49,28,"1,569",603.00,"946,107.00"
2020-02-16,2020021601017587,SHIVM,49,42,680,602.00,"409,360.00"
2020-02-16,2020021601017586,SHIVM,49,28,"1,000",602.00,"602,000.00"
2020-02-16,2020021601017519,SHIVM,38,57,110,601.00,"66,110.00"
2020-02-16,2020021601017733,SHIVM,50,42,200,601.00,"120,200.00"
2020-02-16,2020021601017732,SHIVM,17,42,"1,000",601.00,"601,000.00"
2020-02-16,2020021601017731,SHIVM,38,42,390,601.00,"234,390.00"
2020-02-16,2020021601017634,SHIVM,49,28,331,603.00,"199,593.00"
2020-02-16,2020021601017624,SHIVM,49,29,50,603.00,"30,150.00"
2020-02-16,2020021601017885,SHPC,34,56,200,220.00,"44,000.00"
2020-02-16,2020021601017884,SHPC,34,19,220,220.00,"48,400.00"
2020-02-16,2020021601017883,SHPC,34,58,"1,000",220.00,"220,000.00"
2020-02-16,2020021601017882,SHPC,34,4,50,220.00,"11,000.00"
2020-02-16,2020021601017881,SHPC,34,32,39,220.00,"8,580.00"
2020-02-16,2020021601017683,SHPC,3,42,70,219.00,"15,330.00"
2020-02-16,2020021601017682,SHPC,3,20,11,219.00,"2,409.00"
2020-02-16,2020021601017681,SHPC,3,45,210,219.00,"45,990.00"
2020-02-16,2020021601017813,SIC,47,53,50,781.00,"39,050.00"
2020-02-16,2020021601017809,SIC,16,45,10,785.00,"7,850.00"
2020-02-16,2020021601017602,SIC,28,47,92,780.00,"71,760.00"
2020-02-16,2020021601017560,SIC,16,47,281,780.00,"219,180.00"
2020-02-16,2020021601017559,SIC,16,10,19,775.00,"14,725.00"
2020-02-16,2020021601017470,SIC,16,53,300,774.00,"232,200.00"
2020-02-16,2020021601017433,SICL,38,44,100,"1,230.00","123,000.00"
2020-02-16,2020021601017478,SICL,38,44,101,"1,230.00","124,230.00"
2020-02-16,2020021601017643,SIL,28,10,40,601.00,"24,040.00"
2020-02-16,2020021601017642,SIL,28,44,100,601.00,"60,100.00"
2020-02-16,2020021601017641,SIL,28,44,50,601.00,"30,050.00"
2020-02-16,2020021601017431,SIL,44,44,800,600.00,"480,000.00"
2020-02-16,2020021601017430,SIL,44,18,100,600.00,"60,000.00"
2020-02-16,2020021601017527,SJCL,49,51,320,156.00,"49,920.00"
2020-02-16,2020021601017396,SJCL,49,56,20,156.00,"3,120.00"
2020-02-16,2020021601017607,SLBBL,57,44,16,985.00,"15,760.00"
2020-02-16,2020021601017520,SLBBL,52,44,20,985.00,"19,700.00"
2020-02-16,2020021601017859,SLICL,59,57,140,499.00,"69,860.00"
2020-02-16,2020021601017858,SLICL,59,44,590,499.00,"294,410.00"
2020-02-16,2020021601017857,SLICL,59,42,270,499.00,"134,730.00"
2020-02-16,2020021601017820,SLICL,34,42,230,499.00,"114,770.00"
2020-02-16,2020021601017819,SLICL,34,50,270,499.00,"134,730.00"
2020-02-16,2020021601017815,SLICL,26,50,100,499.00,"49,900.00"
2020-02-16,2020021601017439,SLICL,39,42,100,499.00,"49,900.00"
2020-02-16,2020021601017421,SLICL,37,49,490,498.00,"244,020.00"
2020-02-16,2020021601017392,SLICL,7,49,10,498.00,"4,980.00"
2020-02-16,2020021601017391,SLICL,7,21,490,498.00,"244,020.00"
2020-02-16,2020021601017640,SLICL,40,42,100,499.00,"49,900.00"
2020-02-16,2020021601017611,SLICL,16,42,50,499.00,"24,950.00"
2020-02-16,2020021601017599,SLICL,40,42,200,499.00,"99,800.00"
2020-02-16,2020021601017500,SLICL,39,42,200,499.00,"99,800.00"
2020-02-16,2020021601017494,SLICL,45,45,90,498.00,"44,820.00"
2020-02-16,2020021601017493,SLICL,37,45,10,498.00,"4,980.00"
2020-02-16,2020021601017786,SLICL,55,50,30,499.00,"14,970.00"
2020-02-16,2020021601017744,SLICL,1,50,100,499.00,"49,900.00"
2020-02-16,2020021601017706,SLICL,45,5,99,498.00,"49,302.00"
2020-02-16,2020021601017705,SLICL,45,5,201,498.00,"100,098.00"
2020-02-16,2020021601017700,SLICL,25,1,500,499.00,"249,500.00"
2020-02-16,2020021601017699,SLICL,45,42,100,499.00,"49,900.00"
2020-02-16,2020021601017853,SMATA,32,32,50,825.00,"41,250.00"
2020-02-16,2020021601017847,SMATA,42,44,22,829.00,"18,238.00"
2020-02-16,2020021601017582,SMATA,34,44,475,829.00,"393,775.00"
2020-02-16,2020021601017581,SMATA,34,25,10,828.00,"8,280.00"
2020-02-16,2020021601017580,SMATA,34,40,200,828.00,"165,600.00"
2020-02-16,2020021601017579,SMATA,34,26,300,825.00,"247,500.00"
2020-02-16,2020021601017428,SMATA,1,34,100,824.00,"82,400.00"
2020-02-16,2020021601017427,SMATA,1,11,100,824.00,"82,400.00"
2020-02-16,2020021601017426,SMATA,1,26,50,823.00,"41,150.00"
2020-02-16,2020021601017578,SMATA,34,8,100,825.00,"82,500.00"
2020-02-16,2020021601017577,SMATA,34,19,100,825.00,"82,500.00"
2020-02-16,2020021601017576,SMATA,34,51,100,825.00,"82,500.00"
2020-02-16,2020021601017575,SMATA,34,29,15,825.00,"12,375.00"
2020-02-16,2020021601017574,SMATA,34,41,100,825.00,"82,500.00"
2020-02-16,2020021601017429,SMATA,1,58,200,824.00,"164,800.00"
2020-02-16,2020021601017680,SMFBS,32,41,300,"1,120.00","336,000.00"
2020-02-16,2020021601017571,SMFBS,32,21,10,"1,120.00","11,200.00"
2020-02-16,2020021601017533,SMFBS,32,29,50,"1,120.00","56,000.00"
2020-02-16,2020021601017532,SMFBS,32,5,20,"1,118.00","22,360.00"
2020-02-16,2020021601017531,SMFBS,32,57,10,"1,115.00","11,150.00"
2020-02-16,2020021601017530,SMFBS,32,41,10,"1,112.00","11,120.00"
2020-02-16,2020021601017529,SMFBS,32,51,10,"1,111.00","11,110.00"
2020-02-16,2020021601017528,SMFBS,32,25,10,"1,110.00","11,100.00"
2020-02-16,2020021601017658,SPARS,58,41,10,958.00,"9,580.00"
2020-02-16,2020021601017477,SPARS,58,45,50,958.00,"47,900.00"
2020-02-16,2020021601017808,STC,42,52,25,"2,670.00","66,750.00"
2020-02-16,2020021601017807,STC,26,52,50,"2,671.00","133,550.00"
2020-02-16,2020021601017806,STC,43,52,75,"2,680.00","201,000.00"
2020-02-16,2020021601017710,STC,43,52,25,"2,680.00","67,000.00"
2020-02-16,2020021601017709,STC,7,52,175,"2,691.00","470,925.00"
2020-02-16,2020021601017698,STC,58,28,80,"2,721.00","217,680.00"
2020-02-16,2020021601017691,STC,58,33,100,"2,695.00","269,500.00"
2020-02-16,2020021601017540,STC,7,56,10,"2,691.00","26,910.00"
2020-02-16,2020021601017498,STC,7,56,15,"2,691.00","40,365.00"
2020-02-16,2020021601017497,STC,44,56,100,"2,692.00","269,200.00"
2020-02-16,2020021601017496,STC,34,56,20,"2,693.00","53,860.00"
2020-02-16,2020021601017697,STC,58,56,50,"2,720.00","136,000.00"
2020-02-16,2020021601017696,STC,58,5,10,"2,720.00","27,200.00"
2020-02-16,2020021601017695,STC,58,10,20,"2,719.00","54,380.00"
2020-02-16,2020021601017694,STC,58,16,90,"2,719.00","244,710.00"
2020-02-16,2020021601017693,STC,58,51,50,"2,718.00","135,900.00"
2020-02-16,2020021601017692,STC,58,56,100,"2,717.00","271,700.00"
2020-02-16,2020021601017738,UIC,49,33,100,440.00,"44,000.00"
2020-02-16,2020021601017737,UIC,33,33,50,440.00,"22,000.00"
2020-02-16,2020021601017798,UMHL,37,59,52,111.00,"5,772.00"
2020-02-16,2020021601017459,UMHL,37,56,10,111.00,"1,110.00"
2020-02-16,2020021601017797,UPPER,45,45,40,238.00,"9,520.00"
2020-02-16,2020021601017796,UPPER,45,6,986,238.00,"234,668.00"
2020-02-16,2020021601017749,UPPER,7,54,216,237.00,"51,192.00"
2020-02-16,2020021601017748,UPPER,59,54,284,237.00,"67,308.00"
2020-02-16,2020021601017630,UPPER,59,26,216,237.00,"51,192.00"
2020-02-16,2020021601017565,UPPER,59,26,207,237.00,"49,059.00"
2020-02-16,2020021601017564,UPPER,59,57,293,237.00,"69,441.00"
2020-02-16,2020021601017507,UPPER,43,56,40,236.00,"9,440.00"
2020-02-16,2020021601017626,VLBS,44,46,13,"1,131.00","14,703.00"
2020-02-16,2020021601017868,WOMI,58,47,50,"1,109.00","55,450.00"
2020-02-16,2020021601017827,WOMI,58,17,85,"1,108.00","94,180.00"
2020-02-16,2020021601017826,WOMI,58,52,26,"1,108.00","28,808.00"
2020-02-16,2020021601017825,WOMI,58,44,48,"1,108.00","53,184.00"
2020-02-16,2020021601017824,WOMI,58,21,49,"1,107.00","54,243.00"
2020-02-16,2020021601017823,WOMI,58,47,67,"1,106.00","74,102.00"
2020-02-16,2020021601017765,WOMI,58,34,"1,091","1,103.00","1,203,373.00"
2020-02-16,2020021601017725,WOMI,45,44,300,"1,100.00","330,000.00"
2020-02-16,2020021601017724,WOMI,38,44,500,"1,100.00","550,000.00"
2020-02-16,2020021601017723,WOMI,8,44,200,"1,100.00","220,000.00"
2020-02-16,2020021601017771,WOMI,58,44,500,"1,105.00","552,500.00"
2020-02-16,2020021601017770,WOMI,58,42,10,"1,105.00","11,050.00"
2020-02-16,2020021601017769,WOMI,58,39,60,"1,105.00","66,300.00"
2020-02-16,2020021601017768,WOMI,58,34,500,"1,105.00","552,500.00"
2020-02-16,2020021601017767,WOMI,58,48,120,"1,105.00","132,600.00"
2020-02-16,2020021601017766,WOMI,58,42,100,"1,104.00","110,400.00"
2020-02-16,2020021601017353,ADBL,38,57,254,387.00,"98,298.00"
2020-02-16,2020021601017243,ADBL,38,37,198,387.00,"76,626.00"
2020-02-16,2020021601017015,ADBL,7,25,50,390.00,"19,500.00"
2020-02-16,2020021601017014,ADBL,7,39,50,390.00,"19,500.00"
2020-02-16,2020021601017359,AKPL,19,59,40,127.00,"5,080.00"
2020-02-16,2020021601017196,AKPL,19,25,143,127.00,"18,161.00"
2020-02-16,2020021601017195,AKPL,55,25,857,127.00,"108,839.00"
2020-02-16,2020021601017162,AKPL,19,25,113,127.00,"14,351.00"
2020-02-16,2020021601017161,AKPL,56,25,"1,000",127.00,"127,000.00"
2020-02-16,2020021601017160,AKPL,56,25,887,127.00,"112,649.00"
2020-02-16,2020021601017374,ALBSL,21,19,11,774.00,"8,514.00"
2020-02-16,2020021601017295,ALICL,1,8,100,637.00,"63,700.00"
2020-02-16,2020021601017245,ALICL,1,8,100,637.00,"63,700.00"
2020-02-16,2020021601017063,ALICL,38,58,200,635.00,"127,000.00"
2020-02-16,2020021601017062,ALICL,42,58,200,636.00,"127,200.00"
2020-02-16,2020021601017021,ALICL,51,14,210,638.00,"133,980.00"
2020-02-16,2020021601017020,ALICL,51,45,100,638.00,"63,800.00"
2020-02-16,2020021601017019,ALICL,51,6,190,638.00,"121,220.00"
2020-02-16,2020021601016969,ALICL,42,45,300,636.00,"190,800.00"
2020-02-16,2020021601017370,API,16,25,"3,437",133.00,"457,121.00"
2020-02-16,2020021601017369,API,28,25,563,133.00,"74,879.00"
2020-02-16,2020021601017364,BOKL,51,38,704,233.00,"164,032.00"
2020-02-16,2020021601017197,BOKL,56,25,"1,000",233.00,"233,000.00"
2020-02-16,2020021601017173,BPCL,59,56,11,337.00,"3,707.00"
2020-02-16,2020021601016984,BPCL,48,58,"1,000",338.00,"338,000.00"
2020-02-16,2020021601016983,BPCL,48,36,200,338.00,"67,600.00"
2020-02-16,2020021601017229,CBBL,6,50,120,"1,087.00","130,440.00"
2020-02-16,2020021601017179,CBBL,33,50,500,"1,087.00","543,500.00"
2020-02-16,2020021601017178,CBBL,57,50,100,"1,087.00","108,700.00"
2020-02-16,2020021601017177,CBBL,16,50,200,"1,088.00","217,600.00"
2020-02-16,2020021601017176,CBBL,1,50,50,"1,088.00","54,400.00"
2020-02-16,2020021601017104,CBBL,47,50,30,"1,090.00","32,700.00"
2020-02-16,2020021601017013,CBBL,38,37,400,"1,088.00","435,200.00"
2020-02-16,2020021601016909,CBBL,17,44,20,"1,094.00","21,880.00"
2020-02-16,2020021601017127,CCBL,32,55,100,182.00,"18,200.00"
2020-02-16,2020021601017023,CCBL,57,50,72,183.00,"13,176.00"
2020-02-16,2020021601017022,CCBL,57,26,45,183.00,"8,235.00"
2020-02-16,2020021601016958,CCBL,32,29,592,182.00,"107,744.00"
2020-02-16,2020021601016957,CCBL,13,29,300,182.00,"54,600.00"
2020-02-16,2020021601016956,CCBL,1,29,108,182.00,"19,656.00"
2020-02-16,2020021601017340,CIT,22,35,10,"2,782.00","27,820.00"
2020-02-16,2020021601017172,CIT,52,35,20,"2,782.00","55,640.00"
2020-02-16,2020021601017099,CIT,52,45,10,"2,782.00","27,820.00"
2020-02-16,2020021601017066,CZBIL,32,17,25,194.00,"4,850.00"
2020-02-16,2020021601017065,CZBIL,32,26,829,194.00,"160,826.00"
2020-02-16,2020021601017064,CZBIL,32,52,100,194.00,"19,400.00"
2020-02-16,2020021601017312,DDBL,1,21,30,904.00,"27,120.00"
2020-02-16,2020021601017311,EBL,33,22,300,635.00,"190,500.00"
2020-02-16,2020021601017171,EBL,33,6,50,635.00,"31,750.00"
2020-02-16,2020021601017158,EBL,33,13,122,635.00,"77,470.00"
2020-02-16,2020021601017253,EIC,49,8,100,454.00,"45,400.00"
2020-02-16,2020021601017252,EIC,49,35,100,454.00,"45,400.00"
2020-02-16,2020021601017125,EIC,52,35,100,454.00,"45,400.00"
2020-02-16,2020021601017112,EIC,36,53,500,453.00,"226,500.00"
2020-02-16,2020021601017077,EIC,29,42,204,453.00,"92,412.00"
2020-02-16,2020021601017319,FMDBL,54,11,100,484.00,"48,400.00"
2020-02-16,2020021601017175,FMDBL,34,58,10,485.00,"4,850.00"
2020-02-16,2020021601017174,FMDBL,34,26,216,484.00,"104,544.00"
2020-02-16,2020021601016933,FMDBL,54,26,300,484.00,"145,200.00"
2020-02-16,2020021601017207,FOWAD,32,56,19,"1,547.00","29,393.00"
2020-02-16,2020021601017121,GBBL,45,19,108,238.00,"25,704.00"
2020-02-16,2020021601017120,GBBL,18,19,500,238.00,"119,000.00"
2020-02-16,2020021601017119,GBBL,54,19,380,238.00,"90,440.00"
2020-02-16,2020021601017002,GBBL,54,38,188,238.00,"44,744.00"
2020-02-16,2020021601016979,GBBL,54,14,232,238.00,"55,216.00"
2020-02-16,2020021601016978,GBBL,34,14,11,238.00,"2,618.00"
2020-02-16,2020021601016977,GBBL,26,14,500,238.00,"119,000.00"
2020-02-16,2020021601016976,GBBL,17,14,200,238.00,"47,600.00"
2020-02-16,2020021601016975,GBBL,1,14,57,239.00,"13,623.00"
2020-02-16,2020021601017208,GBIME,19,29,257,279.00,"71,703.00"
2020-02-16,2020021601017180,GBIME,51,6,100,278.00,"27,800.00"
2020-02-16,2020021601017122,GBIME,51,32,90,278.00,"25,020.00"
2020-02-16,2020021601016982,GBIME,35,29,300,279.00,"83,700.00"
2020-02-16,2020021601017339,GBLBS,7,52,200,486.00,"97,200.00"
2020-02-16,2020021601017139,GBLBS,48,56,15,485.00,"7,275.00"
2020-02-16,2020021601016945,GBLBS,48,36,100,485.00,"48,500.00"
2020-02-16,2020021601017342,GILB,21,44,17,"1,450.00","24,650.00"
2020-02-16,2020021601017341,GILB,21,46,38,"1,449.00","55,062.00"
2020-02-16,2020021601016974,GLBSL,26,49,100,820.00,"82,000.00"
2020-02-16,2020021601016973,GLBSL,26,40,10,820.00,"8,200.00"
2020-02-16,2020021601017170,GLBSL,26,33,10,820.00,"8,200.00"
2020-02-16,2020021601017348,GLICL,38,25,20,820.00,"16,400.00"
2020-02-16,2020021601017307,GLICL,42,25,178,820.00,"145,960.00"
2020-02-16,2020021601017306,GLICL,42,3,39,820.00,"31,980.00"
2020-02-16,2020021601017305,GLICL,42,29,183,820.00,"150,060.00"
2020-02-16,2020021601017284,GLICL,5,53,30,819.00,"24,570.00"
2020-02-16,2020021601017111,GLICL,40,26,149,817.00,"121,733.00"
2020-02-16,2020021601017007,GLICL,5,44,95,818.00,"77,710.00"
2020-02-16,2020021601016925,GLICL,5,44,100,818.00,"81,800.00"
2020-02-16,2020021601017231,GMFBS,40,57,45,970.00,"43,650.00"
2020-02-16,2020021601017230,GMFBS,40,57,55,970.00,"53,350.00"
2020-02-16,2020021601017349,GMFIL,46,28,440,134.00,"58,960.00"
2020-02-16,2020021601016946,HBL,39,41,15,525.00,"7,875.00"
2020-02-16,2020021601017316,HDL,36,4,200,"1,425.00","285,000.00"
2020-02-16,2020021601017314,HDL,26,36,30,"1,423.00","42,690.00"
