Date,Transact. No.,Symbol,Buyer,Seller,Quantity,Rate,Amount
2019-07-02,2019070201006099,ADBL,44,58,"1,737",410.00,"712,170.00"
2019-07-02,2019070201006098,ADBL,41,58,100,410.00,"41,000.00"
2019-07-02,2019070201006142,ALICL,41,45,30,387.00,"11,610.00"
2019-07-02,2019070201006105,ALICL,41,43,100,387.00,"38,700.00"
2019-07-02,2019070201005910,ALICL,10,16,130,387.00,"50,310.00"
2019-07-02,2019070201005900,ALICL,10,33,24,385.00,"9,240.00"
2019-07-02,2019070201006128,API,25,34,25,146.00,"3,650.00"
2019-07-02,2019070201006045,BFC,26,48,485,100.00,"48,500.00"
2019-07-02,2019070201006126,BOKL,50,11,10,263.00,"2,630.00"
2019-07-02,2019070201006125,BOKL,50,48,100,262.00,"26,200.00"
2019-07-02,2019070201006124,BOKL,50,38,50,262.00,"13,100.00"
2019-07-02,2019070201006123,BOKL,50,45,140,262.00,"36,680.00"
2019-07-02,2019070201005870,BOKL,25,55,218,260.00,"56,680.00"
2019-07-02,2019070201005805,BOKL,25,54,337,260.00,"87,620.00"
2019-07-02,2019070201005761,BOKL,32,55,110,260.00,"28,600.00"
2019-07-02,2019070201005760,BOKL,32,55,117,260.00,"30,420.00"
2019-07-02,2019070201005804,BOKL,32,54,163,260.00,"42,380.00"
2019-07-02,2019070201005793,BOKL,32,55,27,260.00,"7,020.00"
2019-07-02,2019070201005792,BOKL,41,55,100,261.00,"26,100.00"
2019-07-02,2019070201005791,BOKL,35,55,100,261.00,"26,100.00"
2019-07-02,2019070201006154,BPCL,36,21,13,405.00,"5,265.00"
2019-07-02,2019070201006155,CBBL,34,55,20,948.00,"18,960.00"
2019-07-02,2019070201006116,CBBL,34,32,20,946.00,"18,920.00"
2019-07-02,2019070201006115,CBBL,34,13,800,943.00,"754,400.00"
2019-07-02,2019070201006000,CBBL,20,13,200,943.00,"188,600.00"
2019-07-02,2019070201005978,CBBL,20,8,200,943.00,"188,600.00"
2019-07-02,2019070201005977,CBBL,20,57,100,943.00,"94,300.00"
2019-07-02,2019070201006075,CBL,13,49,100,148.00,"14,800.00"
2019-07-02,2019070201006001,CBL,43,49,10,148.00,"1,480.00"
2019-07-02,2019070201005759,CBL,25,22,200,147.00,"29,400.00"
2019-07-02,2019070201005664,CBL,57,45,48,147.00,"7,056.00"
2019-07-02,2019070201006095,CCBL,32,45,686,176.00,"120,736.00"
2019-07-02,2019070201006094,CCBL,32,4,378,176.00,"66,528.00"
2019-07-02,2019070201006093,CCBL,32,43,936,176.00,"164,736.00"
2019-07-02,2019070201005684,CCBL,58,19,"1,194",175.00,"208,950.00"
2019-07-02,2019070201005663,CCBL,57,19,"1,000",175.00,"175,000.00"
2019-07-02,2019070201005662,CCBL,45,19,30,175.00,"5,250.00"
2019-07-02,2019070201005661,CCBL,26,19,176,175.00,"30,800.00"
2019-07-02,2019070201005764,CCBL,21,42,500,175.00,"87,500.00"
2019-07-02,2019070201005733,CCBL,32,43,200,175.00,"35,000.00"
2019-07-02,2019070201005729,CCBL,46,7,100,176.00,"17,600.00"
2019-07-02,2019070201005700,CCBL,42,42,100,175.00,"17,500.00"
2019-07-02,2019070201005685,CCBL,58,36,"1,000",175.00,"175,000.00"
2019-07-02,2019070201005874,CCBL,56,26,200,175.00,"35,000.00"
2019-07-02,2019070201005873,CCBL,34,26,119,175.00,"20,825.00"
2019-07-02,2019070201005819,CCBL,34,21,100,175.00,"17,500.00"
2019-07-02,2019070201005778,CCBL,34,19,281,175.00,"49,175.00"
2019-07-02,2019070201005765,CCBL,49,42,500,175.00,"87,500.00"
2019-07-02,2019070201005921,CCBL,48,45,276,174.00,"48,024.00"
2019-07-02,2019070201005920,CCBL,32,45,"2,000",174.00,"348,000.00"
2019-07-02,2019070201005919,CCBL,58,45,500,174.00,"87,000.00"
2019-07-02,2019070201005899,CCBL,58,26,"1,481",175.00,"259,175.00"
2019-07-02,2019070201005875,CCBL,48,26,200,175.00,"35,000.00"
2019-07-02,2019070201005972,CCBL,10,35,50,174.00,"8,700.00"
2019-07-02,2019070201005971,CCBL,48,35,224,174.00,"38,976.00"
2019-07-02,2019070201005970,CCBL,49,35,420,175.00,"73,500.00"
2019-07-02,2019070201005955,CCBL,49,25,200,175.00,"35,000.00"
2019-07-02,2019070201005954,CCBL,49,39,380,175.00,"66,500.00"
2019-07-02,2019070201005976,CCBL,58,35,"2,006",174.00,"349,044.00"
2019-07-02,2019070201005975,CCBL,34,35,500,174.00,"87,000.00"
2019-07-02,2019070201005974,CCBL,56,35,300,174.00,"52,200.00"
2019-07-02,2019070201005973,CCBL,56,35,500,174.00,"87,000.00"
2019-07-02,2019070201006053,CCBL,58,17,80,175.00,"14,000.00"
2019-07-02,2019070201006028,CCBL,34,17,100,175.00,"17,500.00"
2019-07-02,2019070201006010,CCBL,49,43,64,176.00,"11,264.00"
2019-07-02,2019070201006009,CCBL,49,38,340,176.00,"59,840.00"
2019-07-02,2019070201006008,CCBL,49,25,96,176.00,"16,896.00"
2019-07-02,2019070201005827,CFCL,22,14,20,121.00,"2,420.00"
2019-07-02,2019070201005986,CHCL,39,33,200,507.00,"101,400.00"
2019-07-02,2019070201005821,CHCL,56,22,500,506.00,"253,000.00"
2019-07-02,2019070201006033,CIT,51,14,100,"2,450.00","245,000.00"
2019-07-02,2019070201006032,CIT,51,37,50,"2,450.00","122,500.00"
2019-07-02,2019070201006031,CIT,51,7,11,"2,449.00","26,939.00"
2019-07-02,2019070201005768,CIT,40,38,30,"2,444.00","73,320.00"
2019-07-02,2019070201005756,CIT,43,33,40,"2,432.00","97,280.00"
2019-07-02,2019070201005755,CIT,22,33,10,"2,433.00","24,330.00"
2019-07-02,2019070201005753,CIT,39,33,17,"2,440.00","41,480.00"
2019-07-02,2019070201005734,CIT,39,33,11,"2,440.00","26,840.00"
2019-07-02,2019070201006021,CMF1,17,25,500,9.53,"4,765.00"
2019-07-02,2019070201006087,CZBIL,32,29,500,224.00,"112,000.00"
2019-07-02,2019070201006065,CZBIL,44,57,184,223.00,"41,032.00"
2019-07-02,2019070201005660,CZBIL,56,57,"1,500",223.00,"334,500.00"
2019-07-02,2019070201006042,DBBL,57,43,200,139.00,"27,800.00"
2019-07-02,2019070201005901,DBBL,28,43,50,139.00,"6,950.00"
2019-07-02,2019070201005731,DBBL,36,57,500,138.00,"69,000.00"
2019-07-02,2019070201005926,EBL,6,29,96,656.00,"62,976.00"
2019-07-02,2019070201005730,FMDBL,19,13,200,374.00,"74,800.00"
2019-07-02,2019070201006052,FOWAD,25,33,50,"1,314.00","65,700.00"
2019-07-02,2019070201005820,FOWAD,43,33,100,"1,314.00","131,400.00"
2019-07-02,2019070201006130,GBBL,48,51,200,222.00,"44,400.00"
2019-07-02,2019070201005941,GBBL,39,56,237,221.00,"52,377.00"
2019-07-02,2019070201005935,GBBL,16,51,10,222.00,"2,220.00"
2019-07-02,2019070201005775,GBBL,43,41,"1,100",220.00,"242,000.00"
2019-07-02,2019070201006110,GBIME,14,7,30,294.00,"8,820.00"
2019-07-02,2019070201006038,GBIME,29,7,280,294.00,"82,320.00"
2019-07-02,2019070201006004,GBIME,40,7,100,294.00,"29,400.00"
2019-07-02,2019070201005995,GBIME,58,44,245,293.00,"71,785.00"
2019-07-02,2019070201005947,GBIME,58,44,100,293.00,"29,300.00"
2019-07-02,2019070201005717,GBIME,58,55,127,293.00,"37,211.00"
2019-07-02,2019070201005716,GBIME,21,55,373,293.00,"109,289.00"
2019-07-02,2019070201005715,GBIME,21,19,127,293.00,"37,211.00"
2019-07-02,2019070201005909,GBLBS,28,52,100,347.00,"34,700.00"
2019-07-02,2019070201005924,GDBL,6,53,250,211.00,"52,750.00"
2019-07-02,2019070201005923,GDBL,6,32,"1,011",211.00,"213,321.00"
2019-07-02,2019070201005796,GDBL,43,42,200,210.00,"42,000.00"
2019-07-02,2019070201005795,GDBL,43,44,50,209.00,"10,450.00"
2019-07-02,2019070201005794,GDBL,43,39,60,209.00,"12,540.00"
2019-07-02,2019070201005797,GDBL,43,57,500,210.00,"105,000.00"
2019-07-02,2019070201005788,GLICL,42,25,10,476.00,"4,760.00"
2019-07-02,2019070201005722,GLICL,42,41,100,470.00,"47,000.00"
2019-07-02,2019070201005721,GLICL,42,1,50,470.00,"23,500.00"
2019-07-02,2019070201006091,GMFBS,26,25,10,434.00,"4,340.00"
2019-07-02,2019070201005943,GMFBS,26,29,10,434.00,"4,340.00"
2019-07-02,2019070201005898,GMFBS,26,25,10,437.00,"4,370.00"
2019-07-02,2019070201005897,GMFBS,26,32,20,436.00,"8,720.00"
2019-07-02,2019070201005884,GMFBS,26,29,10,434.00,"4,340.00"
2019-07-02,2019070201005776,GMFBS,38,38,10,430.00,"4,300.00"
2019-07-02,2019070201005745,GMFBS,26,33,10,432.00,"4,320.00"
2019-07-02,2019070201005744,GMFBS,26,7,10,431.00,"4,310.00"
2019-07-02,2019070201005718,GMFBS,38,38,10,430.00,"4,300.00"
2019-07-02,2019070201005695,GMFBS,38,38,10,430.00,"4,300.00"
2019-07-02,2019070201005751,GMFBS,26,54,10,435.00,"4,350.00"
2019-07-02,2019070201005750,GMFBS,26,58,410,435.00,"178,350.00"
2019-07-02,2019070201005749,GMFBS,26,58,10,433.00,"4,330.00"
2019-07-02,2019070201005748,GMFBS,26,59,10,433.00,"4,330.00"
2019-07-02,2019070201005747,GMFBS,26,21,10,432.00,"4,320.00"
2019-07-02,2019070201005746,GMFBS,26,21,10,432.00,"4,320.00"
2019-07-02,2019070201005917,GRDBL,57,1,250,113.00,"28,250.00"
2019-07-02,2019070201006134,HBL,25,25,10,553.00,"5,530.00"
2019-07-02,2019070201006118,HBL,34,55,120,548.00,"65,760.00"
2019-07-02,2019070201006117,HBL,33,55,30,550.00,"16,500.00"
2019-07-02,2019070201006108,HBL,52,55,26,552.00,"14,352.00"
2019-07-02,2019070201006107,HBL,52,19,216,552.00,"119,232.00"
2019-07-02,2019070201006106,HBL,52,56,40,552.00,"22,080.00"
2019-07-02,2019070201005817,HBL,10,10,800,543.00,"434,400.00"
2019-07-02,2019070201006058,HDL,7,58,300,"1,675.00","502,500.00"
2019-07-02,2019070201005763,HDL,7,58,200,"1,685.00","337,000.00"
2019-07-02,2019070201005762,HDL,7,38,200,"1,684.00","336,800.00"
2019-07-02,2019070201006132,HIDCL,29,14,17,159.00,"2,703.00"
2019-07-02,2019070201005790,IGI,48,59,50,365.00,"18,250.00"
2019-07-02,2019070201005883,IGI,28,59,262,363.00,"95,106.00"
2019-07-02,2019070201006141,JBNL,49,38,188,212.00,"39,856.00"
2019-07-02,2019070201006140,JBNL,49,29,500,212.00,"106,000.00"
2019-07-02,2019070201006139,JBNL,49,10,"2,000",212.00,"424,000.00"
2019-07-02,2019070201006138,JBNL,49,36,62,212.00,"13,144.00"
2019-07-02,2019070201006137,JBNL,49,17,250,212.00,"53,000.00"
2019-07-02,2019070201006029,JBNL,14,17,200,212.00,"42,400.00"
2019-07-02,2019070201005675,JBNL,29,4,500,211.00,"105,500.00"
2019-07-02,2019070201005674,JBNL,29,8,500,211.00,"105,500.00"
2019-07-02,2019070201005673,JBNL,29,49,472,211.00,"99,592.00"
2019-07-02,2019070201005992,JBNL,49,20,100,211.00,"21,100.00"
2019-07-02,2019070201005950,JBNL,49,42,100,211.00,"21,100.00"
2019-07-02,2019070201005843,JBNL,57,17,150,212.00,"31,800.00"
2019-07-02,2019070201005770,JBNL,49,5,500,211.00,"105,500.00"
2019-07-02,2019070201005677,JBNL,29,10,500,211.00,"105,500.00"
2019-07-02,2019070201005676,JBNL,29,47,300,211.00,"63,300.00"
2019-07-02,2019070201006114,JSLBB,11,51,100,"1,200.00","120,000.00"
2019-07-02,2019070201006071,JSLBB,11,34,40,"1,203.00","48,120.00"
2019-07-02,2019070201006070,JSLBB,11,21,10,"1,200.00","12,000.00"
2019-07-02,2019070201005696,JSLBB,10,8,10,"1,184.00","11,840.00"
2019-07-02,2019070201005815,JSLBB,10,39,14,"1,200.00","16,800.00"
2019-07-02,2019070201005936,JSLBB,11,54,14,"1,200.00","16,800.00"
2019-07-02,2019070201005958,JSLBB,11,17,50,"1,199.00","59,950.00"
2019-07-02,2019070201006006,JSLBB,22,48,10,"1,203.00","12,030.00"
2019-07-02,2019070201005983,JSLBB,11,40,20,"1,203.00","24,060.00"
2019-07-02,2019070201006034,JSLBB,11,48,10,"1,203.00","12,030.00"
2019-07-02,2019070201005994,KBBL,6,4,782,235.00,"183,770.00"
2019-07-02,2019070201005993,KBBL,6,48,150,235.00,"35,250.00"
2019-07-02,2019070201006143,KBL,42,59,39,221.00,"8,619.00"
2019-07-02,2019070201006024,KBL,42,41,411,220.00,"90,420.00"
2019-07-02,2019070201006023,KBL,42,56,200,219.00,"43,800.00"
2019-07-02,2019070201006022,KBL,42,16,100,218.00,"21,800.00"
2019-07-02,2019070201005816,KBL,34,7,500,217.00,"108,500.00"
2019-07-02,2019070201005737,KBL,38,25,"1,340",215.00,"288,100.00"
2019-07-02,2019070201005671,KBL,38,48,300,213.00,"63,900.00"
2019-07-02,2019070201005766,KSBBL,39,40,250,154.00,"38,500.00"
2019-07-02,2019070201005672,KSBBL,39,1,200,154.00,"30,800.00"
2019-07-02,2019070201006017,LBBL,33,29,293,193.00,"56,549.00"
2019-07-02,2019070201006016,LBBL,46,29,157,193.00,"30,301.00"
2019-07-02,2019070201006062,LBL,46,28,400,221.00,"88,400.00"
2019-07-02,2019070201006061,LBL,46,32,100,221.00,"22,100.00"
2019-07-02,2019070201006060,LBL,38,32,100,221.00,"22,100.00"
2019-07-02,2019070201006013,LBL,46,59,23,220.00,"5,060.00"
2019-07-02,2019070201005969,LBL,46,59,477,220.00,"104,940.00"
2019-07-02,2019070201005968,LBL,46,16,"1,023",220.00,"225,060.00"
2019-07-02,2019070201005844,LBL,38,6,184,220.00,"40,480.00"
2019-07-02,2019070201005953,LBL,57,16,366,220.00,"80,520.00"
2019-07-02,2019070201005952,LBL,57,19,34,220.00,"7,480.00"
2019-07-02,2019070201005847,LBL,38,19,16,220.00,"3,520.00"
2019-07-02,2019070201005846,LBL,38,43,500,220.00,"110,000.00"
2019-07-02,2019070201005845,LBL,38,22,300,220.00,"66,000.00"
2019-07-02,2019070201006064,LGIL,7,34,210,447.00,"93,870.00"
2019-07-02,2019070201006046,LGIL,18,57,86,443.00,"38,098.00"
2019-07-02,2019070201005984,LGIL,17,57,100,443.00,"44,300.00"
2019-07-02,2019070201006036,LLBS,17,57,25,665.00,"16,625.00"
2019-07-02,2019070201005949,LLBS,1,57,10,665.00,"6,650.00"
2019-07-02,2019070201006129,MBL,34,43,200,266.00,"53,200.00"
2019-07-02,2019070201005996,MBL,18,39,370,265.00,"98,050.00"
2019-07-02,2019070201005965,MBL,41,39,900,265.00,"238,500.00"
2019-07-02,2019070201005964,MBL,41,28,500,265.00,"132,500.00"
2019-07-02,2019070201005963,MBL,41,32,100,265.00,"26,500.00"
2019-07-02,2019070201005841,MBL,59,56,208,264.00,"54,912.00"
2019-07-02,2019070201005840,MBL,59,28,650,264.00,"171,600.00"
2019-07-02,2019070201006157,MDB,33,33,10,255.00,"2,550.00"
2019-07-02,2019070201006066,MDB,33,33,10,250.00,"2,500.00"
2019-07-02,2019070201006136,MEGA,22,58,621,207.00,"128,547.00"
2019-07-02,2019070201006102,MEGA,6,58,200,207.00,"41,400.00"
2019-07-02,2019070201006101,MEGA,42,58,30,207.00,"6,210.00"
2019-07-02,2019070201006100,MEGA,43,58,449,207.00,"92,943.00"
2019-07-02,2019070201006097,MEGA,43,8,700,207.00,"144,900.00"
2019-07-02,2019070201006092,MEGA,43,39,10,208.00,"2,080.00"
2019-07-02,2019070201005669,MEGA,6,14,100,207.00,"20,700.00"
2019-07-02,2019070201005668,MEGA,6,1,50,207.00,"10,350.00"
2019-07-02,2019070201005738,MEGA,36,14,"1,264",207.00,"261,648.00"
2019-07-02,2019070201005736,MEGA,57,43,"1,000",207.00,"207,000.00"
2019-07-02,2019070201005713,MEGA,33,14,536,207.00,"110,952.00"
2019-07-02,2019070201005712,MEGA,33,41,500,207.00,"103,500.00"
2019-07-02,2019070201005711,MEGA,33,38,964,207.00,"199,548.00"
2019-07-02,2019070201005704,MEGA,41,14,100,207.00,"20,700.00"
2019-07-02,2019070201005757,MEGA,6,44,367,206.00,"75,602.00"
2019-07-02,2019070201005754,MEGA,6,48,33,206.00,"6,798.00"
2019-07-02,2019070201005742,MEGA,36,42,219,207.00,"45,333.00"
2019-07-02,2019070201005741,MEGA,36,36,50,207.00,"10,350.00"
2019-07-02,2019070201005740,MEGA,36,8,359,207.00,"74,313.00"
2019-07-02,2019070201005739,MEGA,36,11,108,207.00,"22,356.00"
2019-07-02,2019070201005800,MEGA,22,42,100,207.00,"20,700.00"
2019-07-02,2019070201005789,MEGA,33,42,"1,000",207.00,"207,000.00"
2019-07-02,2019070201005786,MEGA,44,42,100,207.00,"20,700.00"
2019-07-02,2019070201005780,MEGA,57,42,"1,834",207.00,"379,638.00"
2019-07-02,2019070201005774,MEGA,26,42,100,207.00,"20,700.00"
2019-07-02,2019070201005758,MEGA,6,44,383,206.00,"78,898.00"
2019-07-02,2019070201005878,MEGA,33,38,300,207.00,"62,100.00"
2019-07-02,2019070201005877,MEGA,33,55,500,207.00,"103,500.00"
2019-07-02,2019070201005876,MEGA,33,34,200,207.00,"41,400.00"
2019-07-02,2019070201005842,MEGA,38,42,300,207.00,"62,100.00"
2019-07-02,2019070201005818,MEGA,29,42,"3,000",207.00,"621,000.00"
2019-07-02,2019070201005807,MEGA,38,42,600,207.00,"124,200.00"
2019-07-02,2019070201005914,MEGA,36,29,100,206.00,"20,600.00"
2019-07-02,2019070201005913,MEGA,17,29,145,206.00,"29,870.00"
2019-07-02,2019070201005912,MEGA,36,29,100,206.00,"20,600.00"
2019-07-02,2019070201005911,MEGA,6,29,617,206.00,"127,102.00"
2019-07-02,2019070201005896,MEGA,28,45,300,207.00,"62,100.00"
2019-07-02,2019070201005895,MEGA,28,38,700,207.00,"144,900.00"
2019-07-02,2019070201005934,MEGA,33,13,44,207.00,"9,108.00"
2019-07-02,2019070201005933,MEGA,33,17,50,207.00,"10,350.00"
2019-07-02,2019070201005932,MEGA,33,44,500,207.00,"103,500.00"
2019-07-02,2019070201005931,MEGA,33,45,406,207.00,"84,042.00"
2019-07-02,2019070201005925,MEGA,13,45,100,207.00,"20,700.00"
2019-07-02,2019070201005915,MEGA,59,29,38,206.00,"7,828.00"
2019-07-02,2019070201005956,MEGA,45,58,200,208.00,"41,600.00"
2019-07-02,2019070201005948,MEGA,49,58,500,208.00,"104,000.00"
2019-07-02,2019070201005942,MEGA,43,38,356,207.00,"73,692.00"
2019-07-02,2019070201005940,MEGA,44,38,100,207.00,"20,700.00"
2019-07-02,2019070201005939,MEGA,18,38,"2,044",207.00,"423,108.00"
2019-07-02,2019070201005938,MEGA,18,13,956,207.00,"197,892.00"
2019-07-02,2019070201006049,MEGA,25,33,697,208.00,"144,976.00"
2019-07-02,2019070201006048,MEGA,6,33,50,208.00,"10,400.00"
2019-07-02,2019070201006047,MEGA,43,17,495,207.00,"102,465.00"
2019-07-02,2019070201005967,MEGA,39,33,253,208.00,"52,624.00"
2019-07-02,2019070201005966,MEGA,39,58,47,208.00,"9,776.00"
2019-07-02,2019070201005960,MEGA,33,58,500,208.00,"104,000.00"
2019-07-02,2019070201006057,MEGA,43,57,"2,000",207.00,"414,000.00"
2019-07-02,2019070201006056,MEGA,38,39,700,208.00,"145,600.00"
2019-07-02,2019070201006055,MEGA,49,39,103,208.00,"21,424.00"
2019-07-02,2019070201006054,MEGA,49,45,197,208.00,"40,976.00"
2019-07-02,2019070201006051,MEGA,25,45,53,208.00,"11,024.00"
2019-07-02,2019070201006050,MEGA,25,46,250,208.00,"52,000.00"
2019-07-02,2019070201005962,MERO,16,39,68,524.00,"35,632.00"
2019-07-02,2019070201006133,MFIL,17,38,300,124.00,"37,200.00"
2019-07-02,2019070201005985,MFIL,28,38,"1,000",125.00,"125,000.00"
2019-07-02,2019070201005728,MNBBL,43,14,471,366.00,"172,386.00"
2019-07-02,2019070201005727,MNBBL,43,48,100,366.00,"36,600.00"
2019-07-02,2019070201005726,MNBBL,43,55,29,365.00,"10,585.00"
2019-07-02,2019070201005725,MNBBL,43,58,100,365.00,"36,500.00"
2019-07-02,2019070201005724,MNBBL,43,58,300,365.00,"109,500.00"
2019-07-02,2019070201005709,MNBBL,49,51,10,364.00,"3,640.00"
2019-07-02,2019070201005708,MNBBL,6,51,50,364.00,"18,200.00"
2019-07-02,2019070201005707,MNBBL,35,51,40,364.00,"14,560.00"
2019-07-02,2019070201006090,MPFL,42,22,20,120.00,"2,400.00"
2019-07-02,2019070201005803,MSLB,48,25,18,885.00,"15,930.00"
2019-07-02,2019070201005802,MSLB,48,56,18,884.00,"15,912.00"
2019-07-02,2019070201006145,NABIL,7,13,30,784.00,"23,520.00"
2019-07-02,2019070201005959,NABIL,25,59,20,783.00,"15,660.00"
2019-07-02,2019070201005863,NABIL,39,14,732,779.00,"570,228.00"
2019-07-02,2019070201005999,NABILP,53,47,200,774.00,"154,800.00"
2019-07-02,2019070201005998,NABILP,53,44,300,774.00,"232,200.00"
2019-07-02,2019070201005997,NABILP,53,1,146,773.00,"112,858.00"
2019-07-02,2019070201005710,NABILP,28,16,18,770.00,"13,860.00"
2019-07-02,2019070201005683,NABILP,28,16,382,770.00,"294,140.00"
2019-07-02,2019070201005682,NABILP,14,16,50,770.00,"38,500.00"
2019-07-02,2019070201005681,NABILP,56,16,50,770.00,"38,500.00"
2019-07-02,2019070201005680,NABILP,14,16,100,770.00,"77,000.00"
2019-07-02,2019070201005679,NABILP,25,16,20,770.00,"15,400.00"
2019-07-02,2019070201005678,NABILP,37,16,38,770.00,"29,260.00"
2019-07-02,2019070201006147,NAGRO,21,3,160,486.00,"77,760.00"
2019-07-02,2019070201006146,NAGRO,58,3,10,486.00,"4,860.00"
2019-07-02,2019070201005922,NAGRO,58,29,10,486.00,"4,860.00"
2019-07-02,2019070201005908,NAGRO,58,29,10,486.00,"4,860.00"
2019-07-02,2019070201005810,NAGRO,21,59,50,491.00,"24,550.00"
2019-07-02,2019070201005809,NAGRO,21,44,10,490.00,"4,900.00"
2019-07-02,2019070201005735,NAGRO,58,45,10,486.00,"4,860.00"
2019-07-02,2019070201006156,NBL,33,58,20,337.00,"6,740.00"
2019-07-02,2019070201006144,NBL,43,59,328,336.00,"110,208.00"
2019-07-02,2019070201006109,NBL,56,59,"1,000",336.00,"336,000.00"
2019-07-02,2019070201006063,NBL,56,59,"1,400",336.00,"470,400.00"
2019-07-02,2019070201006040,NBL,16,54,710,335.00,"237,850.00"
2019-07-02,2019070201006039,NBL,36,54,90,335.00,"30,150.00"
2019-07-02,2019070201005814,NBL,33,1,228,336.00,"76,608.00"
2019-07-02,2019070201005813,NBL,16,1,500,336.00,"168,000.00"
2019-07-02,2019070201005812,NBL,38,1,500,336.00,"168,000.00"
2019-07-02,2019070201005811,NBL,1,1,272,336.00,"91,392.00"
2019-07-02,2019070201006027,NBL,56,59,"1,272",336.00,"427,392.00"
2019-07-02,2019070201006026,NBL,56,55,128,336.00,"43,008.00"
2019-07-02,2019070201006003,NBL,36,3,410,335.00,"137,350.00"
2019-07-02,2019070201006002,NBL,25,3,290,335.00,"97,150.00"
2019-07-02,2019070201005825,NBL,38,55,100,336.00,"33,600.00"
2019-07-02,2019070201005824,NBL,33,55,272,336.00,"91,392.00"
2019-07-02,2019070201006005,NCCB,50,52,72,254.00,"18,288.00"
2019-07-02,2019070201005868,NCCB,28,32,120,256.00,"30,720.00"
2019-07-02,2019070201005867,NCCB,28,22,100,256.00,"25,600.00"
2019-07-02,2019070201005787,NCCB,58,22,100,256.00,"25,600.00"
2019-07-02,2019070201005777,NCCB,28,33,"1,000",249.00,"249,000.00"
2019-07-02,2019070201005767,NCCB,28,57,"1,000",248.00,"248,000.00"
2019-07-02,2019070201005752,NCCB,28,26,800,247.00,"197,600.00"
2019-07-02,2019070201005697,NCCB,16,5,"1,000",246.00,"246,000.00"
2019-07-02,2019070201005658,NCCB,39,22,"1,000",246.00,"246,000.00"
2019-07-02,2019070201006089,NIB,51,37,201,519.00,"104,319.00"
2019-07-02,2019070201006088,NIB,51,26,250,519.00,"129,750.00"
2019-07-02,2019070201006067,NIB,6,26,50,519.00,"25,950.00"
2019-07-02,2019070201005892,NIB,53,22,518,518.00,"268,324.00"
2019-07-02,2019070201005891,NIB,28,22,100,518.00,"51,800.00"
2019-07-02,2019070201005890,NIB,22,22,10,518.00,"5,180.00"
2019-07-02,2019070201005889,NIB,14,22,72,518.00,"37,296.00"
2019-07-02,2019070201005806,NIB,14,22,44,518.00,"22,792.00"
2019-07-02,2019070201005732,NIB,14,57,384,518.00,"198,912.00"
2019-07-02,2019070201006131,NIBPO,1,4,95,476.00,"45,220.00"
2019-07-02,2019070201005937,NIBPO,53,4,860,475.00,"408,500.00"
2019-07-02,2019070201005927,NIBPO,22,4,100,475.00,"47,500.00"
2019-07-02,2019070201005872,NIBPO,53,4,40,475.00,"19,000.00"
2019-07-02,2019070201006120,NICA,59,43,248,455.00,"112,840.00"
2019-07-02,2019070201006119,NICA,40,43,400,455.00,"182,000.00"
2019-07-02,2019070201006111,NICA,33,45,20,454.00,"9,080.00"
2019-07-02,2019070201005957,NICA,53,55,"1,497",454.00,"679,638.00"
2019-07-02,2019070201005930,NICA,57,55,500,454.00,"227,000.00"
2019-07-02,2019070201005929,NICA,34,55,300,454.00,"136,200.00"
2019-07-02,2019070201005893,NICA,25,43,252,455.00,"114,660.00"
2019-07-02,2019070201005882,NICA,25,29,700,455.00,"318,500.00"
2019-07-02,2019070201005881,NICA,25,29,200,455.00,"91,000.00"
2019-07-02,2019070201005880,NICA,44,29,100,455.00,"45,500.00"
2019-07-02,2019070201005694,NICGF,17,19,700,9.40,"6,580.00"
2019-07-02,2019070201005693,NICGF,34,19,"2,000",9.41,"18,820.00"
2019-07-02,2019070201005714,NLBBL,39,22,90,485.00,"43,650.00"
2019-07-02,2019070201006148,NLIC,14,13,17,887.00,"15,079.00"
2019-07-02,2019070201005879,NLIC,55,22,62,886.00,"54,932.00"
2019-07-02,2019070201005822,NLIC,21,13,17,887.00,"15,079.00"
2019-07-02,2019070201005801,NLIC,21,13,17,887.00,"15,079.00"
2019-07-02,2019070201005785,NLIC,21,13,17,887.00,"15,079.00"
2019-07-02,2019070201005692,NLIC,21,33,40,887.00,"35,480.00"
2019-07-02,2019070201005691,NLIC,6,33,10,887.00,"8,870.00"
2019-07-02,2019070201005690,NLIC,6,33,50,887.00,"44,350.00"
2019-07-02,2019070201005689,NLIC,35,33,50,887.00,"44,350.00"
2019-07-02,2019070201006086,NLICL,16,32,200,598.00,"119,600.00"
2019-07-02,2019070201006037,NLICL,43,32,10,598.00,"5,980.00"
2019-07-02,2019070201005982,NLICL,25,49,"1,000",595.00,"595,000.00"
2019-07-02,2019070201005946,NMBMF,7,55,25,958.00,"23,950.00"
2019-07-02,2019070201005945,NMBMF,45,55,10,959.00,"9,590.00"
2019-07-02,2019070201005667,NMFBS,28,38,15,"1,463.00","21,945.00"
2019-07-02,2019070201005666,NMFBS,28,57,10,"1,463.00","14,630.00"
2019-07-02,2019070201005665,NMFBS,28,29,15,"1,462.00","21,930.00"
2019-07-02,2019070201005944,NNLB,45,33,20,387.00,"7,740.00"
2019-07-02,2019070201006104,NSEWA,47,49,30,385.00,"11,550.00"
2019-07-02,2019070201006103,NSEWA,37,49,20,385.00,"7,700.00"
2019-07-02,2019070201006059,NTC,50,39,200,694.00,"138,800.00"
2019-07-02,2019070201005918,NUBL,53,33,500,837.00,"418,500.00"
2019-07-02,2019070201005871,OHL,40,59,200,622.00,"124,400.00"
2019-07-02,2019070201005905,PCBL,56,52,100,280.00,"28,000.00"
2019-07-02,2019070201005904,PCBL,56,47,300,280.00,"84,000.00"
2019-07-02,2019070201005903,PCBL,56,33,200,279.00,"55,800.00"
2019-07-02,2019070201005902,PCBL,56,33,400,278.00,"111,200.00"
2019-07-02,2019070201006153,PIC,48,38,200,941.00,"188,200.00"
2019-07-02,2019070201006096,PIC,35,42,11,938.00,"10,318.00"
2019-07-02,2019070201006074,PIC,38,34,58,940.00,"54,520.00"
2019-07-02,2019070201005979,PIC,35,21,11,938.00,"10,318.00"
2019-07-02,2019070201005869,PIC,36,34,150,940.00,"141,000.00"
2019-07-02,2019070201005839,PIC,22,33,10,938.00,"9,380.00"
2019-07-02,2019070201005686,PIC,21,34,25,940.00,"23,500.00"
2019-07-02,2019070201005659,PIC,47,38,11,941.00,"10,351.00"
2019-07-02,2019070201005832,PIC,51,33,24,938.00,"22,512.00"
2019-07-02,2019070201005831,PIC,17,33,100,939.00,"93,900.00"
2019-07-02,2019070201005830,PIC,50,33,50,939.00,"46,950.00"
2019-07-02,2019070201005829,PIC,28,33,100,939.00,"93,900.00"
2019-07-02,2019070201005688,PIC,1,34,189,940.00,"177,660.00"
2019-07-02,2019070201005687,PIC,1,34,50,940.00,"47,000.00"
2019-07-02,2019070201005838,PIC,11,33,50,938.00,"46,900.00"
2019-07-02,2019070201005837,PIC,14,33,30,938.00,"28,140.00"
2019-07-02,2019070201005836,PIC,37,33,500,938.00,"469,000.00"
2019-07-02,2019070201005835,PIC,16,33,20,938.00,"18,760.00"
2019-07-02,2019070201005834,PIC,29,33,60,938.00,"56,280.00"
2019-07-02,2019070201005833,PIC,7,33,50,938.00,"46,900.00"
2019-07-02,2019070201006025,PICL,38,58,10,555.00,"5,550.00"
2019-07-02,2019070201006127,PLIC,48,22,10,440.00,"4,400.00"
2019-07-02,2019070201005980,PLIC,16,55,37,436.00,"16,132.00"
2019-07-02,2019070201005720,PLIC,52,22,100,440.00,"44,000.00"
2019-07-02,2019070201006020,PPCL,14,20,10,140.00,"1,400.00"
2019-07-02,2019070201006044,PRVU,14,55,200,268.00,"53,600.00"
2019-07-02,2019070201006043,PRVU,14,39,693,268.00,"185,724.00"
2019-07-02,2019070201006035,PRVU,6,55,18,267.00,"4,806.00"
2019-07-02,2019070201005888,PRVU,50,39,307,268.00,"82,276.00"
2019-07-02,2019070201005706,PRVU,56,57,300,267.00,"80,100.00"
2019-07-02,2019070201005705,PRVU,33,57,359,267.00,"95,853.00"
2019-07-02,2019070201005779,PRVU,38,16,500,267.00,"133,500.00"
2019-07-02,2019070201005772,PRVU,58,22,34,266.00,"9,044.00"
2019-07-02,2019070201005771,PRVU,40,22,50,266.00,"13,300.00"
2019-07-02,2019070201005887,PRVU,50,32,300,268.00,"80,400.00"
2019-07-02,2019070201005886,PRVU,50,47,54,268.00,"14,472.00"
2019-07-02,2019070201005885,PRVU,50,45,"1,339",268.00,"358,852.00"
2019-07-02,2019070201005826,PRVU,58,45,400,268.00,"107,200.00"
2019-07-02,2019070201005916,RBCLPO,7,16,10,"8,550.00","85,500.00"
2019-07-02,2019070201006068,RMDC,39,55,153,656.00,"100,368.00"
2019-07-02,2019070201005981,RMDC,51,46,111,655.00,"72,705.00"
2019-07-02,2019070201005928,RMDC,39,37,14,653.00,"9,142.00"
2019-07-02,2019070201005699,RSDC,20,51,48,345.00,"16,560.00"
2019-07-02,2019070201005698,RSDC,20,42,10,344.00,"3,440.00"
2019-07-02,2019070201006077,SADBL,14,49,300,154.00,"46,200.00"
2019-07-02,2019070201006076,SADBL,14,50,200,154.00,"30,800.00"
2019-07-02,2019070201006007,SADBL,57,50,100,154.00,"15,400.00"
2019-07-02,2019070201006015,SAEF,43,49,500,9.51,"4,755.00"
2019-07-02,2019070201006014,SAEF,43,17,200,9.51,"1,902.00"
2019-07-02,2019070201006152,SANIMA,14,22,500,350.00,"175,000.00"
2019-07-02,2019070201006073,SANIMA,14,22,50,350.00,"17,500.00"
2019-07-02,2019070201005783,SANIMA,10,22,100,350.00,"35,000.00"
2019-07-02,2019070201005782,SANIMA,10,7,500,350.00,"175,000.00"
2019-07-02,2019070201005781,SANIMA,10,55,400,350.00,"140,000.00"
2019-07-02,2019070201005703,SANIMA,34,10,719,348.00,"250,212.00"
2019-07-02,2019070201005702,SANIMA,19,10,50,348.00,"17,400.00"
2019-07-02,2019070201005701,SANIMA,47,10,231,348.00,"80,388.00"
2019-07-02,2019070201005951,SBI,10,17,"1,000",466.00,"466,000.00"
2019-07-02,2019070201006151,SBL,43,50,350,322.00,"112,700.00"
2019-07-02,2019070201006150,SBL,43,43,100,322.00,"32,200.00"
2019-07-02,2019070201006149,SBL,43,13,130,322.00,"41,860.00"
2019-07-02,2019070201006135,SBL,49,13,20,322.00,"6,440.00"
2019-07-02,2019070201006069,SBL,56,13,50,322.00,"16,100.00"
2019-07-02,2019070201005743,SCB,3,22,20,654.00,"13,080.00"
2019-07-02,2019070201006113,SFFIL,47,41,10,214.00,"2,140.00"
2019-07-02,2019070201006030,SHIVM,7,25,300,618.00,"185,400.00"
2019-07-02,2019070201005894,SHIVM,35,17,100,618.00,"61,800.00"
2019-07-02,2019070201005798,SHIVM,59,17,50,618.00,"30,900.00"
2019-07-02,2019070201005784,SHIVM,26,17,200,618.00,"123,600.00"
2019-07-02,2019070201005719,SHIVM,59,17,50,618.00,"30,900.00"
2019-07-02,2019070201006084,SHPC,28,49,50,245.00,"12,250.00"
2019-07-02,2019070201006083,SHPC,35,49,200,246.00,"49,200.00"
2019-07-02,2019070201006019,SIC,35,11,10,599.00,"5,990.00"
2019-07-02,2019070201006018,SIC,35,47,190,598.00,"113,620.00"
2019-07-02,2019070201006122,SICL,35,45,41,760.00,"31,160.00"
2019-07-02,2019070201006121,SICL,35,34,59,757.00,"44,663.00"
2019-07-02,2019070201006082,SICL,35,34,41,757.00,"31,037.00"
2019-07-02,2019070201006081,SICL,35,54,50,756.00,"37,800.00"
2019-07-02,2019070201006080,SICL,35,22,20,755.00,"15,100.00"
2019-07-02,2019070201006079,SICL,35,5,79,755.00,"59,645.00"
2019-07-02,2019070201006078,SICL,35,35,60,754.00,"45,240.00"
2019-07-02,2019070201005670,SICL,43,4,200,752.00,"150,400.00"
2019-07-02,2019070201006112,SKBBL,22,33,10,950.00,"9,500.00"
2019-07-02,2019070201006012,SKBBL,28,28,900,939.00,"845,100.00"
2019-07-02,2019070201006011,SKBBL,21,28,100,940.00,"94,000.00"
2019-07-02,2019070201005907,SKBBL,53,19,50,945.00,"47,250.00"
2019-07-02,2019070201005906,SKBBL,53,28,500,945.00,"472,500.00"
2019-07-02,2019070201005773,SLBBL,42,51,56,473.00,"26,488.00"
2019-07-02,2019070201006072,SMATA,28,8,44,"1,121.00","49,324.00"
2019-07-02,2019070201005866,SMB,14,55,10,404.00,"4,040.00"
2019-07-02,2019070201005769,SMFDB,49,48,70,489.00,"34,230.00"
2019-07-02,2019070201005848,SRBL,18,53,"1,000",252.00,"252,000.00"
2019-07-02,2019070201005808,SRBL,43,20,50,250.00,"12,500.00"
2019-07-02,2019070201005961,TRH,46,44,"2,000",311.00,"622,000.00"
2019-07-02,2019070201005865,TRH,36,50,400,310.00,"124,000.00"
2019-07-02,2019070201005864,TRH,36,51,"1,000",310.00,"310,000.00"
2019-07-02,2019070201005828,TRH,40,49,10,308.00,"3,080.00"
2019-07-02,2019070201006041,UIC,17,22,10,895.00,"8,950.00"
2019-07-02,2019070201006085,UPPER,45,56,20,266.00,"5,320.00"
2019-07-02,2019070201005991,UPPER,44,25,500,265.00,"132,500.00"
2019-07-02,2019070201005990,UPPER,44,25,250,265.00,"66,250.00"
2019-07-02,2019070201005989,UPPER,44,14,150,265.00,"39,750.00"
2019-07-02,2019070201005988,UPPER,44,48,100,265.00,"26,500.00"
2019-07-02,2019070201005987,UPPER,44,54,"5,367",265.00,"1,422,255.00"
2019-07-02,2019070201005723,UPPER,22,54,200,265.00,"53,000.00"
2019-07-02,2019070201005851,UPPER,6,8,40,264.00,"10,560.00"
2019-07-02,2019070201005850,UPPER,16,8,360,264.00,"95,040.00"
2019-07-02,2019070201005849,UPPER,35,8,120,264.00,"31,680.00"
2019-07-02,2019070201005823,UPPER,35,35,40,264.00,"10,560.00"
2019-07-02,2019070201005799,UPPER,35,39,40,264.00,"10,560.00"
2019-07-02,2019070201005857,UPPER,52,8,500,264.00,"132,000.00"
2019-07-02,2019070201005856,UPPER,32,8,200,264.00,"52,800.00"
2019-07-02,2019070201005855,UPPER,38,8,200,264.00,"52,800.00"
2019-07-02,2019070201005854,UPPER,29,8,200,264.00,"52,800.00"
2019-07-02,2019070201005853,UPPER,47,8,200,264.00,"52,800.00"
2019-07-02,2019070201005852,UPPER,50,8,10,264.00,"2,640.00"
2019-07-02,2019070201005862,UPPER,48,8,100,263.00,"26,300.00"
2019-07-02,2019070201005861,UPPER,45,8,"2,000",263.00,"526,000.00"
2019-07-02,2019070201005860,UPPER,3,8,20,263.00,"5,260.00"
2019-07-02,2019070201005859,UPPER,1,8,"1,000",263.00,"263,000.00"
2019-07-02,2019070201005858,UPPER,39,8,50,263.00,"13,150.00"
2019-07-02,2019070201005602,ADBL,14,58,163,413.00,"67,319.00"
2019-07-02,2019070201005601,ADBL,14,34,102,412.00,"42,024.00"
2019-07-02,2019070201005600,ADBL,14,38,33,412.00,"13,596.00"
2019-07-02,2019070201005599,ADBL,14,38,50,412.00,"20,600.00"
2019-07-02,2019070201005598,ADBL,14,32,152,411.00,"62,472.00"
2019-07-02,2019070201005312,ADBL,44,14,100,410.00,"41,000.00"
2019-07-02,2019070201005168,ADBL,49,58,780,409.00,"319,020.00"
2019-07-02,2019070201005311,ADBL,44,4,500,410.00,"205,000.00"
2019-07-02,2019070201005310,ADBL,44,28,152,410.00,"62,320.00"
2019-07-02,2019070201005309,ADBL,44,33,300,410.00,"123,000.00"
2019-07-02,2019070201005308,ADBL,44,6,80,410.00,"32,800.00"
2019-07-02,2019070201005250,ADBL,49,58,"1,000",409.00,"409,000.00"
2019-07-02,2019070201005249,ADBL,49,4,50,409.00,"20,450.00"
2019-07-02,2019070201005329,AHPC,7,25,441,106.00,"46,746.00"
2019-07-02,2019070201005328,AHPC,7,25,59,106.00,"6,254.00"
2019-07-02,2019070201005263,AHPC,7,52,10,106.00,"1,060.00"
2019-07-02,2019070201005262,AHPC,7,14,31,106.00,"3,286.00"
2019-07-02,2019070201005221,AHPC,16,16,614,105.00,"64,470.00"
2019-07-02,2019070201005220,AHPC,17,16,100,105.00,"10,500.00"
2019-07-02,2019070201005219,AHPC,58,16,200,105.00,"21,000.00"
2019-07-02,2019070201005218,AHPC,19,16,60,105.00,"6,300.00"
2019-07-02,2019070201005217,AHPC,42,16,126,105.00,"13,230.00"
2019-07-02,2019070201005284,AKPL,45,22,39,184.00,"7,176.00"
2019-07-02,2019070201005500,ALBSL,32,35,50,397.00,"19,850.00"
2019-07-02,2019070201005499,ALBSL,32,36,10,397.00,"3,970.00"
2019-07-02,2019070201005498,ALBSL,32,39,10,396.00,"3,960.00"
2019-07-02,2019070201005497,ALBSL,32,49,10,394.00,"3,940.00"
2019-07-02,2019070201005442,ALBSL,32,29,10,390.00,"3,900.00"
2019-07-02,2019070201005535,API,25,34,14,146.00,"2,044.00"
2019-07-02,2019070201005534,API,25,48,28,145.00,"4,060.00"
2019-07-02,2019070201005533,API,25,48,274,145.00,"39,730.00"
2019-07-02,2019070201005532,API,25,39,45,145.00,"6,525.00"
2019-07-02,2019070201005305,BFC,14,48,"1,000",100.00,"100,000.00"
2019-07-02,2019070201005208,BFC,25,48,500,100.00,"50,000.00"
2019-07-02,2019070201005435,BOKL,32,22,83,260.00,"21,580.00"
2019-07-02,2019070201005434,BOKL,32,22,17,260.00,"4,420.00"
2019-07-02,2019070201005369,BOKL,50,45,10,262.00,"2,620.00"
2019-07-02,2019070201005349,BOKL,32,32,60,260.00,"15,600.00"
2019-07-02,2019070201005223,BOKL,32,22,23,260.00,"5,980.00"
2019-07-02,2019070201005222,BOKL,50,22,215,260.00,"55,900.00"
2019-07-02,2019070201005169,BOKL,50,59,100,260.00,"26,000.00"
2019-07-02,2019070201005475,BPCL,20,42,99,402.00,"39,798.00"
2019-07-02,2019070201005420,CBBL,14,49,100,942.00,"94,200.00"
2019-07-02,2019070201005597,CBL,57,43,500,147.00,"73,500.00"
2019-07-02,2019070201005370,CBL,57,45,648,147.00,"95,256.00"
2019-07-02,2019070201005293,CBL,47,49,200,148.00,"29,600.00"
2019-07-02,2019070201005641,CCBL,26,45,142,175.00,"24,850.00"
2019-07-02,2019070201005559,CCBL,26,19,21,175.00,"3,675.00"
2019-07-02,2019070201005556,CCBL,59,7,200,176.00,"35,200.00"
2019-07-02,2019070201005555,CCBL,59,8,500,176.00,"88,000.00"
2019-07-02,2019070201005554,CCBL,59,7,200,176.00,"35,200.00"
2019-07-02,2019070201005553,CCBL,59,8,500,176.00,"88,000.00"
2019-07-02,2019070201005186,CCBL,58,8,500,175.00,"87,500.00"
2019-07-02,2019070201005185,CCBL,58,1,200,175.00,"35,000.00"
2019-07-02,2019070201005184,CCBL,58,8,"2,000",175.00,"350,000.00"
2019-07-02,2019070201005192,CCBL,58,22,"1,000",175.00,"175,000.00"
2019-07-02,2019070201005191,CCBL,58,45,750,175.00,"131,250.00"
2019-07-02,2019070201005190,CCBL,58,52,"1,000",175.00,"175,000.00"
2019-07-02,2019070201005189,CCBL,58,48,150,175.00,"26,250.00"
2019-07-02,2019070201005188,CCBL,58,34,100,175.00,"17,500.00"
2019-07-02,2019070201005187,CCBL,58,32,100,175.00,"17,500.00"
2019-07-02,2019070201005304,CCBL,58,44,"1,000",174.00,"174,000.00"
2019-07-02,2019070201005292,CCBL,26,14,500,174.00,"87,000.00"
2019-07-02,2019070201005291,CCBL,38,14,500,174.00,"87,000.00"
2019-07-02,2019070201005202,CCBL,38,52,500,174.00,"87,000.00"
2019-07-02,2019070201005194,CCBL,58,52,250,175.00,"43,750.00"
2019-07-02,2019070201005193,CCBL,58,48,30,175.00,"5,250.00"
2019-07-02,2019070201005423,CCBL,49,32,500,175.00,"87,500.00"
2019-07-02,2019070201005397,CCBL,28,13,"1,500",175.00,"262,500.00"
2019-07-02,2019070201005396,CCBL,28,43,500,175.00,"87,500.00"
2019-07-02,2019070201005395,CCBL,28,6,400,175.00,"70,000.00"
2019-07-02,2019070201005324,CCBL,58,41,500,174.00,"87,000.00"
2019-07-02,2019070201005479,CCBL,26,57,450,175.00,"78,750.00"
2019-07-02,2019070201005471,CCBL,58,57,150,175.00,"26,250.00"
2019-07-02,2019070201005466,CCBL,58,43,200,175.00,"35,000.00"
2019-07-02,2019070201005463,CCBL,58,22,550,175.00,"96,250.00"
2019-07-02,2019070201005424,CCBL,58,32,500,175.00,"87,500.00"
2019-07-02,2019070201005546,CCBL,59,36,100,176.00,"17,600.00"
2019-07-02,2019070201005545,CCBL,59,45,"1,000",176.00,"176,000.00"
2019-07-02,2019070201005538,CCBL,26,51,100,175.00,"17,500.00"
2019-07-02,2019070201005489,CCBL,26,57,11,175.00,"1,925.00"
2019-07-02,2019070201005552,CCBL,59,36,200,176.00,"35,200.00"
2019-07-02,2019070201005551,CCBL,59,52,150,176.00,"26,400.00"
2019-07-02,2019070201005550,CCBL,59,29,100,176.00,"17,600.00"
2019-07-02,2019070201005549,CCBL,59,22,50,176.00,"8,800.00"
2019-07-02,2019070201005548,CCBL,59,43,"1,000",176.00,"176,000.00"
2019-07-02,2019070201005547,CCBL,59,45,"1,000",176.00,"176,000.00"
2019-07-02,2019070201005579,CHCL,56,3,"2,000",506.00,"1,012,000.00"
2019-07-02,2019070201005368,CHCL,6,33,500,504.00,"252,000.00"
2019-07-02,2019070201005345,CHCL,25,16,414,505.00,"209,070.00"
2019-07-02,2019070201005592,CZBIL,6,57,316,223.00,"70,468.00"
2019-07-02,2019070201005573,CZBIL,6,55,84,223.00,"18,732.00"
2019-07-02,2019070201005572,CZBIL,6,47,50,223.00,"11,150.00"
2019-07-02,2019070201005571,CZBIL,6,10,"1,000",223.00,"223,000.00"
2019-07-02,2019070201005570,CZBIL,6,28,550,223.00,"122,650.00"
2019-07-02,2019070201005523,CZBIL,56,28,450,223.00,"100,350.00"
2019-07-02,2019070201005522,CZBIL,56,51,50,223.00,"11,150.00"
2019-07-02,2019070201005440,CZBIL,38,48,307,222.00,"68,154.00"
2019-07-02,2019070201005247,CZBIL,17,17,645,222.00,"143,190.00"
2019-07-02,2019070201005207,CZBIL,41,53,100,222.00,"22,200.00"
2019-07-02,2019070201005540,DBBL,32,42,200,137.00,"27,400.00"
2019-07-02,2019070201005447,DBBL,32,55,100,137.00,"13,700.00"
2019-07-02,2019070201005446,DBBL,32,5,61,137.00,"8,357.00"
2019-07-02,2019070201005445,DBBL,32,45,100,137.00,"13,700.00"
2019-07-02,2019070201005235,DBBL,57,21,10,136.00,"1,360.00"
2019-07-02,2019070201005577,DDBL,41,33,100,708.00,"70,800.00"
2019-07-02,2019070201005576,DDBL,42,33,100,709.00,"70,900.00"
2019-07-02,2019070201005295,DDBL,41,4,10,708.00,"7,080.00"
2019-07-02,2019070201005294,DDBL,17,4,10,709.00,"7,090.00"
2019-07-02,2019070201005452,EBL,56,16,100,655.00,"65,500.00"
2019-07-02,2019070201005216,EBL,34,29,62,655.00,"40,610.00"
2019-07-02,2019070201005215,EBL,34,52,150,655.00,"98,250.00"
2019-07-02,2019070201005158,FMDBL,29,6,20,373.00,"7,460.00"
2019-07-02,2019070201005465,FOWAD,43,32,78,"1,320.00","102,960.00"
2019-07-02,2019070201005464,FOWAD,43,11,49,"1,318.00","64,582.00"
2019-07-02,2019070201005362,FOWAD,50,57,200,"1,317.00","263,400.00"
2019-07-02,2019070201005325,FOWAD,35,35,10,"1,315.00","13,150.00"
2019-07-02,2019070201005307,FOWAD,57,22,19,"1,312.00","24,928.00"
2019-07-02,2019070201005212,FOWAD,25,56,19,"1,315.00","24,985.00"
2019-07-02,2019070201005575,GBBL,14,42,50,219.00,"10,950.00"
2019-07-02,2019070201005174,GBBL,39,4,22,219.00,"4,818.00"
2019-07-02,2019070201005160,GBBL,39,4,78,219.00,"17,082.00"
2019-07-02,2019070201005605,GBIME,45,26,160,293.00,"46,880.00"
2019-07-02,2019070201005604,GBIME,36,26,"1,000",293.00,"293,000.00"
2019-07-02,2019070201005603,GBIME,32,26,200,293.00,"58,600.00"
2019-07-02,2019070201005478,GBIME,52,22,50,292.00,"14,600.00"
2019-07-02,2019070201005439,GBIME,21,11,201,293.00,"58,893.00"
2019-07-02,2019070201005422,GBIME,58,11,500,293.00,"146,500.00"
2019-07-02,2019070201005269,GBIME,57,4,186,293.00,"54,498.00"
2019-07-02,2019070201005268,GBIME,57,1,314,293.00,"92,002.00"
2019-07-02,2019070201005182,GBIME,22,1,50,293.00,"14,650.00"
2019-07-02,2019070201005181,GBIME,45,1,200,293.00,"58,600.00"
2019-07-02,2019070201005180,GBIME,6,1,58,293.00,"16,994.00"
2019-07-02,2019070201005391,GBIME,52,11,80,293.00,"23,440.00"
2019-07-02,2019070201005359,GBIME,58,11,119,293.00,"34,867.00"
2019-07-02,2019070201005358,GBIME,58,11,100,293.00,"29,300.00"
2019-07-02,2019070201005322,GBIME,58,52,116,293.00,"33,988.00"
2019-07-02,2019070201005321,GBIME,58,4,161,293.00,"47,173.00"
2019-07-02,2019070201005320,GBIME,58,1,604,293.00,"176,972.00"
2019-07-02,2019070201005276,GDBL,16,55,15,207.00,"3,105.00"
2019-07-02,2019070201005278,GFCL,28,20,50,131.00,"6,550.00"
2019-07-02,2019070201005277,GFCL,28,20,150,131.00,"19,650.00"
2019-07-02,2019070201005290,GHL,36,55,20,80.00,"1,600.00"
2019-07-02,2019070201005374,GILB,58,36,10,"1,229.00","12,290.00"
2019-07-02,2019070201005373,GILB,58,58,25,"1,228.00","30,700.00"
2019-07-02,2019070201005372,GILB,58,16,22,"1,220.00","26,840.00"
2019-07-02,2019070201005361,GILB,58,44,17,"1,219.00","20,723.00"
2019-07-02,2019070201005491,GLBSL,45,29,10,387.00,"3,870.00"
2019-07-02,2019070201005474,GLBSL,45,29,10,387.00,"3,870.00"
2019-07-02,2019070201005430,GLBSL,45,29,10,387.00,"3,870.00"
2019-07-02,2019070201005398,GLBSL,45,29,10,387.00,"3,870.00"
2019-07-02,2019070201005378,GLBSL,45,29,10,387.00,"3,870.00"
2019-07-02,2019070201005344,GLBSL,36,38,200,388.00,"77,600.00"
2019-07-02,2019070201005607,GLICL,49,32,80,468.00,"37,440.00"
2019-07-02,2019070201005228,GLICL,45,1,170,467.00,"79,390.00"
2019-07-02,2019070201005578,GMFBS,26,38,10,429.00,"4,290.00"
2019-07-02,2019070201005542,GMFBS,26,38,10,429.00,"4,290.00"
2019-07-02,2019070201005537,GMFBS,26,38,10,429.00,"4,290.00"
2019-07-02,2019070201005521,GMFBS,26,38,10,429.00,"4,290.00"
2019-07-02,2019070201005516,GMFBS,26,38,10,429.00,"4,290.00"
2019-07-02,2019070201005501,GMFBS,26,38,10,429.00,"4,290.00"
2019-07-02,2019070201005429,GMFBS,26,38,10,429.00,"4,290.00"
2019-07-02,2019070201005379,GMFBS,26,38,10,429.00,"4,290.00"
2019-07-02,2019070201005363,GMFBS,26,38,10,429.00,"4,290.00"
2019-07-02,2019070201005340,GMFBS,26,42,10,429.00,"4,290.00"
2019-07-02,2019070201005494,GMFBS,26,38,10,429.00,"4,290.00"
2019-07-02,2019070201005487,GMFBS,26,38,10,429.00,"4,290.00"
2019-07-02,2019070201005481,GMFBS,26,38,10,429.00,"4,290.00"
2019-07-02,2019070201005473,GMFBS,26,38,10,429.00,"4,290.00"
2019-07-02,2019070201005461,GMFBS,26,38,10,429.00,"4,290.00"
2019-07-02,2019070201005437,GMFBS,26,38,10,429.00,"4,290.00"
2019-07-02,2019070201005387,HBL,34,58,283,547.00,"154,801.00"
2019-07-02,2019070201005386,HBL,45,58,20,548.00,"10,960.00"
2019-07-02,2019070201005385,HBL,41,58,130,548.00,"71,240.00"
2019-07-02,2019070201005384,HBL,51,58,35,549.00,"19,215.00"
2019-07-02,2019070201005383,HBL,25,58,32,550.00,"17,600.00"
2019-07-02,2019070201005410,HGI,7,34,300,359.00,"107,700.00"
2019-07-02,2019070201005409,HGI,7,35,10,359.00,"3,590.00"
2019-07-02,2019070201005408,HGI,7,32,100,358.00,"35,800.00"
2019-07-02,2019070201005505,HIDCL,51,45,261,158.00,"41,238.00"
2019-07-02,2019070201005427,HIDCL,34,34,"1,700",157.00,"266,900.00"
2019-07-02,2019070201005306,HIDCL,29,29,1,153.00,153.00
2019-07-02,2019070201005286,HPPL,45,22,10,177.00,"1,770.00"
2019-07-02,2019070201005197,ICFC,17,13,"1,000",158.00,"158,000.00"
2019-07-02,2019070201005196,ICFC,55,13,500,159.00,"79,500.00"
2019-07-02,2019070201005195,ICFC,22,13,100,160.00,"16,000.00"
2019-07-02,2019070201005272,JBBL,58,53,200,155.00,"31,000.00"
2019-07-02,2019070201005206,JBNL,28,49,100,211.00,"21,100.00"
2019-07-02,2019070201005205,JBNL,28,17,500,211.00,"105,500.00"
2019-07-02,2019070201005204,JBNL,28,52,400,211.00,"84,400.00"
2019-07-02,2019070201005338,JOSHI,7,55,20,80.00,"1,600.00"
2019-07-02,2019070201005350,JSLBB,11,58,14,"1,122.00","15,708.00"
2019-07-02,2019070201005425,JSLBB,10,26,100,"1,140.00","114,000.00"
2019-07-02,2019070201005541,JSLBB,10,48,14,"1,161.00","16,254.00"
2019-07-02,2019070201005529,JSLBB,10,7,19,"1,162.00","22,078.00"
2019-07-02,2019070201005652,KBL,28,25,660,215.00,"141,900.00"
2019-07-02,2019070201005651,KBL,28,48,100,215.00,"21,500.00"
2019-07-02,2019070201005650,KBL,28,19,240,215.00,"51,600.00"
2019-07-02,2019070201005609,KBL,42,35,"1,000",214.00,"214,000.00"
2019-07-02,2019070201005608,KBL,42,36,74,214.00,"15,836.00"
2019-07-02,2019070201005557,KBL,25,48,700,213.00,"149,100.00"
2019-07-02,2019070201005528,KBL,52,36,426,214.00,"91,164.00"
2019-07-02,2019070201005527,KBL,52,38,741,214.00,"158,574.00"
2019-07-02,2019070201005526,KBL,52,47,50,214.00,"10,700.00"
2019-07-02,2019070201005525,KBL,52,46,283,214.00,"60,562.00"
2019-07-02,2019070201005482,KBL,42,46,64,214.00,"13,696.00"
2019-07-02,2019070201005371,KPCL,46,55,10,92.00,920.00
2019-07-02,2019070201005258,KPCL,47,59,50,93.00,"4,650.00"
2019-07-02,2019070201005486,KSBBL,39,34,100,154.00,"15,400.00"
2019-07-02,2019070201005297,KSBBL,39,21,55,154.00,"8,470.00"
2019-07-02,2019070201005327,LBBL,28,38,150,194.00,"29,100.00"
2019-07-02,2019070201005326,LBBL,28,56,250,194.00,"48,500.00"
2019-07-02,2019070201005318,LBBL,28,56,94,194.00,"18,236.00"
2019-07-02,2019070201005241,LBL,38,57,400,219.00,"87,600.00"
2019-07-02,2019070201005509,LGIL,38,16,500,440.00,"220,000.00"
2019-07-02,2019070201005508,LGIL,38,57,110,438.00,"48,180.00"
2019-07-02,2019070201005507,LGIL,38,53,190,435.00,"82,650.00"
2019-07-02,2019070201005333,LGIL,7,53,110,435.00,"47,850.00"
2019-07-02,2019070201005266,LGIL,51,37,448,436.00,"195,328.00"
2019-07-02,2019070201005443,LLBS,17,21,75,660.00,"49,500.00"
2019-07-02,2019070201005634,MBL,44,28,100,264.00,"26,400.00"
2019-07-02,2019070201005460,MBL,36,28,500,264.00,"132,000.00"
2019-07-02,2019070201005382,MBL,50,28,300,264.00,"79,200.00"
2019-07-02,2019070201005296,MBL,5,42,200,263.00,"52,600.00"
2019-07-02,2019070201005275,MBL,5,13,400,263.00,"105,200.00"
2019-07-02,2019070201005210,MBL,34,28,200,263.00,"52,600.00"
2019-07-02,2019070201005209,MBL,1,28,"1,000",263.00,"263,000.00"
2019-07-02,2019070201005177,MDB,19,44,30,246.00,"7,380.00"
2019-07-02,2019070201005619,MEGA,33,1,150,207.00,"31,050.00"
2019-07-02,2019070201005618,MEGA,33,19,100,207.00,"20,700.00"
2019-07-02,2019070201005617,MEGA,33,58,100,207.00,"20,700.00"
2019-07-02,2019070201005616,MEGA,33,10,300,207.00,"62,100.00"
2019-07-02,2019070201005615,MEGA,33,21,50,207.00,"10,350.00"
2019-07-02,2019070201005614,MEGA,33,14,300,207.00,"62,100.00"
2019-07-02,2019070201005227,MEGA,32,42,50,206.00,"10,300.00"
2019-07-02,2019070201005226,MEGA,32,36,50,206.00,"10,300.00"
2019-07-02,2019070201005225,MEGA,32,39,198,206.00,"40,788.00"
2019-07-02,2019070201005352,MEGA,59,51,100,206.00,"20,600.00"
2019-07-02,2019070201005351,MEGA,59,29,27,206.00,"5,562.00"
2019-07-02,2019070201005342,MEGA,38,29,473,206.00,"97,438.00"
2019-07-02,2019070201005341,MEGA,38,19,27,206.00,"5,562.00"
2019-07-02,2019070201005256,MEGA,57,14,100,205.00,"20,500.00"
2019-07-02,2019070201005253,MEGA,57,22,"1,000",205.00,"205,000.00"
2019-07-02,2019070201005402,MEGA,43,17,500,206.00,"103,000.00"
2019-07-02,2019070201005401,MEGA,43,45,"1,963",206.00,"404,378.00"
2019-07-02,2019070201005400,MEGA,43,42,150,206.00,"30,900.00"
2019-07-02,2019070201005399,MEGA,43,44,27,206.00,"5,562.00"
2019-07-02,2019070201005360,MEGA,10,44,100,206.00,"20,600.00"
2019-07-02,2019070201005353,MEGA,59,44,873,206.00,"179,838.00"
2019-07-02,2019070201005477,MEGA,6,34,600,206.00,"123,600.00"
2019-07-02,2019070201005476,MEGA,59,34,"1,900",206.00,"391,400.00"
2019-07-02,2019070201005413,MEGA,59,52,100,206.00,"20,600.00"
2019-07-02,2019070201005405,MEGA,43,25,292,206.00,"60,152.00"
2019-07-02,2019070201005404,MEGA,43,52,68,206.00,"14,008.00"
2019-07-02,2019070201005403,MEGA,43,28,"1,000",206.00,"206,000.00"
2019-07-02,2019070201005594,MERO,34,49,50,525.00,"26,250.00"
2019-07-02,2019070201005611,MFIL,28,38,"1,000",126.00,"126,000.00"
2019-07-02,2019070201005240,MFIL,28,38,"1,000",126.00,"126,000.00"
2019-07-02,2019070201005211,MHNL,48,48,20,104.00,"2,080.00"
2019-07-02,2019070201005356,MLBL,47,32,20,192.00,"3,840.00"
2019-07-02,2019070201005655,MNBBL,49,4,91,364.00,"33,124.00"
2019-07-02,2019070201005167,MNBBL,35,4,160,364.00,"58,240.00"
2019-07-02,2019070201005166,MNBBL,25,4,20,364.00,"7,280.00"
2019-07-02,2019070201005165,MNBBL,34,4,20,364.00,"7,280.00"
2019-07-02,2019070201005633,NABIL,5,5,86,776.00,"66,736.00"
2019-07-02,2019070201005632,NABIL,45,5,100,776.00,"77,600.00"
2019-07-02,2019070201005631,NABIL,25,5,20,776.00,"15,520.00"
2019-07-02,2019070201005630,NABIL,32,5,500,776.00,"388,000.00"
2019-07-02,2019070201005629,NABIL,16,5,50,776.00,"38,800.00"
2019-07-02,2019070201005628,NABIL,5,5,60,776.00,"46,560.00"
2019-07-02,2019070201005335,NABIL,5,14,18,779.00,"14,022.00"
2019-07-02,2019070201005319,NABIL,28,14,100,779.00,"77,900.00"
2019-07-02,2019070201005255,NABIL,11,14,200,779.00,"155,800.00"
2019-07-02,2019070201005621,NABIL,45,5,50,778.00,"38,900.00"
2019-07-02,2019070201005620,NABIL,34,5,100,778.00,"77,800.00"
2019-07-02,2019070201005583,NABIL,45,14,50,779.00,"38,950.00"
2019-07-02,2019070201005506,NABIL,34,14,20,779.00,"15,580.00"
2019-07-02,2019070201005449,NABIL,52,14,20,779.00,"15,580.00"
2019-07-02,2019070201005367,NABIL,25,14,10,779.00,"7,790.00"
2019-07-02,2019070201005627,NABIL,41,5,100,777.00,"77,700.00"
2019-07-02,2019070201005626,NABIL,34,5,100,777.00,"77,700.00"
2019-07-02,2019070201005625,NABIL,14,5,30,777.00,"23,310.00"
2019-07-02,2019070201005624,NABIL,42,5,50,777.00,"38,850.00"
2019-07-02,2019070201005623,NABIL,49,5,20,778.00,"15,560.00"
2019-07-02,2019070201005622,NABIL,22,5,20,778.00,"15,560.00"
2019-07-02,2019070201005213,NABILP,37,4,12,770.00,"9,240.00"
2019-07-02,2019070201005512,NBB,14,17,200,221.00,"44,200.00"
2019-07-02,2019070201005511,NBB,14,51,500,221.00,"110,500.00"
2019-07-02,2019070201005510,NBB,14,51,527,221.00,"116,467.00"
2019-07-02,2019070201005488,NBB,52,22,200,220.00,"44,000.00"
2019-07-02,2019070201005485,NBB,52,51,"1,000",221.00,"221,000.00"
2019-07-02,2019070201005566,NBL,1,20,50,336.00,"16,800.00"
2019-07-02,2019070201005513,NBL,1,38,100,336.00,"33,600.00"
2019-07-02,2019070201005419,NBL,1,47,78,336.00,"26,208.00"
2019-07-02,2019070201005418,NBL,1,47,46,336.00,"15,456.00"
2019-07-02,2019070201005414,NBL,1,42,400,336.00,"134,400.00"
2019-07-02,2019070201005381,NBL,1,59,54,336.00,"18,144.00"
2019-07-02,2019070201005380,NBL,40,59,50,336.00,"16,800.00"
2019-07-02,2019070201005657,NCCB,39,34,300,246.00,"73,800.00"
2019-07-02,2019070201005656,NCCB,39,47,500,246.00,"123,000.00"
2019-07-02,2019070201005654,NCCB,6,5,340,245.00,"83,300.00"
2019-07-02,2019070201005653,NCCB,25,5,660,245.00,"161,700.00"
2019-07-02,2019070201005606,NCCB,25,5,"1,000",245.00,"245,000.00"
2019-07-02,2019070201005596,NCCB,7,37,"1,000",246.00,"246,000.00"
2019-07-02,2019070201005261,NCCB,21,53,500,245.00,"122,500.00"
2019-07-02,2019070201005260,NCCB,21,43,300,245.00,"73,500.00"
2019-07-02,2019070201005259,NCCB,21,34,40,245.00,"9,800.00"
2019-07-02,2019070201005246,NCCB,51,34,60,245.00,"14,700.00"
2019-07-02,2019070201005593,NCCB,32,37,500,246.00,"123,000.00"
2019-07-02,2019070201005589,NCCB,25,5,340,245.00,"83,300.00"
2019-07-02,2019070201005588,NCCB,28,5,500,245.00,"122,500.00"
2019-07-02,2019070201005587,NCCB,21,5,160,245.00,"39,200.00"
2019-07-02,2019070201005515,NCCB,43,33,500,246.00,"123,000.00"
2019-07-02,2019070201005490,NCCB,43,33,500,246.00,"123,000.00"
2019-07-02,2019070201005298,NHDL,42,22,10,123.00,"1,230.00"
2019-07-02,2019070201005394,NIB,53,8,200,518.00,"103,600.00"
2019-07-02,2019070201005393,NIB,53,13,30,518.00,"15,540.00"
2019-07-02,2019070201005392,NIB,53,55,692,518.00,"358,456.00"
2019-07-02,2019070201005448,NIBPO,32,4,500,476.00,"238,000.00"
2019-07-02,2019070201005433,NIBPO,32,14,82,475.00,"38,950.00"
2019-07-02,2019070201005375,NIBPO,28,14,100,475.00,"47,500.00"
2019-07-02,2019070201005648,NICA,29,37,300,455.00,"136,500.00"
2019-07-02,2019070201005647,NICA,29,32,100,455.00,"45,500.00"
2019-07-02,2019070201005646,NICA,29,32,900,455.00,"409,500.00"
2019-07-02,2019070201005645,NICA,29,4,"1,000",455.00,"455,000.00"
2019-07-02,2019070201005644,NICA,29,32,400,455.00,"182,000.00"
2019-07-02,2019070201005643,NICA,29,32,102,455.00,"46,410.00"
2019-07-02,2019070201005224,NICA,52,32,50,455.00,"22,750.00"
2019-07-02,2019070201005640,NICA,25,4,48,454.00,"21,792.00"
2019-07-02,2019070201005639,NICA,11,4,50,454.00,"22,700.00"
2019-07-02,2019070201005638,NICA,46,4,50,454.00,"22,700.00"
2019-07-02,2019070201005637,NICA,54,4,200,454.00,"90,800.00"
2019-07-02,2019070201005636,NICA,52,4,152,454.00,"69,008.00"
2019-07-02,2019070201005238,NICA,52,22,83,454.00,"37,682.00"
2019-07-02,2019070201005201,NICGF,35,32,"2,000",9.50,"19,000.00"
2019-07-02,2019070201005265,NICL,28,4,10,360.00,"3,600.00"
2019-07-02,2019070201005231,NIL,38,26,80,479.00,"38,320.00"
2019-07-02,2019070201005230,NIL,38,35,150,479.00,"71,850.00"
2019-07-02,2019070201005649,NLBBL,25,21,181,484.00,"87,604.00"
2019-07-02,2019070201005610,NLIC,35,42,50,887.00,"44,350.00"
2019-07-02,2019070201005531,NLIC,1,8,200,887.00,"177,400.00"
2019-07-02,2019070201005337,NLIC,42,20,27,888.00,"23,976.00"
2019-07-02,2019070201005336,NLIC,42,16,73,888.00,"64,824.00"
2019-07-02,2019070201005332,NLIC,58,16,10,888.00,"8,880.00"
2019-07-02,2019070201005214,NLIC,57,16,14,888.00,"12,432.00"
2019-07-02,2019070201005586,NLICL,25,33,250,594.00,"148,500.00"
2019-07-02,2019070201005585,NLICL,25,26,135,594.00,"80,190.00"
2019-07-02,2019070201005584,NLICL,25,28,72,593.00,"42,696.00"
2019-07-02,2019070201005530,NLICL,35,28,20,593.00,"11,860.00"
2019-07-02,2019070201005412,NLICL,48,28,450,593.00,"266,850.00"
2019-07-02,2019070201005411,NLICL,48,16,50,593.00,"29,650.00"
2019-07-02,2019070201005406,NLICL,46,22,100,590.00,"59,000.00"
2019-07-02,2019070201005285,NLICL,5,16,50,593.00,"29,650.00"
2019-07-02,2019070201005444,NMBMF,7,21,100,960.00,"96,000.00"
2019-07-02,2019070201005569,NMFBS,28,6,15,"1,450.00","21,750.00"
2019-07-02,2019070201005568,NMFBS,28,18,15,"1,450.00","21,750.00"
2019-07-02,2019070201005567,NMFBS,28,48,19,"1,449.00","27,531.00"
2019-07-02,2019070201005544,NTC,44,7,500,694.00,"347,000.00"
2019-07-02,2019070201005536,NTC,44,7,500,694.00,"347,000.00"
2019-07-02,2019070201005170,NTC,35,39,20,695.00,"13,900.00"
2019-07-02,2019070201005436,NTC,39,39,100,695.00,"69,500.00"
2019-07-02,2019070201005203,NTC,25,7,10,699.00,"6,990.00"
2019-07-02,2019070201005173,NTC,16,39,230,692.00,"159,160.00"
2019-07-02,2019070201005172,NTC,28,39,200,692.00,"138,400.00"
2019-07-02,2019070201005171,NTC,39,39,50,692.00,"34,600.00"
2019-07-02,2019070201005164,NUBL,6,56,170,833.00,"141,610.00"
2019-07-02,2019070201005163,NUBL,10,56,100,834.00,"83,400.00"
2019-07-02,2019070201005582,OHL,40,48,102,622.00,"63,444.00"
2019-07-02,2019070201005581,OHL,40,59,150,622.00,"93,300.00"
2019-07-02,2019070201005580,OHL,40,42,50,620.00,"31,000.00"
2019-07-02,2019070201005237,OHL,40,4,500,622.00,"311,000.00"
2019-07-02,2019070201005236,OHL,40,42,50,621.00,"31,050.00"
2019-07-02,2019070201005179,OHL,35,48,100,620.00,"62,000.00"
2019-07-02,2019070201005565,PCBL,41,33,100,278.00,"27,800.00"
2019-07-02,2019070201005504,PCBL,6,22,24,277.00,"6,648.00"
2019-07-02,2019070201005503,PCBL,29,22,30,277.00,"8,310.00"
2019-07-02,2019070201005242,PCBL,54,1,50,277.00,"13,850.00"
2019-07-02,2019070201005472,PFL,1,26,39,138.00,"5,382.00"
2019-07-02,2019070201005450,PFL,1,26,39,138.00,"5,382.00"
2019-07-02,2019070201005428,PFL,1,26,13,138.00,"1,794.00"
2019-07-02,2019070201005415,PFL,1,26,13,138.00,"1,794.00"
2019-07-02,2019070201005558,PIC,14,38,20,941.00,"18,820.00"
2019-07-02,2019070201005519,PIC,21,44,75,940.00,"70,500.00"
2019-07-02,2019070201005480,PIC,13,44,25,940.00,"23,500.00"
2019-07-02,2019070201005462,PIC,21,44,100,940.00,"94,000.00"
2019-07-02,2019070201005330,PIC,51,42,11,938.00,"10,318.00"
2019-07-02,2019070201005274,PIC,42,44,127,938.00,"119,126.00"
2019-07-02,2019070201005273,PIC,11,44,70,939.00,"65,730.00"
2019-07-02,2019070201005264,PIC,21,22,34,939.00,"31,926.00"
2019-07-02,2019070201005248,PIC,21,40,12,940.00,"11,280.00"
2019-07-02,2019070201005183,PIC,3,22,11,939.00,"10,329.00"
2019-07-02,2019070201005376,PICL,49,4,50,545.00,"27,250.00"
2019-07-02,2019070201005364,PICL,34,4,50,545.00,"27,250.00"
2019-07-02,2019070201005357,PICL,49,4,100,545.00,"54,500.00"
2019-07-02,2019070201005334,PICL,21,4,100,545.00,"54,500.00"
2019-07-02,2019070201005323,PICL,58,17,200,544.00,"108,800.00"
2019-07-02,2019070201005300,PICL,49,38,80,543.00,"43,440.00"
2019-07-02,2019070201005199,PICL,25,38,100,543.00,"54,300.00"
2019-07-02,2019070201005613,PLIC,55,22,33,440.00,"14,520.00"
2019-07-02,2019070201005612,PLIC,55,45,17,440.00,"7,480.00"
2019-07-02,2019070201005331,PPCL,45,22,30,138.00,"4,140.00"
2019-07-02,2019070201005162,PPCL,45,42,30,138.00,"4,140.00"
2019-07-02,2019070201005299,PRIN,35,28,100,370.00,"37,000.00"
2019-07-02,2019070201005271,PRIN,34,28,100,370.00,"37,000.00"
2019-07-02,2019070201005564,PRVU,43,45,261,268.00,"69,948.00"
2019-07-02,2019070201005563,PRVU,43,48,739,268.00,"198,052.00"
2019-07-02,2019070201005517,PRVU,14,48,11,268.00,"2,948.00"
2019-07-02,2019070201005229,PRVU,57,4,100,267.00,"26,700.00"
2019-07-02,2019070201005421,PRVU,25,48,200,268.00,"53,600.00"
2019-07-02,2019070201005389,PRVU,25,48,50,268.00,"13,400.00"
2019-07-02,2019070201005388,PRVU,25,17,150,268.00,"40,200.00"
2019-07-02,2019070201005355,PRVU,33,33,"49,641",267.00,"13,254,147.00"
2019-07-02,2019070201005354,PRVU,57,33,359,267.00,"95,853.00"
2019-07-02,2019070201005458,RHPC,28,40,727,89.00,"64,703.00"
2019-07-02,2019070201005457,RHPC,36,40,50,89.00,"4,450.00"
2019-07-02,2019070201005456,RHPC,54,40,100,89.00,"8,900.00"
2019-07-02,2019070201005455,RHPC,43,40,300,89.00,"26,700.00"
2019-07-02,2019070201005454,RHPC,20,40,282,89.00,"25,098.00"
2019-07-02,2019070201005453,RHPC,7,40,109,89.00,"9,701.00"
2019-07-02,2019070201005441,RMDC,39,42,63,653.00,"41,139.00"
2019-07-02,2019070201005257,RMDC,35,32,1,639.00,639.00
2019-07-02,2019070201005459,RSDC,22,33,323,341.00,"110,143.00"
2019-07-02,2019070201005426,RSDC,7,33,77,341.00,"26,257.00"
2019-07-02,2019070201005289,SADBL,57,29,832,153.00,"127,296.00"
2019-07-02,2019070201005288,SADBL,57,4,"1,000",153.00,"153,000.00"
2019-07-02,2019070201005287,SADBL,57,41,75,153.00,"11,475.00"
2019-07-02,2019070201005642,SANIMA,41,55,100,350.00,"35,000.00"
2019-07-02,2019070201005470,SANIMA,56,10,"1,000",349.00,"349,000.00"
2019-07-02,2019070201005469,SANIMA,56,20,"2,000",349.00,"698,000.00"
2019-07-02,2019070201005468,SANIMA,56,47,500,349.00,"174,500.00"
2019-07-02,2019070201005467,SANIMA,56,37,270,349.00,"94,230.00"
2019-07-02,2019070201005303,SANIMA,34,37,30,349.00,"10,470.00"
2019-07-02,2019070201005302,SANIMA,34,25,500,349.00,"174,500.00"
2019-07-02,2019070201005301,SANIMA,34,43,353,349.00,"123,197.00"
2019-07-02,2019070201005178,SANIMA,47,53,100,348.00,"34,800.00"
2019-07-02,2019070201005496,SBI,56,54,50,466.00,"23,300.00"
2019-07-02,2019070201005484,SBI,56,49,500,465.00,"232,500.00"
2019-07-02,2019070201005483,SBI,56,17,"1,000",465.00,"465,000.00"
2019-07-02,2019070201005159,SBI,6,49,500,463.00,"231,500.00"
2019-07-02,2019070201005432,SBL,56,16,"1,000",320.00,"320,000.00"
2019-07-02,2019070201005431,SBL,56,28,150,320.00,"48,000.00"
2019-07-02,2019070201005524,SCB,37,22,50,655.00,"32,750.00"
2019-07-02,2019070201005518,SCB,41,22,100,655.00,"65,500.00"
2019-07-02,2019070201005267,SCB,21,22,200,655.00,"131,000.00"
2019-07-02,2019070201005176,SCB,34,41,300,655.00,"196,500.00"
2019-07-02,2019070201005175,SCB,34,53,40,655.00,"26,200.00"
2019-07-02,2019070201005492,SHINE,39,14,"1,000",253.00,"253,000.00"
2019-07-02,2019070201005317,SHINE,39,25,68,255.00,"17,340.00"
2019-07-02,2019070201005316,SHINE,39,1,"1,076",255.00,"274,380.00"
2019-07-02,2019070201005315,SHINE,39,59,735,254.00,"186,690.00"
2019-07-02,2019070201005314,SHINE,39,53,100,253.00,"25,300.00"
2019-07-02,2019070201005591,SHIVM,5,42,60,619.00,"37,140.00"
2019-07-02,2019070201005590,SHIVM,5,47,40,619.00,"24,760.00"
2019-07-02,2019070201005539,SHIVM,21,47,10,619.00,"6,190.00"
2019-07-02,2019070201005520,SHIVM,50,41,50,617.00,"30,850.00"
2019-07-02,2019070201005493,SHIVM,41,35,550,617.00,"339,350.00"
2019-07-02,2019070201005366,SHIVM,34,34,60,616.00,"36,960.00"
2019-07-02,2019070201005365,SHIVM,34,34,55,616.00,"33,880.00"
2019-07-02,2019070201005346,SHIVM,1,35,100,617.00,"61,700.00"
2019-07-02,2019070201005313,SHIVM,34,34,100,616.00,"61,600.00"
2019-07-02,2019070201005280,SHIVM,38,35,500,617.00,"308,500.00"
2019-07-02,2019070201005198,SHL,26,10,200,234.00,"46,800.00"
2019-07-02,2019070201005283,SHPC,40,19,300,248.00,"74,400.00"
2019-07-02,2019070201005282,SHPC,40,16,210,248.00,"52,080.00"
2019-07-02,2019070201005281,SHPC,40,6,400,248.00,"99,200.00"
2019-07-02,2019070201005339,SIC,7,25,10,597.00,"5,970.00"
2019-07-02,2019070201005635,SICL,33,52,50,750.00,"37,500.00"
2019-07-02,2019070201005252,SICL,14,10,10,752.00,"7,520.00"
2019-07-02,2019070201005161,SICL,33,22,30,750.00,"22,500.00"
2019-07-02,2019070201005502,SIL,43,53,500,442.00,"221,000.00"
2019-07-02,2019070201005343,SIL,26,29,500,440.00,"220,000.00"
2019-07-02,2019070201005279,SIL,44,28,129,438.00,"56,502.00"
2019-07-02,2019070201005254,SKBBL,5,42,16,944.00,"15,104.00"
2019-07-02,2019070201005239,SKBBL,35,32,8,926.00,"7,408.00"
2019-07-02,2019070201005495,SLICL,35,1,10,473.00,"4,730.00"
2019-07-02,2019070201005417,SLICL,35,47,10,464.00,"4,640.00"
2019-07-02,2019070201005416,SLICL,35,39,20,464.00,"9,280.00"
2019-07-02,2019070201005348,SLICL,29,1,70,459.00,"32,130.00"
2019-07-02,2019070201005347,SLICL,29,52,70,458.00,"32,060.00"
2019-07-02,2019070201005245,SPARS,13,49,10,434.00,"4,340.00"
2019-07-02,2019070201005244,SPARS,13,49,10,434.00,"4,340.00"
2019-07-02,2019070201005243,SPARS,13,49,10,434.00,"4,340.00"
2019-07-02,2019070201005407,SPDL,29,52,15,91.00,"1,365.00"
2019-07-02,2019070201005562,SRBL,43,41,49,250.00,"12,250.00"
2019-07-02,2019070201005561,SRBL,43,46,100,250.00,"25,000.00"
2019-07-02,2019070201005560,SRBL,43,45,150,250.00,"37,500.00"
2019-07-02,2019070201005438,SRBL,18,28,500,249.00,"124,500.00"
2019-07-02,2019070201005234,SRBL,22,35,25,247.00,"6,175.00"
2019-07-02,2019070201005233,SRBL,50,35,25,247.00,"6,175.00"
2019-07-02,2019070201005232,SRBL,5,35,50,247.00,"12,350.00"
2019-07-02,2019070201005595,SWBBL,17,11,50,888.00,"44,400.00"
2019-07-02,2019070201005514,TRH,40,49,490,308.00,"150,920.00"
2019-07-02,2019070201005251,TRH,40,22,10,308.00,"3,080.00"
2019-07-02,2019070201005200,TRH,40,39,60,309.00,"18,540.00"
2019-07-02,2019070201005543,UPCL,13,59,100,92.00,"9,200.00"
2019-07-02,2019070201005574,UPPER,34,54,10,265.00,"2,650.00"
2019-07-02,2019070201005377,UPPER,34,36,40,265.00,"10,600.00"
2019-07-02,2019070201005451,VLBS,5,54,10,485.00,"4,850.00"
2019-07-02,2019070201005127,ADBL,41,58,220,409.00,"89,980.00"
2019-07-02,2019070201005126,ADBL,41,43,300,409.00,"122,700.00"
2019-07-02,2019070201005125,ADBL,41,28,480,409.00,"196,320.00"
2019-07-02,2019070201005094,ADBL,4,29,251,408.00,"102,408.00"
2019-07-02,2019070201005070,ADBL,4,6,101,408.00,"41,208.00"
2019-07-02,2019070201005069,ADBL,4,39,111,408.00,"45,288.00"
2019-07-02,2019070201004795,ADBL,44,35,500,407.00,"203,500.00"
2019-07-02,2019070201004794,ADBL,44,49,149,407.00,"60,643.00"
2019-07-02,2019070201004793,ADBL,44,13,310,407.00,"126,170.00"
2019-07-02,2019070201004792,ADBL,44,38,457,407.00,"185,999.00"
2019-07-02,2019070201004791,ADBL,44,6,58,407.00,"23,606.00"
2019-07-02,2019070201004790,ADBL,44,8,125,407.00,"50,875.00"
2019-07-02,2019070201005068,ADBL,4,5,37,408.00,"15,096.00"
2019-07-02,2019070201005067,ADBL,4,45,59,408.00,"24,072.00"
2019-07-02,2019070201005036,ADBL,44,29,385,407.00,"156,695.00"
2019-07-02,2019070201004871,ADBL,44,38,100,407.00,"40,700.00"
2019-07-02,2019070201004809,ADBL,44,25,"1,000",407.00,"407,000.00"
2019-07-02,2019070201004796,ADBL,44,55,149,407.00,"60,643.00"
2019-07-02,2019070201004885,AKJCL,32,26,470,72.00,"33,840.00"
2019-07-02,2019070201004884,AKJCL,17,26,20,73.00,"1,460.00"
2019-07-02,2019070201005103,ALBSL,32,14,10,390.00,"3,900.00"
2019-07-02,2019070201004991,ALICL,10,25,100,385.00,"38,500.00"
2019-07-02,2019070201005047,API,25,20,26,145.00,"3,770.00"
2019-07-02,2019070201004779,API,45,38,"1,287",143.00,"184,041.00"
2019-07-02,2019070201004778,API,14,38,238,143.00,"34,034.00"
2019-07-02,2019070201005030,BFC,45,48,500,100.00,"50,000.00"
2019-07-02,2019070201005029,BFC,57,48,500,100.00,"50,000.00"
2019-07-02,2019070201005028,BFC,14,48,100,100.00,"10,000.00"
2019-07-02,2019070201005136,BNT,28,58,35,"6,600.00","231,000.00"
2019-07-02,2019070201005012,BNT,40,58,15,"6,600.00","99,000.00"
2019-07-02,2019070201005138,BOKL,56,52,300,261.00,"78,300.00"
2019-07-02,2019070201005131,BOKL,56,37,315,260.00,"81,900.00"
2019-07-02,2019070201005061,BOKL,50,37,900,260.00,"234,000.00"
2019-07-02,2019070201005060,BOKL,50,48,100,260.00,"26,000.00"
2019-07-02,2019070201005023,BOKL,6,16,570,259.00,"147,630.00"
2019-07-02,2019070201004780,BOKL,41,58,100,258.00,"25,800.00"
2019-07-02,2019070201004894,BOKL,14,59,100,258.00,"25,800.00"
2019-07-02,2019070201004868,BOKL,6,16,930,259.00,"240,870.00"
2019-07-02,2019070201004867,BOKL,6,4,70,259.00,"18,130.00"
2019-07-02,2019070201004839,BOKL,21,4,400,259.00,"103,600.00"
2019-07-02,2019070201004807,BOKL,50,58,400,258.00,"103,200.00"
2019-07-02,2019070201004980,BPCL,43,53,350,407.00,"142,450.00"
2019-07-02,2019070201004979,BPCL,43,34,200,407.00,"81,400.00"
2019-07-02,2019070201004848,BPCL,43,38,89,406.00,"36,134.00"
2019-07-02,2019070201004847,BPCL,43,21,200,405.00,"81,000.00"
2019-07-02,2019070201004846,BPCL,43,20,500,405.00,"202,500.00"
2019-07-02,2019070201004845,BPCL,43,51,146,405.00,"59,130.00"
2019-07-02,2019070201004844,BPCL,43,59,39,404.00,"15,756.00"
2019-07-02,2019070201004722,BPCL,13,22,141,400.00,"56,400.00"
2019-07-02,2019070201004721,BPCL,35,22,39,400.00,"15,600.00"
2019-07-02,2019070201004720,BPCL,28,22,20,401.00,"8,020.00"
2019-07-02,2019070201004943,CBBL,26,1,24,942.00,"22,608.00"
2019-07-02,2019070201004817,CBBL,34,1,40,942.00,"37,680.00"
2019-07-02,2019070201004816,CBBL,34,1,11,942.00,"10,362.00"
2019-07-02,2019070201004952,CBL,19,48,80,147.00,"11,760.00"
2019-07-02,2019070201004951,CBL,19,56,296,147.00,"43,512.00"
2019-07-02,2019070201004937,CBL,43,56,604,147.00,"88,788.00"
2019-07-02,2019070201004936,CBL,43,16,"1,100",147.00,"161,700.00"
2019-07-02,2019070201004935,CBL,43,59,296,147.00,"43,512.00"
2019-07-02,2019070201004773,CBL,38,16,100,147.00,"14,700.00"
2019-07-02,2019070201004771,CBL,52,16,200,147.00,"29,400.00"
2019-07-02,2019070201005111,CCBL,58,18,"1,338",174.00,"232,812.00"
2019-07-02,2019070201005097,CCBL,58,18,400,174.00,"69,600.00"
2019-07-02,2019070201005090,CCBL,58,7,100,174.00,"17,400.00"
2019-07-02,2019070201005059,CCBL,33,7,100,174.00,"17,400.00"
2019-07-02,2019070201005058,CCBL,33,10,500,174.00,"87,000.00"
2019-07-02,2019070201004660,CCBL,58,50,"1,000",172.00,"172,000.00"
2019-07-02,2019070201004659,CCBL,58,28,300,172.00,"51,600.00"
2019-07-02,2019070201004658,CCBL,58,25,800,172.00,"137,600.00"
2019-07-02,2019070201004671,CCBL,13,26,100,171.00,"17,100.00"
2019-07-02,2019070201004666,CCBL,16,18,26,173.00,"4,498.00"
2019-07-02,2019070201004663,CCBL,58,7,800,172.00,"137,600.00"
2019-07-02,2019070201004662,CCBL,58,33,"1,500",172.00,"258,000.00"
2019-07-02,2019070201004661,CCBL,58,42,200,172.00,"34,400.00"
2019-07-02,2019070201004803,CCBL,41,25,100,173.00,"17,300.00"
2019-07-02,2019070201004777,CCBL,52,18,300,172.00,"51,600.00"
2019-07-02,2019070201004767,CCBL,38,18,100,173.00,"17,300.00"
2019-07-02,2019070201004688,CCBL,58,11,"2,581",171.00,"441,351.00"
2019-07-02,2019070201004687,CCBL,13,11,200,171.00,"34,200.00"
2019-07-02,2019070201004887,CCBL,58,28,50,173.00,"8,650.00"
2019-07-02,2019070201004886,CCBL,58,52,22,173.00,"3,806.00"
2019-07-02,2019070201004830,CCBL,14,52,28,173.00,"4,844.00"
2019-07-02,2019070201004829,CCBL,14,34,350,173.00,"60,550.00"
2019-07-02,2019070201004828,CCBL,14,50,222,173.00,"38,406.00"
2019-07-02,2019070201004827,CCBL,14,25,400,173.00,"69,200.00"
2019-07-02,2019070201004901,CCBL,58,36,77,173.00,"13,321.00"
2019-07-02,2019070201004892,CCBL,58,36,23,173.00,"3,979.00"
2019-07-02,2019070201004891,CCBL,58,43,500,173.00,"86,500.00"
2019-07-02,2019070201004890,CCBL,58,25,500,173.00,"86,500.00"
2019-07-02,2019070201004889,CCBL,58,34,110,173.00,"19,030.00"
2019-07-02,2019070201004888,CCBL,58,8,795,173.00,"137,535.00"
2019-07-02,2019070201005000,CCBL,7,46,300,174.00,"52,200.00"
2019-07-02,2019070201004981,CCBL,49,46,200,174.00,"34,800.00"
2019-07-02,2019070201004905,CCBL,58,10,"1,000",173.00,"173,000.00"
2019-07-02,2019070201004904,CCBL,58,35,100,173.00,"17,300.00"
2019-07-02,2019070201004903,CCBL,58,18,64,173.00,"11,072.00"
2019-07-02,2019070201004902,CCBL,58,36,200,173.00,"34,600.00"
2019-07-02,2019070201005057,CCBL,33,7,400,174.00,"69,600.00"
2019-07-02,2019070201005048,CCBL,45,47,50,173.00,"8,650.00"
2019-07-02,2019070201005025,CCBL,40,45,50,174.00,"8,700.00"
2019-07-02,2019070201005024,CCBL,40,25,200,174.00,"34,800.00"
2019-07-02,2019070201005002,CCBL,7,25,200,174.00,"34,800.00"
2019-07-02,2019070201005001,CCBL,7,8,500,174.00,"87,000.00"
2019-07-02,2019070201005157,CHCL,45,6,15,504.00,"7,560.00"
2019-07-02,2019070201004766,CHCL,3,3,46,505.00,"23,230.00"
2019-07-02,2019070201004765,CHCL,34,3,917,505.00,"463,085.00"
2019-07-02,2019070201004764,CHCL,28,3,10,506.00,"5,060.00"
2019-07-02,2019070201004763,CHCL,59,3,17,506.00,"8,602.00"
2019-07-02,2019070201005095,CIT,22,38,20,"2,440.00","48,800.00"
2019-07-02,2019070201005065,CIT,41,38,20,"2,440.00","48,800.00"
2019-07-02,2019070201005051,CIT,45,38,10,"2,440.00","24,400.00"
2019-07-02,2019070201005050,CIT,45,42,10,"2,440.00","24,400.00"
2019-07-02,2019070201004921,CIT,41,42,10,"2,440.00","24,400.00"
2019-07-02,2019070201004862,CIT,45,38,20,"2,439.00","48,780.00"
2019-07-02,2019070201005104,CZBIL,1,42,62,222.00,"13,764.00"
2019-07-02,2019070201005015,CZBIL,1,25,205,222.00,"45,510.00"
2019-07-02,2019070201005014,CZBIL,56,25,397,222.00,"88,134.00"
2019-07-02,2019070201004877,CZBIL,56,19,13,222.00,"2,886.00"
2019-07-02,2019070201004749,CZBIL,56,22,300,222.00,"66,600.00"
2019-07-02,2019070201004821,EIC,34,11,99,365.00,"36,135.00"
2019-07-02,2019070201005110,FMDBL,42,13,200,375.00,"75,000.00"
2019-07-02,2019070201005064,FMDBL,42,13,473,375.00,"177,375.00"
2019-07-02,2019070201005062,FMDBL,56,33,200,375.00,"75,000.00"
2019-07-02,2019070201005038,FMDBL,42,11,351,374.00,"131,274.00"
2019-07-02,2019070201004681,FOWAD,45,7,32,"1,310.00","41,920.00"
2019-07-02,2019070201005146,GBBL,16,4,200,219.00,"43,800.00"
2019-07-02,2019070201005118,GBBL,16,16,"2,800",219.00,"613,200.00"
2019-07-02,2019070201005117,GBBL,32,16,200,219.00,"43,800.00"
2019-07-02,2019070201005098,GBBL,32,4,100,219.00,"21,900.00"
2019-07-02,2019070201004985,GBBL,8,50,200,219.00,"43,800.00"
2019-07-02,2019070201005128,GBIME,6,4,29,293.00,"8,497.00"
2019-07-02,2019070201005021,GBIME,6,14,213,293.00,"62,409.00"
2019-07-02,2019070201005020,GBIME,28,14,500,293.00,"146,500.00"
2019-07-02,2019070201005019,GBIME,5,14,100,293.00,"29,300.00"
2019-07-02,2019070201005018,GBIME,55,14,100,293.00,"29,300.00"
2019-07-02,2019070201005017,GBIME,19,14,887,293.00,"259,891.00"
2019-07-02,2019070201004801,GBIME,19,25,113,293.00,"33,109.00"
2019-07-02,2019070201004800,GBIME,16,25,200,293.00,"58,600.00"
2019-07-02,2019070201004799,GBIME,4,25,187,293.00,"54,791.00"
2019-07-02,2019070201004731,GBIME,4,33,572,293.00,"167,596.00"
2019-07-02,2019070201005107,GBLBS,16,36,100,347.00,"34,700.00"
2019-07-02,2019070201005074,GBLBS,41,38,200,344.00,"68,800.00"
2019-07-02,2019070201004776,GDBL,52,14,200,208.00,"41,600.00"
2019-07-02,2019070201004939,GDBL,6,14,200,208.00,"41,600.00"
2019-07-02,2019070201004929,GHL,36,38,30,80.00,"2,400.00"
2019-07-02,2019070201004869,GHL,36,32,30,80.00,"2,400.00"
2019-07-02,2019070201004851,GHL,36,32,20,80.00,"1,600.00"
2019-07-02,2019070201004850,GHL,51,32,10,81.00,810.00
2019-07-02,2019070201004832,GHL,51,49,20,81.00,"1,620.00"
2019-07-02,2019070201004717,GILB,38,7,10,"1,205.00","12,050.00"
2019-07-02,2019070201004716,GILB,38,49,22,"1,205.00","26,510.00"
2019-07-02,2019070201004931,GLICL,26,1,50,467.00,"23,350.00"
2019-07-02,2019070201004836,GLICL,33,25,15,464.00,"6,960.00"
2019-07-02,2019070201005105,GMFBS,26,1,10,429.00,"4,290.00"
2019-07-02,2019070201004988,GMFBS,26,56,10,429.00,"4,290.00"
2019-07-02,2019070201004950,GMFBS,55,56,10,430.00,"4,300.00"
2019-07-02,2019070201004668,GMFBS,26,35,10,430.00,"4,300.00"
2019-07-02,2019070201004982,GUFL,22,37,"1,000",119.00,"119,000.00"
2019-07-02,2019070201004682,GUFL,39,13,327,118.00,"38,586.00"
2019-07-02,2019070201004911,HDL,7,58,200,"1,685.00","337,000.00"
2019-07-02,2019070201004849,HDL,53,48,30,"1,689.00","50,670.00"
2019-07-02,2019070201004739,HDL,7,58,90,"1,685.00","151,650.00"
2019-07-02,2019070201004725,HDL,26,58,10,"1,685.00","16,850.00"
2019-07-02,2019070201004724,HDL,26,44,40,"1,684.00","67,360.00"
2019-07-02,2019070201004674,HDL,53,44,160,"1,684.00","269,440.00"
2019-07-02,2019070201004673,HDL,53,36,140,"1,680.00","235,200.00"
2019-07-02,2019070201004915,HGI,40,50,100,357.00,"35,700.00"
2019-07-02,2019070201004787,HGI,37,54,50,354.00,"17,700.00"
2019-07-02,2019070201004686,HGI,35,34,100,355.00,"35,500.00"
2019-07-02,2019070201004928,HIDCL,29,49,61,156.00,"9,516.00"
2019-07-02,2019070201004805,HIDCL,29,29,1,153.00,153.00
2019-07-02,2019070201004677,HIDCL,29,49,61,156.00,"9,516.00"
2019-07-02,2019070201004938,HURJA,45,38,20,141.00,"2,820.00"
2019-07-02,2019070201004908,HURJA,45,49,20,141.00,"2,820.00"
2019-07-02,2019070201004866,HURJA,45,32,20,141.00,"2,820.00"
2019-07-02,2019070201004840,HURJA,29,29,10,143.00,"1,430.00"
2019-07-02,2019070201004685,HURJA,45,49,20,141.00,"2,820.00"
2019-07-02,2019070201004893,IGI,19,38,300,369.00,"110,700.00"
2019-07-02,2019070201004672,IGI,34,11,80,366.00,"29,280.00"
2019-07-02,2019070201005077,JBBL,17,32,70,154.00,"10,780.00"
2019-07-02,2019070201005076,JBBL,49,32,84,154.00,"12,936.00"
2019-07-02,2019070201004835,JBNL,38,46,457,210.00,"95,970.00"
2019-07-02,2019070201004834,JBNL,38,54,50,210.00,"10,500.00"
2019-07-02,2019070201004833,JBNL,38,17,887,210.00,"186,270.00"
2019-07-02,2019070201004788,JBNL,50,17,"1,000",210.00,"210,000.00"
2019-07-02,2019070201004786,JBNL,38,17,100,210.00,"21,000.00"
2019-07-02,2019070201004883,JOSHI,7,32,10,80.00,800.00
2019-07-02,2019070201004876,JOSHI,7,32,20,80.00,"1,600.00"
2019-07-02,2019070201004858,JOSHI,7,49,20,80.00,"1,600.00"
2019-07-02,2019070201005147,JSLBB,22,25,14,"1,118.00","15,652.00"
2019-07-02,2019070201004683,JSLBB,49,28,14,"1,115.00","15,610.00"
2019-07-02,2019070201004684,JSLBB,49,28,14,"1,115.00","15,610.00"
2019-07-02,2019070201005063,KBBL,35,32,6,228.00,"1,368.00"
2019-07-02,2019070201004820,KBL,38,46,100,214.00,"21,400.00"
2019-07-02,2019070201004664,KPCL,39,59,50,92.00,"4,600.00"
2019-07-02,2019070201005149,KSBBL,39,40,"1,000",154.00,"154,000.00"
2019-07-02,2019070201004962,KSBBL,39,43,767,154.00,"118,118.00"
2019-07-02,2019070201004997,LBBL,26,56,100,194.00,"19,400.00"
2019-07-02,2019070201005080,LBL,38,45,70,219.00,"15,330.00"
2019-07-02,2019070201004983,LBL,34,16,"2,000",219.00,"438,000.00"
2019-07-02,2019070201004930,LBL,38,59,200,218.00,"43,600.00"
2019-07-02,2019070201004758,LGIL,34,1,41,434.00,"17,794.00"
2019-07-02,2019070201004678,LGIL,6,37,16,436.00,"6,976.00"
2019-07-02,2019070201005143,LICN,14,58,79,"1,620.00","127,980.00"
2019-07-02,2019070201005142,LICN,14,59,60,"1,619.00","97,140.00"
2019-07-02,2019070201005141,LICN,14,43,60,"1,618.00","97,080.00"
2019-07-02,2019070201004990,LICN,53,5,20,"1,615.00","32,300.00"
2019-07-02,2019070201004989,LICN,53,37,69,"1,614.00","111,366.00"
2019-07-02,2019070201004941,LICN,48,48,1,"1,580.00","1,580.00"
2019-07-02,2019070201004802,LICN,34,59,22,"1,612.00","35,464.00"
2019-07-02,2019070201005056,LLBS,51,34,99,660.00,"65,340.00"
2019-07-02,2019070201005055,LLBS,51,34,99,660.00,"65,340.00"
2019-07-02,2019070201005027,LLBS,11,34,10,650.00,"6,500.00"
2019-07-02,2019070201004916,MBL,34,19,416,262.00,"108,992.00"
2019-07-02,2019070201004880,MBL,26,50,72,263.00,"18,936.00"
2019-07-02,2019070201004810,MBL,50,50,50,263.00,"13,150.00"
2019-07-02,2019070201005124,MEGA,45,39,102,206.00,"21,012.00"
2019-07-02,2019070201005123,MEGA,45,37,82,206.00,"16,892.00"
2019-07-02,2019070201005122,MEGA,45,48,100,206.00,"20,600.00"
2019-07-02,2019070201005121,MEGA,45,56,125,206.00,"25,750.00"
2019-07-02,2019070201005120,MEGA,45,52,391,206.00,"80,546.00"
2019-07-02,2019070201005109,MEGA,47,52,109,206.00,"22,454.00"
2019-07-02,2019070201004675,MEGA,29,37,100,206.00,"20,600.00"
2019-07-02,2019070201004665,MEGA,57,25,500,205.00,"102,500.00"
2019-07-02,2019070201004808,MEGA,57,52,69,205.00,"14,145.00"
2019-07-02,2019070201004806,MEGA,26,34,200,206.00,"41,200.00"
2019-07-02,2019070201004748,MEGA,38,34,100,206.00,"20,600.00"
2019-07-02,2019070201004715,MEGA,57,34,19,206.00,"3,914.00"
2019-07-02,2019070201004714,MEGA,57,37,31,206.00,"6,386.00"
2019-07-02,2019070201004693,MEGA,57,32,22,205.00,"4,510.00"
2019-07-02,2019070201004843,MEGA,57,39,34,205.00,"6,970.00"
2019-07-02,2019070201004842,MEGA,57,40,78,205.00,"15,990.00"
2019-07-02,2019070201004831,MEGA,57,39,42,205.00,"8,610.00"
2019-07-02,2019070201004819,MEGA,57,39,65,205.00,"13,325.00"
2019-07-02,2019070201004813,MEGA,14,34,490,206.00,"100,940.00"
2019-07-02,2019070201004812,MEGA,14,37,510,206.00,"105,060.00"
2019-07-02,2019070201005108,MEGA,47,34,191,206.00,"39,346.00"
2019-07-02,2019070201005089,MEGA,57,44,"1,000",205.00,"205,000.00"
2019-07-02,2019070201005084,MEGA,57,38,89,205.00,"18,245.00"
2019-07-02,2019070201005044,MEGA,57,41,"1,000",205.00,"205,000.00"
2019-07-02,2019070201004870,MEGA,57,39,34,205.00,"6,970.00"
2019-07-02,2019070201004857,MEGA,57,39,33,205.00,"6,765.00"
2019-07-02,2019070201004873,MERO,16,3,40,523.00,"20,920.00"
2019-07-02,2019070201004872,MERO,16,49,33,522.00,"17,226.00"
2019-07-02,2019070201004781,MFIL,17,16,"2,621",125.00,"327,625.00"
2019-07-02,2019070201005150,MHNL,48,42,40,104.00,"4,160.00"
2019-07-02,2019070201004910,MHNL,48,32,40,104.00,"4,160.00"
2019-07-02,2019070201004882,MHNL,48,32,15,104.00,"1,560.00"
2019-07-02,2019070201004881,MHNL,45,32,25,104.00,"2,600.00"
2019-07-02,2019070201005083,MLBL,47,32,64,192.00,"12,288.00"
2019-07-02,2019070201004996,MLBL,38,48,583,193.00,"112,519.00"
2019-07-02,2019070201004927,MSLB,35,56,13,883.00,"11,479.00"
2019-07-02,2019070201004926,MSLB,39,56,14,884.00,"12,376.00"
2019-07-02,2019070201005011,NABIL,5,42,440,776.00,"341,440.00"
2019-07-02,2019070201005010,NABIL,5,42,500,776.00,"388,000.00"
2019-07-02,2019070201005009,NABIL,37,42,100,776.00,"77,600.00"
2019-07-02,2019070201005008,NABIL,42,42,100,776.00,"77,600.00"
2019-07-02,2019070201005007,NABIL,43,42,50,776.00,"38,800.00"
2019-07-02,2019070201005006,NABIL,55,42,70,776.00,"54,320.00"
2019-07-02,2019070201004752,NABIL,53,42,299,781.00,"233,519.00"
2019-07-02,2019070201004751,NABIL,11,42,28,782.00,"21,896.00"
2019-07-02,2019070201004750,NABIL,45,42,36,782.00,"28,152.00"
2019-07-02,2019070201004670,NABIL,45,26,64,782.00,"50,048.00"
2019-07-02,2019070201004841,NABIL,5,42,500,780.00,"390,000.00"
2019-07-02,2019070201004757,NABIL,55,42,50,780.00,"39,000.00"
2019-07-02,2019070201004756,NABIL,45,42,10,780.00,"7,800.00"
2019-07-02,2019070201004755,NABIL,33,42,100,780.00,"78,000.00"
2019-07-02,2019070201004754,NABIL,43,42,40,780.00,"31,200.00"
2019-07-02,2019070201004753,NABIL,21,42,30,780.00,"23,400.00"
2019-07-02,2019070201004974,NABIL,33,42,33,777.00,"25,641.00"
2019-07-02,2019070201004973,NABIL,13,42,50,777.00,"38,850.00"
2019-07-02,2019070201004972,NABIL,33,42,100,777.00,"77,700.00"
2019-07-02,2019070201004971,NABIL,45,42,200,778.00,"155,600.00"
2019-07-02,2019070201004970,NABIL,1,42,200,778.00,"155,600.00"
2019-07-02,2019070201004946,NABIL,25,14,50,779.00,"38,950.00"
2019-07-02,2019070201005005,NABIL,51,42,50,776.00,"38,800.00"
2019-07-02,2019070201005004,NABIL,34,42,70,776.00,"54,320.00"
2019-07-02,2019070201004978,NABIL,49,42,10,777.00,"7,770.00"
2019-07-02,2019070201004977,NABIL,41,42,11,777.00,"8,547.00"
2019-07-02,2019070201004976,NABIL,45,42,25,777.00,"19,425.00"
2019-07-02,2019070201004975,NABIL,34,42,50,777.00,"38,850.00"
2019-07-02,2019070201005073,NABILP,44,40,60,771.00,"46,260.00"
2019-07-02,2019070201005072,NABILP,28,40,90,771.00,"69,390.00"
2019-07-02,2019070201005071,NABILP,59,40,300,772.00,"231,600.00"
2019-07-02,2019070201004953,NABILP,46,16,50,773.00,"38,650.00"
2019-07-02,2019070201005148,NADEP,29,29,10,414.00,"4,140.00"
2019-07-02,2019070201004895,NAGRO,29,29,10,489.00,"4,890.00"
2019-07-02,2019070201004728,NBB,28,25,200,219.00,"43,800.00"
2019-07-02,2019070201004727,NBB,41,25,200,219.00,"43,800.00"
2019-07-02,2019070201004726,NBB,6,25,207,219.00,"45,333.00"
2019-07-02,2019070201004745,NBB,29,39,100,220.00,"22,000.00"
2019-07-02,2019070201004744,NBB,29,4,200,220.00,"44,000.00"
2019-07-02,2019070201004743,NBB,29,41,500,220.00,"110,000.00"
2019-07-02,2019070201004742,NBB,29,58,298,220.00,"65,560.00"
2019-07-02,2019070201004730,NBB,6,25,193,219.00,"42,267.00"
2019-07-02,2019070201004729,NBB,33,25,200,219.00,"43,800.00"
2019-07-02,2019070201005034,NBB,49,20,100,219.00,"21,900.00"
2019-07-02,2019070201005032,NBB,38,47,50,220.00,"11,000.00"
2019-07-02,2019070201005031,NBB,38,43,500,220.00,"110,000.00"
2019-07-02,2019070201004909,NBB,56,10,500,220.00,"110,000.00"
2019-07-02,2019070201004746,NBB,29,17,500,220.00,"110,000.00"
2019-07-02,2019070201005113,NBL,32,58,100,337.00,"33,700.00"
2019-07-02,2019070201004987,NBL,40,57,450,336.00,"151,200.00"
2019-07-02,2019070201004986,NBL,44,57,50,336.00,"16,800.00"
2019-07-02,2019070201004961,NBL,44,42,50,336.00,"16,800.00"
2019-07-02,2019070201004960,NBL,44,53,200,336.00,"67,200.00"
2019-07-02,2019070201004959,NBL,44,57,500,336.00,"168,000.00"
2019-07-02,2019070201004696,NBL,7,58,500,335.00,"167,500.00"
2019-07-02,2019070201004692,NBL,21,58,300,335.00,"100,500.00"
2019-07-02,2019070201004702,NBL,7,49,100,335.00,"33,500.00"
2019-07-02,2019070201004701,NBL,7,6,200,335.00,"67,000.00"
2019-07-02,2019070201004700,NBL,7,39,50,335.00,"16,750.00"
2019-07-02,2019070201004699,NBL,7,58,"1,000",335.00,"335,000.00"
2019-07-02,2019070201004698,NBL,7,17,500,335.00,"167,500.00"
2019-07-02,2019070201004697,NBL,7,42,300,335.00,"100,500.00"
2019-07-02,2019070201004708,NBL,7,33,500,335.00,"167,500.00"
2019-07-02,2019070201004707,NBL,7,4,"1,000",335.00,"335,000.00"
2019-07-02,2019070201004706,NBL,7,28,300,335.00,"100,500.00"
2019-07-02,2019070201004705,NBL,7,29,500,335.00,"167,500.00"
2019-07-02,2019070201004704,NBL,7,58,"2,000",335.00,"670,000.00"
2019-07-02,2019070201004703,NBL,7,58,"1,660",335.00,"556,100.00"
2019-07-02,2019070201004924,NBL,21,1,50,336.00,"16,800.00"
2019-07-02,2019070201004861,NBL,44,10,150,335.00,"50,250.00"
2019-07-02,2019070201004860,NBL,36,10,500,335.00,"167,500.00"
2019-07-02,2019070201004859,NBL,45,10,350,335.00,"117,250.00"
2019-07-02,2019070201004815,NBL,45,38,150,335.00,"50,250.00"
2019-07-02,2019070201004797,NBL,45,45,500,335.00,"167,500.00"
2019-07-02,2019070201004958,NBL,44,14,100,336.00,"33,600.00"
2019-07-02,2019070201004957,NBL,44,58,500,336.00,"168,000.00"
2019-07-02,2019070201004956,NBL,44,41,100,336.00,"33,600.00"
2019-07-02,2019070201004955,NBL,44,42,"1,350",336.00,"453,600.00"
2019-07-02,2019070201004944,NBL,40,42,200,336.00,"67,200.00"
2019-07-02,2019070201004925,NBL,21,42,450,336.00,"151,200.00"
2019-07-02,2019070201005082,NCCB,25,57,"2,395",244.00,"584,380.00"
2019-07-02,2019070201005049,NCCB,6,57,"3,000",244.00,"732,000.00"
2019-07-02,2019070201005016,NCCB,21,57,300,244.00,"73,200.00"
2019-07-02,2019070201004897,NCCB,38,57,100,244.00,"24,400.00"
2019-07-02,2019070201004906,NGPL,17,14,10,122.00,"1,220.00"
2019-07-02,2019070201004863,NGPL,17,45,10,120.00,"1,200.00"
2019-07-02,2019070201004818,NGPL,17,45,10,118.00,"1,180.00"
2019-07-02,2019070201004947,NIB,22,19,12,517.00,"6,204.00"
2019-07-02,2019070201004918,NIB,22,49,39,517.00,"20,163.00"
2019-07-02,2019070201004917,NIB,22,58,69,517.00,"35,673.00"
2019-07-02,2019070201004712,NIB,22,7,45,517.00,"23,265.00"
2019-07-02,2019070201004711,NIB,22,7,22,517.00,"11,374.00"
2019-07-02,2019070201004710,NIB,22,49,39,517.00,"20,163.00"
2019-07-02,2019070201004747,NIBPO,32,8,443,475.00,"210,425.00"
2019-07-02,2019070201005140,NICA,39,32,400,455.00,"182,000.00"
2019-07-02,2019070201005139,NICA,39,55,600,455.00,"273,000.00"
2019-07-02,2019070201004993,NICA,52,26,10,454.00,"4,540.00"
2019-07-02,2019070201004923,NICA,52,36,55,454.00,"24,970.00"
2019-07-02,2019070201004907,NICA,50,36,200,454.00,"90,800.00"
2019-07-02,2019070201004762,NICA,50,36,25,454.00,"11,350.00"
2019-07-02,2019070201004761,NICA,40,36,220,454.00,"99,880.00"
2019-07-02,2019070201004738,NICA,40,57,280,454.00,"127,120.00"
2019-07-02,2019070201004737,NICA,33,57,270,454.00,"122,580.00"
2019-07-02,2019070201004691,NICA,35,55,20,455.00,"9,100.00"
2019-07-02,2019070201004669,NICA,33,16,200,454.00,"90,800.00"
2019-07-02,2019070201005081,NICL,37,37,50,355.00,"17,750.00"
2019-07-02,2019070201005003,NICL,42,53,228,352.00,"80,256.00"
2019-07-02,2019070201004940,NICL,56,38,80,351.00,"28,080.00"
2019-07-02,2019070201004920,NICL,37,58,500,350.00,"175,000.00"
2019-07-02,2019070201004919,NICL,37,58,540,349.00,"188,460.00"
2019-07-02,2019070201004814,NICL,14,58,100,349.00,"34,900.00"
2019-07-02,2019070201004969,NLBBL,25,22,100,485.00,"48,500.00"
2019-07-02,2019070201004775,NLIC,1,56,100,887.00,"88,700.00"
2019-07-02,2019070201004676,NLIC,5,16,50,888.00,"44,400.00"
2019-07-02,2019070201005013,NLICL,45,48,100,590.00,"59,000.00"
2019-07-02,2019070201004878,NLICL,28,39,337,591.00,"199,167.00"
2019-07-02,2019070201005144,NMBMF,1,34,21,956.00,"20,076.00"
2019-07-02,2019070201005130,NMBMF,45,34,12,957.00,"11,484.00"
2019-07-02,2019070201005129,NMBMF,21,34,10,957.00,"9,570.00"
2019-07-02,2019070201005092,NMBMF,45,34,20,958.00,"19,160.00"
2019-07-02,2019070201005133,NTC,59,7,100,695.00,"69,500.00"
2019-07-02,2019070201005132,NTC,34,7,213,695.00,"148,035.00"
2019-07-02,2019070201005115,NTC,34,7,199,695.00,"138,305.00"
2019-07-02,2019070201005114,NTC,16,7,401,695.00,"278,695.00"
2019-07-02,2019070201005102,NTC,16,7,99,695.00,"68,805.00"
2019-07-02,2019070201005101,NTC,45,7,100,695.00,"69,500.00"
2019-07-02,2019070201004709,NTC,50,22,250,697.00,"174,250.00"
2019-07-02,2019070201004759,NTC,50,25,120,697.00,"83,640.00"
2019-07-02,2019070201005100,NTC,34,7,401,695.00,"278,695.00"
2019-07-02,2019070201005086,NTC,35,7,300,696.00,"208,800.00"
2019-07-02,2019070201005085,NTC,5,7,100,696.00,"69,600.00"
2019-07-02,2019070201005054,NTC,40,7,150,697.00,"104,550.00"
2019-07-02,2019070201005053,NTC,50,7,630,697.00,"439,110.00"
2019-07-02,2019070201005037,NTC,50,4,500,699.00,"349,500.00"
2019-07-02,2019070201004914,NUBL,53,13,200,837.00,"167,400.00"
2019-07-02,2019070201004913,NUBL,53,4,500,836.00,"418,000.00"
2019-07-02,2019070201005033,PCBL,16,1,50,277.00,"13,850.00"
2019-07-02,2019070201004741,PIC,48,40,10,940.00,"9,400.00"
2019-07-02,2019070201004740,PIC,14,40,12,940.00,"11,280.00"
2019-07-02,2019070201004719,PIC,14,40,40,940.00,"37,600.00"
2019-07-02,2019070201004713,PIC,14,50,30,940.00,"28,200.00"
2019-07-02,2019070201005026,PLIC,41,45,83,440.00,"36,520.00"
2019-07-02,2019070201004823,PMHPL,22,38,10,105.00,"1,050.00"
2019-07-02,2019070201005137,PPCL,45,14,30,138.00,"4,140.00"
2019-07-02,2019070201005052,PPCL,36,44,540,140.00,"75,600.00"
2019-07-02,2019070201004945,PPCL,45,38,10,138.00,"1,380.00"
2019-07-02,2019070201004896,PPCL,45,32,10,138.00,"1,380.00"
2019-07-02,2019070201004760,PPCL,45,10,10,138.00,"1,380.00"
2019-07-02,2019070201005135,PRIN,51,32,500,370.00,"185,000.00"
2019-07-02,2019070201005078,PRIN,56,32,400,370.00,"148,000.00"
2019-07-02,2019070201004933,PRIN,19,32,100,370.00,"37,000.00"
2019-07-02,2019070201005151,PRVU,57,38,291,267.00,"77,697.00"
2019-07-02,2019070201005079,PRVU,16,17,50,268.00,"13,400.00"
2019-07-02,2019070201005043,PRVU,14,41,200,267.00,"53,400.00"
2019-07-02,2019070201005042,PRVU,14,48,100,267.00,"26,700.00"
2019-07-02,2019070201005041,PRVU,14,57,100,267.00,"26,700.00"
2019-07-02,2019070201005040,PRVU,14,36,540,267.00,"144,180.00"
2019-07-02,2019070201004825,PRVU,14,44,70,266.00,"18,620.00"
2019-07-02,2019070201004723,PRVU,50,44,"1,050",266.00,"279,300.00"
2019-07-02,2019070201004856,PRVU,18,35,"2,091",266.00,"556,206.00"
2019-07-02,2019070201004855,PRVU,18,44,"1,188",266.00,"316,008.00"
2019-07-02,2019070201004854,PRVU,18,35,400,266.00,"106,400.00"
2019-07-02,2019070201004853,PRVU,18,36,200,266.00,"53,200.00"
2019-07-02,2019070201004852,PRVU,18,52,121,266.00,"32,186.00"
2019-07-02,2019070201004826,PRVU,14,52,30,266.00,"7,980.00"
2019-07-02,2019070201005039,PRVU,14,32,59,267.00,"15,753.00"
2019-07-02,2019070201004998,PRVU,8,32,41,267.00,"10,947.00"
2019-07-02,2019070201004984,PRVU,40,8,41,266.00,"10,906.00"
2019-07-02,2019070201004875,PRVU,40,5,"1,000",266.00,"266,000.00"
2019-07-02,2019070201004874,PRVU,40,35,909,266.00,"241,794.00"
2019-07-02,2019070201004964,RBCL,55,26,10,"9,383.00","93,830.00"
2019-07-02,2019070201004932,RBCL,34,6,20,"9,365.00","187,300.00"
2019-07-02,2019070201004811,RBCL,39,6,10,"9,300.00","93,000.00"
2019-07-02,2019070201005119,RBCLPO,7,33,10,"8,530.00","85,300.00"
2019-07-02,2019070201004695,RHPC,25,40,500,90.00,"45,000.00"
2019-07-02,2019070201004694,RHPC,46,40,20,90.00,"1,800.00"
2019-07-02,2019070201004934,RMDC,38,49,46,652.00,"29,992.00"
2019-07-02,2019070201004718,RMDC,39,49,51,651.00,"33,201.00"
2019-07-02,2019070201004954,RSDC,7,6,73,343.00,"25,039.00"
2019-07-02,2019070201004942,RSDC,5,49,39,340.00,"13,260.00"
2019-07-02,2019070201005093,SANIMA,47,45,150,348.00,"52,200.00"
2019-07-02,2019070201004770,SANIMA,47,8,19,348.00,"6,612.00"
2019-07-02,2019070201004769,SANIMA,34,40,150,348.00,"52,200.00"
2019-07-02,2019070201004768,SANIMA,56,40,18,348.00,"6,264.00"
2019-07-02,2019070201005046,SBI,56,28,"1,000",465.00,"465,000.00"
2019-07-02,2019070201005045,SBI,56,32,300,465.00,"139,500.00"
2019-07-02,2019070201004900,SBI,56,22,197,464.00,"91,408.00"
2019-07-02,2019070201004899,SBI,56,17,"1,000",464.00,"464,000.00"
2019-07-02,2019070201004898,SBI,56,52,149,464.00,"69,136.00"
2019-07-02,2019070201005022,SBL,18,39,800,319.00,"255,200.00"
2019-07-02,2019070201004995,SBL,56,39,700,319.00,"223,300.00"
2019-07-02,2019070201004994,SBL,56,4,300,319.00,"95,700.00"
2019-07-02,2019070201005112,SCB,37,53,50,655.00,"32,750.00"
2019-07-02,2019070201004966,SCB,58,53,90,655.00,"58,950.00"
2019-07-02,2019070201004965,SCB,58,56,10,655.00,"6,550.00"
2019-07-02,2019070201004798,SCB,46,38,20,654.00,"13,080.00"
2019-07-02,2019070201005156,SHIVM,34,19,45,616.00,"27,720.00"
2019-07-02,2019070201005155,SHIVM,45,19,200,616.00,"123,200.00"
2019-07-02,2019070201005154,SHIVM,14,19,50,616.00,"30,800.00"
2019-07-02,2019070201005153,SHIVM,28,19,200,617.00,"123,400.00"
2019-07-02,2019070201005152,SHIVM,14,19,85,617.00,"52,445.00"
2019-07-02,2019070201005099,SHIVM,14,47,15,617.00,"9,255.00"
2019-07-02,2019070201005066,SHIVM,14,49,50,620.00,"31,000.00"
2019-07-02,2019070201004912,SHIVM,48,43,950,619.00,"588,050.00"
2019-07-02,2019070201004785,SHIVM,51,58,400,618.00,"247,200.00"
2019-07-02,2019070201004680,SHIVM,6,33,75,617.00,"46,275.00"
2019-07-02,2019070201004679,SHIVM,6,38,225,617.00,"138,825.00"
2019-07-02,2019070201004774,SHL,57,35,500,233.00,"116,500.00"
2019-07-02,2019070201005106,SHPC,25,6,500,248.00,"124,000.00"
2019-07-02,2019070201005088,SHPC,1,49,28,247.00,"6,916.00"
2019-07-02,2019070201004999,SHPC,51,6,100,248.00,"24,800.00"
2019-07-02,2019070201004690,SIC,58,40,11,590.00,"6,490.00"
2019-07-02,2019070201004689,SIC,20,40,225,593.00,"133,425.00"
2019-07-02,2019070201005091,SIFC,57,42,100,153.00,"15,300.00"
2019-07-02,2019070201005087,SIL,29,40,500,437.00,"218,500.00"
2019-07-02,2019070201004838,SINDU,44,39,20,135.00,"2,700.00"
2019-07-02,2019070201004837,SINDU,44,39,10,135.00,"1,350.00"
2019-07-02,2019070201004804,SKBBL,49,22,101,944.00,"95,344.00"
2019-07-02,2019070201004783,SKBBL,34,14,300,938.00,"281,400.00"
2019-07-02,2019070201004782,SKBBL,38,14,200,939.00,"187,800.00"
2019-07-02,2019070201004667,SKBBL,34,49,41,938.00,"38,458.00"
2019-07-02,2019070201005145,SLBS,45,4,10,667.00,"6,670.00"
2019-07-02,2019070201004822,SLBS,29,17,18,664.00,"11,952.00"
2019-07-02,2019070201004949,SLBSL,1,22,10,510.00,"5,100.00"
2019-07-02,2019070201005035,SMATA,28,19,19,"1,143.00","21,717.00"
2019-07-02,2019070201005096,SMFDB,22,48,30,489.00,"14,670.00"
2019-07-02,2019070201004963,SPDL,7,38,10,90.00,900.00
2019-07-02,2019070201004789,SPDL,7,6,25,90.00,"2,250.00"
2019-07-02,2019070201005116,SRBL,26,42,42,247.00,"10,374.00"
2019-07-02,2019070201004772,SRBL,25,25,400,248.00,"99,200.00"
2019-07-02,2019070201004865,SWBBL,45,6,90,886.00,"79,740.00"
2019-07-02,2019070201004864,SWBBL,33,6,10,888.00,"8,880.00"
2019-07-02,2019070201004824,TRH,7,39,50,309.00,"15,450.00"
2019-07-02,2019070201004992,UMHL,59,53,10,110.00,"1,100.00"
2019-07-02,2019070201005134,UPCL,7,42,100,91.00,"9,100.00"
2019-07-02,2019070201005075,UPCL,7,42,50,91.00,"4,550.00"
2019-07-02,2019070201004948,UPCL,7,49,100,91.00,"9,100.00"
2019-07-02,2019070201004922,UPCL,7,32,50,91.00,"4,550.00"
2019-07-02,2019070201004879,UPCL,55,59,50,92.00,"4,600.00"
2019-07-02,2019070201004784,UPCL,7,49,100,91.00,"9,100.00"
2019-07-02,2019070201004968,UPPER,6,49,20,264.00,"5,280.00"
2019-07-02,2019070201004967,UPPER,11,49,29,264.00,"7,656.00"
2019-07-02,2019070201004736,UPPER,59,22,50,265.00,"13,250.00"
2019-07-02,2019070201004735,UPPER,59,22,50,265.00,"13,250.00"
2019-07-02,2019070201004734,UPPER,59,22,50,265.00,"13,250.00"
2019-07-02,2019070201004733,UPPER,59,22,50,265.00,"13,250.00"
2019-07-02,2019070201004732,UPPER,59,22,39,265.00,"10,335.00"
2019-07-02,2019070201004648,ADBL,44,6,90,406.00,"36,540.00"
2019-07-02,2019070201004580,ADBL,52,6,200,406.00,"81,200.00"
2019-07-02,2019070201004578,ADBL,48,6,200,406.00,"81,200.00"
2019-07-02,2019070201004506,ADBL,42,14,400,406.00,"162,400.00"
2019-07-02,2019070201004334,ADBL,40,14,100,406.00,"40,600.00"
2019-07-02,2019070201004420,AHPC,42,50,121,105.00,"12,705.00"
2019-07-02,2019070201004370,AKJCL,1,41,10,73.00,730.00
2019-07-02,2019070201004423,AKPL,45,50,100,184.00,"18,400.00"
2019-07-02,2019070201004653,ALBSL,7,6,40,393.00,"15,720.00"
2019-07-02,2019070201004652,ALBSL,7,49,10,393.00,"3,930.00"
2019-07-02,2019070201004615,ALBSL,28,41,10,390.00,"3,900.00"
2019-07-02,2019070201004614,ALBSL,28,41,10,390.00,"3,900.00"
2019-07-02,2019070201004613,ALBSL,28,41,10,390.00,"3,900.00"
2019-07-02,2019070201004612,ALBSL,28,41,10,390.00,"3,900.00"
2019-07-02,2019070201004611,ALBSL,28,41,10,390.00,"3,900.00"
2019-07-02,2019070201004577,ALICL,10,18,820,385.00,"315,700.00"
2019-07-02,2019070201004576,ALICL,42,18,110,385.00,"42,350.00"
2019-07-02,2019070201004285,ALICL,42,58,90,384.00,"34,560.00"
2019-07-02,2019070201004377,API,25,56,15,145.00,"2,175.00"
2019-07-02,2019070201004181,API,14,36,762,143.00,"108,966.00"
2019-07-02,2019070201004180,API,45,36,227,143.00,"32,461.00"
2019-07-02,2019070201004179,API,45,36,11,144.00,"1,584.00"
2019-07-02,2019070201004501,BFC,22,48,"1,000",100.00,"100,000.00"
2019-07-02,2019070201004500,BFC,32,48,200,100.00,"20,000.00"
2019-07-02,2019070201004499,BFC,1,48,"1,000",100.00,"100,000.00"
2019-07-02,2019070201004318,BFC,42,52,50,101.00,"5,050.00"
2019-07-02,2019070201004569,BOKL,49,4,20,259.00,"5,180.00"
2019-07-02,2019070201004421,BOKL,46,13,190,258.00,"49,020.00"
2019-07-02,2019070201004380,BOKL,55,13,200,258.00,"51,600.00"
2019-07-02,2019070201004363,BOKL,41,13,500,258.00,"129,000.00"
2019-07-02,2019070201004248,BOKL,34,13,100,258.00,"25,800.00"
2019-07-02,2019070201004230,BOKL,34,41,49,258.00,"12,642.00"
2019-07-02,2019070201004229,BOKL,48,41,100,258.00,"25,800.00"
2019-07-02,2019070201004358,CBBL,34,17,10,942.00,"9,420.00"
2019-07-02,2019070201004357,CBBL,34,37,479,942.00,"451,218.00"
2019-07-02,2019070201004171,CBBL,39,37,11,942.00,"10,362.00"
2019-07-02,2019070201004588,CBL,21,11,258,146.00,"37,668.00"
2019-07-02,2019070201004587,CBL,29,11,157,146.00,"22,922.00"
2019-07-02,2019070201004586,CBL,53,11,500,146.00,"73,000.00"
2019-07-02,2019070201004490,CBL,29,57,43,146.00,"6,278.00"
2019-07-02,2019070201004489,CBL,52,57,100,146.00,"14,600.00"
2019-07-02,2019070201004488,CBL,39,57,857,146.00,"125,122.00"
2019-07-02,2019070201004424,CBL,39,8,64,146.00,"9,344.00"
2019-07-02,2019070201004349,CBL,16,42,133,147.00,"19,551.00"
2019-07-02,2019070201004348,CBL,16,11,127,147.00,"18,669.00"
2019-07-02,2019070201004321,CBL,46,11,323,147.00,"47,481.00"
2019-07-02,2019070201004209,CBL,52,11,200,147.00,"29,400.00"
2019-07-02,2019070201004657,CCBL,58,48,110,172.00,"18,920.00"
2019-07-02,2019070201004656,CCBL,58,25,"1,000",172.00,"172,000.00"
2019-07-02,2019070201004655,CCBL,58,7,"1,000",172.00,"172,000.00"
2019-07-02,2019070201004654,CCBL,58,41,"1,237",172.00,"212,764.00"
2019-07-02,2019070201004533,CCBL,58,37,900,171.00,"153,900.00"
2019-07-02,2019070201004367,CCBL,32,36,200,170.00,"34,000.00"
2019-07-02,2019070201004479,CCBL,59,52,400,171.00,"68,400.00"
2019-07-02,2019070201004478,CCBL,59,47,119,171.00,"20,349.00"
2019-07-02,2019070201004477,CCBL,59,26,31,171.00,"5,301.00"
2019-07-02,2019070201004532,CCBL,58,25,100,171.00,"17,100.00"
2019-07-02,2019070201004531,CCBL,58,38,400,171.00,"68,400.00"
2019-07-02,2019070201004530,CCBL,58,33,967,171.00,"165,357.00"
2019-07-02,2019070201004529,CCBL,58,43,"1,000",171.00,"171,000.00"
2019-07-02,2019070201004481,CCBL,59,33,33,171.00,"5,643.00"
2019-07-02,2019070201004480,CCBL,59,19,417,171.00,"71,307.00"
2019-07-02,2019070201004455,CHCL,59,49,83,506.00,"41,998.00"
2019-07-02,2019070201004555,CIT,10,42,20,"2,440.00","48,800.00"
2019-07-02,2019070201004590,CLBSL,38,38,1,508.00,508.00
2019-07-02,2019070201004315,CLBSL,43,5,10,509.00,"5,090.00"
2019-07-02,2019070201004182,CORBL,43,59,60,117.00,"7,020.00"
2019-07-02,2019070201004601,CZBIL,56,53,10,222.00,"2,220.00"
2019-07-02,2019070201004594,CZBIL,56,53,10,222.00,"2,220.00"
2019-07-02,2019070201004583,CZBIL,56,53,10,222.00,"2,220.00"
2019-07-02,2019070201004574,CZBIL,56,53,10,222.00,"2,220.00"
2019-07-02,2019070201004403,CZBIL,19,51,100,223.00,"22,300.00"
2019-07-02,2019070201004193,CZBIL,53,42,"1,178",222.00,"261,516.00"
2019-07-02,2019070201004173,CZBIL,40,42,100,222.00,"22,200.00"
2019-07-02,2019070201004172,CZBIL,56,42,22,222.00,"4,884.00"
2019-07-02,2019070201004599,DBBL,57,34,43,136.00,"5,848.00"
2019-07-02,2019070201004598,DBBL,53,34,157,136.00,"21,352.00"
2019-07-02,2019070201004507,EDBL,36,56,50,290.00,"14,500.00"
2019-07-02,2019070201004644,FOWAD,45,32,10,"1,310.00","13,100.00"
2019-07-02,2019070201004630,FOWAD,45,32,10,"1,310.00","13,100.00"
2019-07-02,2019070201004538,GBBL,39,13,242,219.00,"52,998.00"
2019-07-02,2019070201004537,GBBL,39,45,360,219.00,"78,840.00"
2019-07-02,2019070201004390,GBBL,54,14,110,218.00,"23,980.00"
2019-07-02,2019070201004430,GBIME,4,50,84,293.00,"24,612.00"
2019-07-02,2019070201004425,GBIME,4,29,100,293.00,"29,300.00"
2019-07-02,2019070201004223,GBIME,4,41,84,293.00,"24,612.00"
2019-07-02,2019070201004651,GBLBS,46,13,260,346.00,"89,960.00"
2019-07-02,2019070201004456,GDBL,53,14,100,208.00,"20,800.00"
2019-07-02,2019070201004429,GFCL,17,20,50,131.00,"6,550.00"
2019-07-02,2019070201004428,GFCL,17,20,50,130.00,"6,500.00"
2019-07-02,2019070201004427,GFCL,17,20,50,130.00,"6,500.00"
2019-07-02,2019070201004528,GILB,22,7,10,"1,205.00","12,050.00"
2019-07-02,2019070201004623,GLBSL,45,26,10,387.00,"3,870.00"
2019-07-02,2019070201004585,GLBSL,45,49,10,387.00,"3,870.00"
2019-07-02,2019070201004508,GLBSL,45,45,10,387.00,"3,870.00"
2019-07-02,2019070201004497,GLBSL,45,45,10,387.00,"3,870.00"
2019-07-02,2019070201004475,GLBSL,48,34,20,390.00,"7,800.00"
2019-07-02,2019070201004422,GLBSL,48,38,10,390.00,"3,900.00"
2019-07-02,2019070201004227,GLBSL,48,20,10,390.00,"3,900.00"
2019-07-02,2019070201004226,GLBSL,19,25,10,391.00,"3,910.00"
2019-07-02,2019070201004219,GLBSL,48,20,10,390.00,"3,900.00"
2019-07-02,2019070201004213,GLBSL,48,55,10,390.00,"3,900.00"
2019-07-02,2019070201004210,GLBSL,48,55,10,390.00,"3,900.00"
2019-07-02,2019070201004246,GLBSL,48,20,10,390.00,"3,900.00"
2019-07-02,2019070201004240,GLBSL,17,20,10,392.00,"3,920.00"
2019-07-02,2019070201004239,GLBSL,17,48,10,392.00,"3,920.00"
2019-07-02,2019070201004238,GLBSL,17,29,10,392.00,"3,920.00"
2019-07-02,2019070201004237,GLBSL,17,29,10,392.00,"3,920.00"
2019-07-02,2019070201004236,GLBSL,17,29,10,392.00,"3,920.00"
2019-07-02,2019070201004306,GLBSL,48,20,10,390.00,"3,900.00"
2019-07-02,2019070201004290,GLBSL,48,20,10,390.00,"3,900.00"
2019-07-02,2019070201004284,GLBSL,48,20,10,390.00,"3,900.00"
2019-07-02,2019070201004277,GLBSL,48,20,10,390.00,"3,900.00"
2019-07-02,2019070201004274,GLBSL,48,20,10,390.00,"3,900.00"
2019-07-02,2019070201004249,GLBSL,48,20,10,390.00,"3,900.00"
2019-07-02,2019070201004415,GLBSL,48,38,10,390.00,"3,900.00"
