Date,Transact. No.,Symbol,Buyer,Seller,Quantity,Rate,Amount
2019-01-13,2019011301004894,ADBL,59,28,236,349.00,"82,364.00"
2019-01-13,2019011301004893,ADBL,59,42,200,348.00,"69,600.00"
2019-01-13,2019011301004892,ADBL,59,50,51,348.00,"17,748.00"
2019-01-13,2019011301004883,ADBL,50,36,245,347.00,"85,015.00"
2019-01-13,2019011301004823,ADBL,13,36,20,347.00,"6,940.00"
2019-01-13,2019011301004601,ADBL,18,50,10,348.00,"3,480.00"
2019-01-13,2019011301004588,ADBL,42,42,300,346.00,"103,800.00"
2019-01-13,2019011301004570,ADBL,14,50,10,348.00,"3,480.00"
2019-01-13,2019011301004569,ADBL,46,50,50,348.00,"17,400.00"
2019-01-13,2019011301004568,ADBL,47,50,167,348.00,"58,116.00"
2019-01-13,2019011301004516,ADBL,47,35,10,348.00,"3,480.00"
2019-01-13,2019011301004515,ADBL,57,35,190,348.00,"66,120.00"
2019-01-13,2019011301004666,AKJCL,42,50,10,90.00,900.00
2019-01-13,2019011301004665,AKJCL,42,11,10,90.00,900.00
2019-01-13,2019011301004664,AKJCL,42,11,10,90.00,900.00
2019-01-13,2019011301004663,AKJCL,42,11,20,90.00,"1,800.00"
2019-01-13,2019011301004507,AKJCL,42,39,10,89.00,890.00
2019-01-13,2019011301004881,ALICL,42,51,10,615.00,"6,150.00"
2019-01-13,2019011301004742,API,25,21,38,154.00,"5,852.00"
2019-01-13,2019011301004741,API,25,53,162,152.00,"24,624.00"
2019-01-13,2019011301004689,API,56,53,10,152.00,"1,520.00"
2019-01-13,2019011301004677,API,45,41,855,150.00,"128,250.00"
2019-01-13,2019011301004676,API,6,41,20,150.00,"3,000.00"
2019-01-13,2019011301004675,API,58,41,"2,000",150.00,"300,000.00"
2019-01-13,2019011301004609,API,39,42,200,152.00,"30,400.00"
2019-01-13,2019011301004674,API,45,41,50,150.00,"7,500.00"
2019-01-13,2019011301004673,API,42,41,50,151.00,"7,550.00"
2019-01-13,2019011301004672,API,58,41,"1,900",151.00,"286,900.00"
2019-01-13,2019011301004644,API,39,53,500,152.00,"76,000.00"
2019-01-13,2019011301004643,API,28,53,110,152.00,"16,720.00"
2019-01-13,2019011301004642,API,39,53,218,152.00,"33,136.00"
2019-01-13,2019011301004684,BHBL,58,29,10,132.00,"1,320.00"
2019-01-13,2019011301004482,BHBL,58,25,303,136.00,"41,208.00"
2019-01-13,2019011301004542,BHBL,58,39,500,134.00,"67,000.00"
2019-01-13,2019011301004956,BOKL,49,59,200,329.00,"65,800.00"
2019-01-13,2019011301004934,BOKL,51,59,200,329.00,"65,800.00"
2019-01-13,2019011301004914,BOKL,14,34,100,328.00,"32,800.00"
2019-01-13,2019011301004913,BOKL,14,40,61,328.00,"20,008.00"
2019-01-13,2019011301004906,BOKL,35,38,343,327.00,"112,161.00"
2019-01-13,2019011301004905,BOKL,5,38,"1,000",327.00,"327,000.00"
2019-01-13,2019011301004478,BOKL,16,59,200,329.00,"65,800.00"
2019-01-13,2019011301004496,BOKL,28,1,500,328.00,"164,000.00"
2019-01-13,2019011301004495,BOKL,14,1,300,328.00,"98,400.00"
2019-01-13,2019011301004494,BOKL,44,1,200,328.00,"65,600.00"
2019-01-13,2019011301004493,BOKL,32,1,160,328.00,"52,480.00"
2019-01-13,2019011301004492,BOKL,1,1,351,328.00,"115,128.00"
2019-01-13,2019011301004485,BOKL,41,59,"1,000",329.00,"329,000.00"
2019-01-13,2019011301004687,BOKL,16,25,180,328.00,"59,040.00"
2019-01-13,2019011301004686,BOKL,43,25,20,328.00,"6,560.00"
2019-01-13,2019011301004678,BOKL,6,59,100,329.00,"32,900.00"
2019-01-13,2019011301004641,BOKL,18,59,20,329.00,"6,580.00"
2019-01-13,2019011301004544,BOKL,48,59,500,329.00,"164,500.00"
2019-01-13,2019011301004497,BOKL,43,1,100,328.00,"32,800.00"
2019-01-13,2019011301004695,BOKL,52,38,200,328.00,"65,600.00"
2019-01-13,2019011301004694,BOKL,52,38,300,328.00,"98,400.00"
2019-01-13,2019011301004693,BOKL,57,38,100,328.00,"32,800.00"
2019-01-13,2019011301004692,BOKL,51,38,200,328.00,"65,600.00"
2019-01-13,2019011301004691,BOKL,16,38,320,328.00,"104,960.00"
2019-01-13,2019011301004690,BOKL,6,59,100,329.00,"32,900.00"
2019-01-13,2019011301004701,BOKL,22,38,10,328.00,"3,280.00"
2019-01-13,2019011301004700,BOKL,54,38,500,328.00,"164,000.00"
2019-01-13,2019011301004699,BOKL,32,38,100,328.00,"32,800.00"
2019-01-13,2019011301004698,BOKL,32,38,50,328.00,"16,400.00"
2019-01-13,2019011301004697,BOKL,51,38,100,328.00,"32,800.00"
2019-01-13,2019011301004696,BOKL,51,38,50,328.00,"16,400.00"
2019-01-13,2019011301004759,BOKL,22,40,600,328.00,"196,800.00"
2019-01-13,2019011301004731,BOKL,14,39,49,327.00,"16,023.00"
2019-01-13,2019011301004721,BOKL,36,40,100,328.00,"32,800.00"
2019-01-13,2019011301004720,BOKL,59,40,39,328.00,"12,792.00"
2019-01-13,2019011301004717,BOKL,59,34,200,328.00,"65,600.00"
2019-01-13,2019011301004716,BOKL,59,4,61,328.00,"20,008.00"
2019-01-13,2019011301004868,BOKL,36,40,"1,000",328.00,"328,000.00"
2019-01-13,2019011301004859,BOKL,53,59,"2,000",327.00,"654,000.00"
2019-01-13,2019011301004843,BOKL,51,40,300,328.00,"98,400.00"
2019-01-13,2019011301004840,BOKL,53,40,200,328.00,"65,600.00"
2019-01-13,2019011301004817,BOKL,16,40,100,328.00,"32,800.00"
2019-01-13,2019011301004768,BOKL,13,40,100,328.00,"32,800.00"
2019-01-13,2019011301004898,BOKL,38,38,100,327.00,"32,700.00"
2019-01-13,2019011301004897,BOKL,29,38,"1,000",327.00,"327,000.00"
2019-01-13,2019011301004896,BOKL,41,38,500,327.00,"163,500.00"
2019-01-13,2019011301004895,BOKL,57,38,139,327.00,"45,453.00"
2019-01-13,2019011301004880,BOKL,57,40,500,328.00,"164,000.00"
2019-01-13,2019011301004879,BOKL,57,4,61,327.00,"19,947.00"
2019-01-13,2019011301004904,BOKL,45,38,150,327.00,"49,050.00"
2019-01-13,2019011301004903,BOKL,49,38,100,327.00,"32,700.00"
2019-01-13,2019011301004902,BOKL,57,38,100,327.00,"32,700.00"
2019-01-13,2019011301004901,BOKL,45,38,250,327.00,"81,750.00"
2019-01-13,2019011301004900,BOKL,54,38,30,327.00,"9,810.00"
2019-01-13,2019011301004899,BOKL,21,38,200,327.00,"65,400.00"
2019-01-13,2019011301004733,BPCL,42,40,40,371.00,"14,840.00"
2019-01-13,2019011301004973,CBBL,17,56,167,840.00,"140,280.00"
2019-01-13,2019011301004730,CBBL,17,41,150,841.00,"126,150.00"
2019-01-13,2019011301004662,CBBL,17,44,50,840.00,"42,000.00"
2019-01-13,2019011301004661,CBBL,42,44,150,841.00,"126,150.00"
2019-01-13,2019011301004976,CBL,49,22,10,162.00,"1,620.00"
2019-01-13,2019011301004477,CBL,51,37,642,161.00,"103,362.00"
2019-01-13,2019011301004757,CCBL,52,6,100,170.00,"17,000.00"
2019-01-13,2019011301004600,CCBL,34,36,532,170.00,"90,440.00"
2019-01-13,2019011301004498,CCBL,34,50,200,170.00,"34,000.00"
2019-01-13,2019011301004486,CCBL,34,40,117,170.00,"19,890.00"
2019-01-13,2019011301004849,CHCL,38,35,16,540.00,"8,640.00"
2019-01-13,2019011301004848,CHCL,52,35,100,541.00,"54,100.00"
2019-01-13,2019011301004847,CHCL,34,35,69,541.00,"37,329.00"
2019-01-13,2019011301004577,CHCL,38,33,185,540.00,"99,900.00"
2019-01-13,2019011301004567,CHCL,45,33,500,540.00,"270,000.00"
2019-01-13,2019011301004566,CHCL,35,33,20,540.00,"10,800.00"
2019-01-13,2019011301004565,CHCL,45,33,50,540.00,"27,000.00"
2019-01-13,2019011301004564,CHCL,42,33,420,540.00,"226,800.00"
2019-01-13,2019011301004563,CHCL,11,33,14,541.00,"7,574.00"
2019-01-13,2019011301004969,CIT,37,42,50,"2,376.00","118,800.00"
2019-01-13,2019011301004968,CIT,37,7,200,"2,376.00","475,200.00"
2019-01-13,2019011301004967,CIT,37,43,50,"2,375.00","118,750.00"
2019-01-13,2019011301004938,CIT,28,42,100,"2,367.00","236,700.00"
2019-01-13,2019011301004937,CIT,32,43,100,"2,366.00","236,600.00"
2019-01-13,2019011301004936,CIT,32,59,20,"2,366.00","47,320.00"
2019-01-13,2019011301004557,CIT,1,59,50,"2,324.00","116,200.00"
2019-01-13,2019011301004504,CIT,28,43,50,"2,321.00","116,050.00"
2019-01-13,2019011301004688,CIT,39,5,11,"2,343.00","25,773.00"
2019-01-13,2019011301004618,CIT,1,50,20,"2,333.00","46,660.00"
2019-01-13,2019011301004614,CIT,1,49,10,"2,333.00","23,330.00"
2019-01-13,2019011301004602,CIT,4,16,15,"2,332.00","34,980.00"
2019-01-13,2019011301004581,CIT,28,50,50,"2,330.00","116,500.00"
2019-01-13,2019011301004578,CIT,43,54,30,"2,325.00","69,750.00"
2019-01-13,2019011301004750,CIT,51,6,40,"2,350.00","94,000.00"
2019-01-13,2019011301004749,CIT,51,50,10,"2,350.00","23,500.00"
2019-01-13,2019011301004707,CIT,49,42,47,"2,346.00","110,262.00"
2019-01-13,2019011301004706,CIT,49,22,30,"2,345.00","70,350.00"
2019-01-13,2019011301004705,CIT,49,59,50,"2,344.00","117,200.00"
2019-01-13,2019011301004704,CIT,49,5,23,"2,343.00","53,889.00"
2019-01-13,2019011301004930,CIT,39,14,22,"2,361.00","51,942.00"
2019-01-13,2019011301004885,CIT,37,42,100,"2,355.00","235,500.00"
2019-01-13,2019011301004884,CIT,37,5,50,"2,354.00","117,700.00"
2019-01-13,2019011301004874,CIT,51,5,80,"2,352.00","188,160.00"
2019-01-13,2019011301004873,CIT,51,42,100,"2,351.00","235,100.00"
2019-01-13,2019011301004869,CIT,19,6,60,"2,350.00","141,000.00"
2019-01-13,2019011301004944,CZBIL,4,13,25,219.00,"5,475.00"
2019-01-13,2019011301004845,CZBIL,34,34,"7,000",218.00,"1,526,000.00"
2019-01-13,2019011301004844,CZBIL,17,34,11,218.00,"2,398.00"
2019-01-13,2019011301004523,CZBIL,28,22,200,217.00,"43,400.00"
2019-01-13,2019011301004522,CZBIL,28,4,324,217.00,"70,308.00"
2019-01-13,2019011301004622,CZBIL,17,7,"1,000",218.00,"218,000.00"
2019-01-13,2019011301004527,CZBIL,28,57,50,220.00,"11,000.00"
2019-01-13,2019011301004526,CZBIL,28,38,300,219.00,"65,700.00"
2019-01-13,2019011301004525,CZBIL,28,25,50,218.00,"10,900.00"
2019-01-13,2019011301004524,CZBIL,28,13,800,217.00,"173,600.00"
2019-01-13,2019011301004854,DDBL,25,51,100,565.00,"56,500.00"
2019-01-13,2019011301004703,DDBL,44,44,350,565.00,"197,750.00"
2019-01-13,2019011301004668,DDBL,25,48,97,564.00,"54,708.00"
2019-01-13,2019011301004649,DDBL,26,48,29,564.00,"16,356.00"
2019-01-13,2019011301004760,EBL,14,36,62,531.00,"32,922.00"
2019-01-13,2019011301004532,EBL,6,54,200,532.00,"106,400.00"
2019-01-13,2019011301004531,EBL,25,54,100,532.00,"53,200.00"
2019-01-13,2019011301004530,EBL,42,54,10,532.00,"5,320.00"
2019-01-13,2019011301004921,FMDBL,42,16,150,376.00,"56,400.00"
2019-01-13,2019011301004683,FOWAD,45,44,25,"1,482.00","37,050.00"
2019-01-13,2019011301004842,GBBL,48,39,10,188.00,"1,880.00"
2019-01-13,2019011301004739,GBBL,32,16,42,186.00,"7,812.00"
2019-01-13,2019011301004556,GBBL,49,34,"1,615",185.00,"298,775.00"
2019-01-13,2019011301004555,GBBL,42,34,200,185.00,"37,000.00"
2019-01-13,2019011301004554,GBBL,32,34,500,185.00,"92,500.00"
2019-01-13,2019011301004553,GBBL,34,34,500,185.00,"92,500.00"
2019-01-13,2019011301004552,GBBL,26,34,185,185.00,"34,225.00"
2019-01-13,2019011301004878,GBIME,13,35,194,270.00,"52,380.00"
2019-01-13,2019011301004877,GBIME,13,42,130,270.00,"35,100.00"
2019-01-13,2019011301004915,GDBL,59,46,133,188.00,"25,004.00"
2019-01-13,2019011301004613,GDBL,13,14,10,187.00,"1,870.00"
2019-01-13,2019011301004659,GLICL,45,25,235,708.00,"166,380.00"
2019-01-13,2019011301004658,GLICL,52,25,100,708.00,"70,800.00"
2019-01-13,2019011301004657,GLICL,22,25,100,709.00,"70,900.00"
2019-01-13,2019011301004656,GLICL,34,25,50,710.00,"35,500.00"
2019-01-13,2019011301004655,GLICL,56,25,15,710.00,"10,650.00"
2019-01-13,2019011301004918,GRDBL,36,42,105,110.00,"11,550.00"
2019-01-13,2019011301004917,GRDBL,36,56,50,110.00,"5,500.00"
2019-01-13,2019011301004916,GRDBL,36,22,300,110.00,"33,000.00"
2019-01-13,2019011301004876,HBL,34,32,250,458.00,"114,500.00"
2019-01-13,2019011301004726,HBL,34,44,50,458.00,"22,900.00"
2019-01-13,2019011301004729,HGI,29,43,17,399.00,"6,783.00"
2019-01-13,2019011301004728,HGI,51,43,200,399.00,"79,800.00"
2019-01-13,2019011301004727,HGI,35,43,50,400.00,"20,000.00"
2019-01-13,2019011301004621,HIDCL,42,26,20,150.00,"3,000.00"
2019-01-13,2019011301004620,HIDCL,41,26,20,150.00,"3,000.00"
2019-01-13,2019011301004942,HPPL,42,47,10,186.00,"1,860.00"
2019-01-13,2019011301004941,HPPL,42,22,50,185.00,"9,250.00"
2019-01-13,2019011301004506,JBBL,49,40,330,137.00,"45,210.00"
2019-01-13,2019011301004670,JBNL,51,35,"1,000",168.00,"168,000.00"
2019-01-13,2019011301004560,JBNL,6,39,252,167.00,"42,084.00"
2019-01-13,2019011301004511,JBNL,6,40,18,167.00,"3,006.00"
2019-01-13,2019011301004510,JBNL,34,40,77,168.00,"12,936.00"
2019-01-13,2019011301004975,JSLBB,58,1,139,"2,655.00","369,045.00"
2019-01-13,2019011301004770,JSLBB,58,57,22,"2,626.00","57,772.00"
2019-01-13,2019011301004671,JSLBB,58,47,50,"2,641.00","132,050.00"
2019-01-13,2019011301004627,JSLBB,58,47,27,"2,642.00","71,334.00"
2019-01-13,2019011301004562,KBBL,10,32,38,210.00,"7,980.00"
2019-01-13,2019011301004538,KBBL,54,32,30,211.00,"6,330.00"
2019-01-13,2019011301004537,KBBL,43,32,200,211.00,"42,200.00"
2019-01-13,2019011301004536,KBBL,34,32,75,211.00,"15,825.00"
2019-01-13,2019011301004535,KBBL,34,32,100,211.00,"21,100.00"
2019-01-13,2019011301004534,KBBL,33,32,300,211.00,"63,300.00"
2019-01-13,2019011301004533,KBBL,6,32,500,211.00,"105,500.00"
2019-01-13,2019011301004966,KPCL,6,47,10,99.00,990.00
2019-01-13,2019011301004875,KSBBL,14,42,600,136.00,"81,600.00"
2019-01-13,2019011301004714,KSBBL,13,57,345,137.00,"47,265.00"
2019-01-13,2019011301004935,LBL,52,16,500,218.00,"109,000.00"
2019-01-13,2019011301004841,LBL,52,11,"1,000",218.00,"218,000.00"
2019-01-13,2019011301004681,LBL,3,16,70,218.00,"15,260.00"
2019-01-13,2019011301004680,LBL,52,16,"1,000",218.00,"218,000.00"
2019-01-13,2019011301004679,LBL,45,16,100,218.00,"21,800.00"
2019-01-13,2019011301004540,LBL,34,45,96,218.00,"20,928.00"
2019-01-13,2019011301004539,LBL,55,45,204,218.00,"44,472.00"
2019-01-13,2019011301004853,LGIL,32,16,300,538.00,"161,400.00"
2019-01-13,2019011301004943,LICN,59,32,10,"1,709.00","17,090.00"
2019-01-13,2019011301004851,LICN,59,17,100,"1,701.00","170,100.00"
2019-01-13,2019011301004826,LICN,28,20,124,"1,700.00","210,800.00"
2019-01-13,2019011301004825,LICN,28,41,100,"1,700.00","170,000.00"
2019-01-13,2019011301004596,LICN,59,36,200,"1,690.00","338,000.00"
2019-01-13,2019011301004561,LICN,59,14,100,"1,699.00","169,900.00"
2019-01-13,2019011301004529,LICN,59,41,50,"1,695.00","84,750.00"
2019-01-13,2019011301004908,MBL,14,34,490,207.00,"101,430.00"
2019-01-13,2019011301004907,MBL,22,34,10,207.00,"2,070.00"
2019-01-13,2019011301004646,MBL,34,6,"1,000",207.00,"207,000.00"
2019-01-13,2019011301004611,MEGA,13,11,10,173.00,"1,730.00"
2019-01-13,2019011301004824,MMFDB,40,45,10,991.00,"9,910.00"
2019-01-13,2019011301004949,MNBBL,28,19,190,350.00,"66,500.00"
2019-01-13,2019011301004948,MNBBL,28,48,150,349.00,"52,350.00"
2019-01-13,2019011301004947,MNBBL,28,11,100,346.00,"34,600.00"
2019-01-13,2019011301004946,MNBBL,28,54,200,345.00,"69,000.00"
2019-01-13,2019011301004945,MNBBL,28,26,360,345.00,"124,200.00"
2019-01-13,2019011301004920,MNBBL,28,26,20,345.00,"6,900.00"
2019-01-13,2019011301004889,MNBBL,42,16,100,343.00,"34,300.00"
2019-01-13,2019011301004888,MNBBL,26,16,100,344.00,"34,400.00"
2019-01-13,2019011301004872,MNBBL,26,22,100,344.00,"34,400.00"
2019-01-13,2019011301004514,MNBBL,28,1,35,342.00,"11,970.00"
2019-01-13,2019011301004488,MNBBL,17,1,235,343.00,"80,605.00"
2019-01-13,2019011301004487,MNBBL,14,1,146,343.00,"50,078.00"
2019-01-13,2019011301004763,NABIL,39,41,25,838.00,"20,950.00"
2019-01-13,2019011301004762,NABIL,42,41,10,838.00,"8,380.00"
2019-01-13,2019011301004761,NABIL,22,41,25,838.00,"20,950.00"
2019-01-13,2019011301004748,NABIL,41,39,100,840.00,"84,000.00"
2019-01-13,2019011301004747,NABILP,55,6,300,715.00,"214,500.00"
2019-01-13,2019011301004746,NABILP,59,6,100,715.00,"71,500.00"
2019-01-13,2019011301004745,NABILP,14,6,100,716.00,"71,600.00"
2019-01-13,2019011301004590,NADEP,53,46,10,795.00,"7,950.00"
2019-01-13,2019011301004589,NADEP,53,46,30,795.00,"23,850.00"
2019-01-13,2019011301004886,NBB,17,13,224,191.00,"42,784.00"
2019-01-13,2019011301004585,NBB,17,39,155,191.00,"29,605.00"
2019-01-13,2019011301004583,NBB,17,48,500,191.00,"95,500.00"
2019-01-13,2019011301004499,NBB,17,42,50,191.00,"9,550.00"
2019-01-13,2019011301004974,NBL,51,57,500,300.00,"150,000.00"
2019-01-13,2019011301004971,NBL,43,57,"1,000",300.00,"300,000.00"
2019-01-13,2019011301004929,NBL,43,57,150,300.00,"45,000.00"
2019-01-13,2019011301004928,NBL,45,57,20,300.00,"6,000.00"
2019-01-13,2019011301004927,NBL,33,57,60,300.00,"18,000.00"
2019-01-13,2019011301004871,NBL,33,58,"1,940",300.00,"582,000.00"
2019-01-13,2019011301004682,NBL,42,38,"2,000",301.00,"602,000.00"
2019-01-13,2019011301004608,NBL,32,58,"3,000",301.00,"903,000.00"
2019-01-13,2019011301004607,NBL,32,16,213,301.00,"64,113.00"
2019-01-13,2019011301004558,NBL,21,16,200,301.00,"60,200.00"
2019-01-13,2019011301004509,NBL,41,16,587,301.00,"176,687.00"
2019-01-13,2019011301004484,NBL,53,6,100,302.00,"30,200.00"
2019-01-13,2019011301004774,NBL,34,58,200,300.00,"60,000.00"
2019-01-13,2019011301004773,NBL,19,58,200,300.00,"60,000.00"
2019-01-13,2019011301004772,NBL,45,58,500,300.00,"150,000.00"
2019-01-13,2019011301004771,NBL,34,58,"1,070",300.00,"321,000.00"
2019-01-13,2019011301004719,NBL,34,52,200,300.00,"60,000.00"
2019-01-13,2019011301004702,NBL,16,38,100,301.00,"30,100.00"
2019-01-13,2019011301004780,NBL,37,58,500,300.00,"150,000.00"
2019-01-13,2019011301004779,NBL,42,58,300,300.00,"90,000.00"
2019-01-13,2019011301004778,NBL,47,58,200,300.00,"60,000.00"
2019-01-13,2019011301004777,NBL,52,58,"1,000",300.00,"300,000.00"
2019-01-13,2019011301004776,NBL,35,58,300,300.00,"90,000.00"
2019-01-13,2019011301004775,NBL,22,58,30,300.00,"9,000.00"
2019-01-13,2019011301004786,NBL,38,58,500,300.00,"150,000.00"
2019-01-13,2019011301004785,NBL,22,58,500,300.00,"150,000.00"
2019-01-13,2019011301004784,NBL,47,58,"1,000",300.00,"300,000.00"
2019-01-13,2019011301004783,NBL,34,58,"2,000",300.00,"600,000.00"
2019-01-13,2019011301004782,NBL,34,58,"1,000",300.00,"300,000.00"
2019-01-13,2019011301004781,NBL,25,58,500,300.00,"150,000.00"
2019-01-13,2019011301004792,NBL,47,58,300,300.00,"90,000.00"
2019-01-13,2019011301004791,NBL,5,58,300,300.00,"90,000.00"
2019-01-13,2019011301004790,NBL,19,58,500,300.00,"150,000.00"
2019-01-13,2019011301004789,NBL,46,58,500,300.00,"150,000.00"
2019-01-13,2019011301004788,NBL,26,58,"1,000",300.00,"300,000.00"
2019-01-13,2019011301004787,NBL,16,58,"2,000",300.00,"600,000.00"
2019-01-13,2019011301004798,NBL,57,58,500,300.00,"150,000.00"
2019-01-13,2019011301004797,NBL,51,58,500,300.00,"150,000.00"
2019-01-13,2019011301004796,NBL,57,58,500,300.00,"150,000.00"
2019-01-13,2019011301004795,NBL,41,58,200,300.00,"60,000.00"
2019-01-13,2019011301004794,NBL,25,58,500,300.00,"150,000.00"
2019-01-13,2019011301004793,NBL,45,58,"1,000",300.00,"300,000.00"
2019-01-13,2019011301004804,NBL,49,58,500,300.00,"150,000.00"
2019-01-13,2019011301004803,NBL,45,58,"1,000",300.00,"300,000.00"
2019-01-13,2019011301004802,NBL,16,58,"1,000",300.00,"300,000.00"
2019-01-13,2019011301004801,NBL,16,58,"1,000",300.00,"300,000.00"
2019-01-13,2019011301004800,NBL,47,58,500,300.00,"150,000.00"
2019-01-13,2019011301004799,NBL,56,58,200,300.00,"60,000.00"
2019-01-13,2019011301004810,NBL,45,58,"1,000",300.00,"300,000.00"
2019-01-13,2019011301004809,NBL,59,58,"1,000",300.00,"300,000.00"
2019-01-13,2019011301004808,NBL,21,58,500,300.00,"150,000.00"
2019-01-13,2019011301004807,NBL,58,58,"5,000",300.00,"1,500,000.00"
2019-01-13,2019011301004806,NBL,17,58,200,300.00,"60,000.00"
2019-01-13,2019011301004805,NBL,45,58,"1,000",300.00,"300,000.00"
2019-01-13,2019011301004816,NBL,45,58,500,300.00,"150,000.00"
2019-01-13,2019011301004815,NBL,38,58,400,300.00,"120,000.00"
2019-01-13,2019011301004814,NBL,46,58,"1,000",300.00,"300,000.00"
2019-01-13,2019011301004813,NBL,43,58,100,300.00,"30,000.00"
2019-01-13,2019011301004812,NBL,33,58,"3,000",300.00,"900,000.00"
2019-01-13,2019011301004811,NBL,4,58,"2,000",300.00,"600,000.00"
2019-01-13,2019011301004832,NBL,4,58,"1,000",300.00,"300,000.00"
2019-01-13,2019011301004831,NBL,14,58,500,300.00,"150,000.00"
2019-01-13,2019011301004830,NBL,17,58,200,300.00,"60,000.00"
2019-01-13,2019011301004829,NBL,38,58,50,300.00,"15,000.00"
2019-01-13,2019011301004828,NBL,53,58,500,300.00,"150,000.00"
2019-01-13,2019011301004827,NBL,45,58,"1,000",300.00,"300,000.00"
2019-01-13,2019011301004870,NBL,26,58,40,300.00,"12,000.00"
2019-01-13,2019011301004837,NBL,26,58,60,300.00,"18,000.00"
2019-01-13,2019011301004836,NBL,32,58,"2,000",300.00,"600,000.00"
2019-01-13,2019011301004835,NBL,25,58,300,300.00,"90,000.00"
2019-01-13,2019011301004834,NBL,22,58,290,300.00,"87,000.00"
2019-01-13,2019011301004833,NBL,54,58,100,300.00,"30,000.00"
2019-01-13,2019011301004725,NCCB,45,41,72,218.00,"15,696.00"
2019-01-13,2019011301004724,NCCB,38,41,99,218.00,"21,582.00"
2019-01-13,2019011301004723,NCCB,19,41,67,218.00,"14,606.00"
2019-01-13,2019011301004764,NCDB,26,28,28,120.00,"3,360.00"
2019-01-13,2019011301004713,NEF,14,52,200,8.40,"1,680.00"
2019-01-13,2019011301004891,NHPC,56,35,100,69.00,"6,900.00"
2019-01-13,2019011301004819,NIB,17,46,30,546.00,"16,380.00"
2019-01-13,2019011301004818,NIB,22,46,100,546.00,"54,600.00"
2019-01-13,2019011301004667,NIB,40,6,50,547.00,"27,350.00"
2019-01-13,2019011301004518,NIB,6,40,74,545.00,"40,330.00"
2019-01-13,2019011301004965,NICA,57,58,15,384.00,"5,760.00"
2019-01-13,2019011301004964,NICA,36,58,"1,000",385.00,"385,000.00"
2019-01-13,2019011301004963,NICA,59,58,200,385.00,"77,000.00"
2019-01-13,2019011301004962,NICA,36,58,500,385.00,"192,500.00"
2019-01-13,2019011301004961,NICA,4,58,68,385.00,"26,180.00"
2019-01-13,2019011301004960,NICA,56,58,217,385.00,"83,545.00"
2019-01-13,2019011301004685,NICA,40,58,50,386.00,"19,300.00"
2019-01-13,2019011301004615,NICA,56,18,30,385.00,"11,550.00"
2019-01-13,2019011301004598,NICA,56,39,53,385.00,"20,405.00"
2019-01-13,2019011301004597,NICA,1,39,100,385.00,"38,500.00"
2019-01-13,2019011301004571,NICA,59,58,"2,000",386.00,"772,000.00"
2019-01-13,2019011301004959,NICA,46,58,"1,000",386.00,"386,000.00"
2019-01-13,2019011301004958,NICA,59,58,"2,000",386.00,"772,000.00"
2019-01-13,2019011301004821,NICA,36,5,"2,450",387.00,"948,150.00"
2019-01-13,2019011301004820,NICA,36,11,50,387.00,"19,350.00"
2019-01-13,2019011301004722,NICA,56,44,200,385.00,"77,000.00"
2019-01-13,2019011301004718,NICA,58,58,"1,950",386.00,"752,700.00"
2019-01-13,2019011301004887,NICL,22,32,50,553.00,"27,650.00"
2019-01-13,2019011301004846,NICL,22,41,30,553.00,"16,590.00"
2019-01-13,2019011301004753,NICL,22,20,171,553.00,"94,563.00"
2019-01-13,2019011301004752,NICL,59,20,200,553.00,"110,600.00"
2019-01-13,2019011301004751,NICL,22,20,129,553.00,"71,337.00"
2019-01-13,2019011301004604,NICL,22,39,241,553.00,"133,273.00"
2019-01-13,2019011301004517,NIL,49,40,100,532.00,"53,200.00"
2019-01-13,2019011301004926,NLG,35,50,222,846.00,"187,812.00"
2019-01-13,2019011301004925,NLG,13,50,50,846.00,"42,300.00"
2019-01-13,2019011301004924,NLG,22,50,100,846.00,"84,600.00"
2019-01-13,2019011301004923,NLG,13,50,50,850.00,"42,500.00"
2019-01-13,2019011301004922,NLG,7,50,78,851.00,"66,378.00"
2019-01-13,2019011301004616,NLG,7,39,22,851.00,"18,722.00"
2019-01-13,2019011301004972,NLIC,37,39,46,"1,100.00","50,600.00"
2019-01-13,2019011301004744,NLIC,53,35,50,"1,098.00","54,900.00"
2019-01-13,2019011301004743,NLIC,42,35,100,"1,098.00","109,800.00"
2019-01-13,2019011301004580,NLIC,52,35,18,"1,100.00","19,800.00"
2019-01-13,2019011301004508,NLIC,54,35,99,"1,100.00","108,900.00"
2019-01-13,2019011301004502,NLIC,54,35,33,"1,100.00","36,300.00"
2019-01-13,2019011301004501,NLIC,54,33,50,"1,100.00","55,000.00"
2019-01-13,2019011301004500,NLIC,54,14,17,"1,099.00","18,683.00"
2019-01-13,2019011301004856,NLICL,6,45,40,706.00,"28,240.00"
2019-01-13,2019011301004855,NLICL,6,48,200,705.00,"141,000.00"
2019-01-13,2019011301004911,NMB,17,29,973,326.00,"317,198.00"
2019-01-13,2019011301004738,NMB,17,41,27,325.00,"8,775.00"
2019-01-13,2019011301004737,NMB,17,41,48,325.00,"15,600.00"
2019-01-13,2019011301004710,NMB,17,11,952,325.00,"309,400.00"
2019-01-13,2019011301004709,NMB,42,11,10,325.00,"3,250.00"
2019-01-13,2019011301004708,NMB,3,11,38,325.00,"12,350.00"
2019-01-13,2019011301004669,NMB,45,29,100,326.00,"32,600.00"
2019-01-13,2019011301004612,NMB,3,36,118,325.00,"38,350.00"
2019-01-13,2019011301004584,NMB,13,45,10,326.00,"3,260.00"
2019-01-13,2019011301004491,NMB,3,44,44,325.00,"14,300.00"
2019-01-13,2019011301004490,NMB,33,44,200,325.00,"65,000.00"
2019-01-13,2019011301004489,NMB,17,44,56,325.00,"18,200.00"
2019-01-13,2019011301004765,NTC,45,39,200,730.00,"146,000.00"
2019-01-13,2019011301004712,NTC,32,41,20,731.00,"14,620.00"
2019-01-13,2019011301004822,OHL,33,4,20,442.00,"8,840.00"
2019-01-13,2019011301004640,PCBL,32,39,69,330.00,"22,770.00"
2019-01-13,2019011301004623,PCBL,52,37,320,331.00,"105,920.00"
2019-01-13,2019011301004547,PFL,32,11,82,136.00,"11,152.00"
2019-01-13,2019011301004546,PFL,32,41,12,136.00,"1,632.00"
2019-01-13,2019011301004545,PFL,32,41,12,136.00,"1,632.00"
2019-01-13,2019011301004970,PIC,32,28,11,"1,020.00","11,220.00"
2019-01-13,2019011301004940,PIC,32,28,11,"1,020.00","11,220.00"
2019-01-13,2019011301004769,PIC,53,6,150,"1,021.00","153,150.00"
2019-01-13,2019011301004645,PIC,1,56,50,"1,021.00","51,050.00"
2019-01-13,2019011301004603,PLIC,7,25,500,497.00,"248,500.00"
2019-01-13,2019011301004852,PMHPL,10,42,10,113.00,"1,130.00"
2019-01-13,2019011301004933,PRIN,59,56,154,452.00,"69,608.00"
2019-01-13,2019011301004932,PRIN,44,56,50,452.00,"22,600.00"
2019-01-13,2019011301004931,PRIN,49,56,54,452.00,"24,408.00"
2019-01-13,2019011301004890,PRIN,55,56,70,453.00,"31,710.00"
2019-01-13,2019011301004617,PRVU,53,36,14,244.00,"3,416.00"
2019-01-13,2019011301004595,PRVU,51,39,100,245.00,"24,500.00"
2019-01-13,2019011301004594,PRVU,58,39,"1,000",245.00,"245,000.00"
2019-01-13,2019011301004593,PRVU,39,39,200,245.00,"49,000.00"
2019-01-13,2019011301004592,PRVU,35,39,50,245.00,"12,250.00"
2019-01-13,2019011301004591,PRVU,46,39,50,245.00,"12,250.00"
2019-01-13,2019011301004576,PRVU,38,40,198,245.00,"48,510.00"
2019-01-13,2019011301004575,PRVU,47,40,45,245.00,"11,025.00"
2019-01-13,2019011301004574,PRVU,3,40,57,245.00,"13,965.00"
2019-01-13,2019011301004606,PURBL,25,42,51,155.00,"7,905.00"
2019-01-13,2019011301004605,PURBL,25,38,26,152.00,"3,952.00"
2019-01-13,2019011301004919,SANIMA,25,50,100,306.00,"30,600.00"
2019-01-13,2019011301004660,SANIMA,25,1,250,306.00,"76,500.00"
2019-01-13,2019011301004480,SANIMA,25,1,40,306.00,"12,240.00"
2019-01-13,2019011301004479,SANIMA,46,1,160,306.00,"48,960.00"
2019-01-13,2019011301004650,SBI,28,39,50,388.00,"19,400.00"
2019-01-13,2019011301004953,SCB,42,7,10,589.00,"5,890.00"
2019-01-13,2019011301004952,SCB,34,7,880,589.00,"518,320.00"
2019-01-13,2019011301004951,SCB,14,7,50,590.00,"29,500.00"
2019-01-13,2019011301004950,SCB,21,7,10,590.00,"5,900.00"
2019-01-13,2019011301004634,SCB,21,13,10,590.00,"5,900.00"
2019-01-13,2019011301004633,SCB,21,13,10,590.00,"5,900.00"
2019-01-13,2019011301004512,SCB,34,13,10,589.00,"5,890.00"
2019-01-13,2019011301004505,SCB,34,13,10,589.00,"5,890.00"
2019-01-13,2019011301004481,SCB,34,13,10,589.00,"5,890.00"
2019-01-13,2019011301004632,SCB,21,13,10,590.00,"5,900.00"
2019-01-13,2019011301004631,SCB,21,13,10,590.00,"5,900.00"
2019-01-13,2019011301004630,SCB,21,1,50,590.00,"29,500.00"
2019-01-13,2019011301004582,SCB,21,1,60,590.00,"35,400.00"
2019-01-13,2019011301004715,SDESI,38,56,79,608.00,"48,032.00"
2019-01-13,2019011301004654,SDESI,38,53,100,615.00,"61,500.00"
2019-01-13,2019011301004653,SDESI,38,45,300,615.00,"184,500.00"
2019-01-13,2019011301004652,SDESI,38,29,95,614.00,"58,330.00"
2019-01-13,2019011301004651,SDESI,38,45,12,613.00,"7,356.00"
2019-01-13,2019011301004638,SHINE,17,36,103,236.00,"24,308.00"
2019-01-13,2019011301004637,SHINE,42,36,157,239.00,"37,523.00"
2019-01-13,2019011301004636,SHINE,25,36,20,240.00,"4,800.00"
2019-01-13,2019011301004867,SHPC,34,14,"1,000",233.00,"233,000.00"
2019-01-13,2019011301004862,SHPC,29,28,500,235.00,"117,500.00"
2019-01-13,2019011301004861,SHPC,29,10,130,235.00,"30,550.00"
2019-01-13,2019011301004860,SHPC,29,53,100,234.00,"23,400.00"
2019-01-13,2019011301004587,SHPC,19,28,200,234.00,"46,800.00"
2019-01-13,2019011301004586,SHPC,16,28,300,234.00,"70,200.00"
2019-01-13,2019011301004850,SICL,34,44,100,923.00,"92,300.00"
2019-01-13,2019011301004758,SICL,34,51,50,923.00,"46,150.00"
2019-01-13,2019011301004866,SIL,22,35,178,644.00,"114,632.00"
2019-01-13,2019011301004865,SIL,32,35,100,645.00,"64,500.00"
2019-01-13,2019011301004864,SIL,53,35,50,645.00,"32,250.00"
2019-01-13,2019011301004863,SIL,25,35,172,646.00,"111,112.00"
2019-01-13,2019011301004755,SIL,25,36,28,646.00,"18,088.00"
2019-01-13,2019011301004754,SIL,35,36,12,650.00,"7,800.00"
2019-01-13,2019011301004626,SKBBL,51,10,12,"1,055.00","12,660.00"
2019-01-13,2019011301004625,SKBBL,54,10,13,"1,056.00","13,728.00"
2019-01-13,2019011301004599,SKBBL,54,6,87,"1,056.00","91,872.00"
2019-01-13,2019011301004573,SKBBL,14,45,30,"1,067.00","32,010.00"
2019-01-13,2019011301004572,SKBBL,14,41,32,"1,065.00","34,080.00"
2019-01-13,2019011301004550,SLBBL,51,16,97,535.00,"51,895.00"
2019-01-13,2019011301004957,SLICL,39,44,10,562.00,"5,620.00"
2019-01-13,2019011301004767,SLICL,33,20,478,555.00,"265,290.00"
2019-01-13,2019011301004766,SLICL,37,20,22,555.00,"12,210.00"
2019-01-13,2019011301004735,SLICL,37,35,78,555.00,"43,290.00"
2019-01-13,2019011301004734,SLICL,58,35,22,555.00,"12,210.00"
2019-01-13,2019011301004648,SLICL,58,36,15,555.00,"8,325.00"
2019-01-13,2019011301004647,SLICL,48,36,40,560.00,"22,400.00"
2019-01-13,2019011301004639,SLICL,48,25,10,560.00,"5,600.00"
2019-01-13,2019011301004624,SLICL,48,25,50,560.00,"28,000.00"
2019-01-13,2019011301004857,SMATA,41,5,10,"1,105.00","11,050.00"
2019-01-13,2019011301004955,SRBL,48,16,11,215.00,"2,365.00"
2019-01-13,2019011301004954,SRBL,48,37,99,214.00,"21,186.00"
2019-01-13,2019011301004628,SRBL,22,37,100,214.00,"21,400.00"
2019-01-13,2019011301004939,SRS,58,4,20,136.00,"2,720.00"
2019-01-13,2019011301004736,SRS,17,4,20,134.00,"2,680.00"
2019-01-13,2019011301004756,TRH,28,4,20,237.00,"4,740.00"
2019-01-13,2019011301004619,TRH,22,25,170,241.00,"40,970.00"
2019-01-13,2019011301004521,TRH,22,25,130,241.00,"31,330.00"
2019-01-13,2019011301004520,TRH,28,25,80,241.00,"19,280.00"
2019-01-13,2019011301004519,TRH,39,25,40,241.00,"9,640.00"
2019-01-13,2019011301004910,UIC,6,50,110,762.00,"83,820.00"
2019-01-13,2019011301004909,UIC,21,50,80,763.00,"61,040.00"
2019-01-13,2019011301004740,UIC,6,41,29,762.00,"22,098.00"
2019-01-13,2019011301004610,UMHL,59,17,37,122.00,"4,514.00"
2019-01-13,2019011301004912,UPPER,14,43,40,224.00,"8,960.00"
2019-01-13,2019011301004882,UPPER,14,43,50,224.00,"11,200.00"
2019-01-13,2019011301004858,UPPER,14,43,40,224.00,"8,960.00"
2019-01-13,2019011301004635,UPPER,14,17,50,224.00,"11,200.00"
2019-01-13,2019011301004629,UPPER,14,46,40,224.00,"8,960.00"
2019-01-13,2019011301004541,UPPER,29,46,50,224.00,"11,200.00"
2019-01-13,2019011301004528,UPPER,29,43,50,224.00,"11,200.00"
2019-01-13,2019011301004513,UPPER,29,46,40,224.00,"8,960.00"
2019-01-13,2019011301004503,UPPER,29,46,40,224.00,"8,960.00"
2019-01-13,2019011301004483,UPPER,29,46,40,224.00,"8,960.00"
2019-01-13,2019011301004559,UPPER,14,18,20,224.00,"4,480.00"
2019-01-13,2019011301004551,UPPER,14,43,40,224.00,"8,960.00"
2019-01-13,2019011301004549,UPPER,14,46,30,224.00,"6,720.00"
2019-01-13,2019011301004548,UPPER,29,46,20,224.00,"4,480.00"
2019-01-13,2019011301004543,UPPER,29,43,40,224.00,"8,960.00"
2019-01-13,2019011301004430,ADBL,57,55,10,348.00,"3,480.00"
2019-01-13,2019011301004429,ADBL,46,55,50,348.00,"17,400.00"
2019-01-13,2019011301004428,ADBL,25,55,50,348.00,"17,400.00"
2019-01-13,2019011301004427,ADBL,49,55,90,348.00,"31,320.00"
2019-01-13,2019011301004352,ADBL,57,28,34,349.00,"11,866.00"
2019-01-13,2019011301004167,ADBL,54,28,10,349.00,"3,490.00"
2019-01-13,2019011301004157,ADBL,1,28,100,349.00,"34,900.00"
2019-01-13,2019011301004156,ADBL,32,28,100,349.00,"34,900.00"
2019-01-13,2019011301004155,ADBL,38,28,20,349.00,"6,980.00"
2019-01-13,2019011301004005,ADBL,38,36,80,349.00,"27,920.00"
2019-01-13,2019011301004182,AKJCL,42,11,10,89.00,890.00
2019-01-13,2019011301004175,AKJCL,42,11,10,88.00,880.00
2019-01-13,2019011301004171,AKJCL,45,11,10,88.00,880.00
2019-01-13,2019011301004141,AKJCL,45,11,20,88.00,"1,760.00"
2019-01-13,2019011301004004,AKJCL,45,38,20,89.00,"1,780.00"
2019-01-13,2019011301004454,ALICL,50,35,62,608.00,"37,696.00"
2019-01-13,2019011301004453,ALICL,55,35,200,609.00,"121,800.00"
2019-01-13,2019011301004452,ALICL,34,35,38,609.00,"23,142.00"
2019-01-13,2019011301004451,ALICL,32,35,100,610.00,"61,000.00"
2019-01-13,2019011301004315,AMFI,54,21,10,730.00,"7,300.00"
2019-01-13,2019011301004313,AMFI,54,21,10,730.00,"7,300.00"
2019-01-13,2019011301004293,AMFI,54,21,10,730.00,"7,300.00"
2019-01-13,2019011301004191,API,39,58,12,152.00,"1,824.00"
2019-01-13,2019011301004118,BARUN,42,22,40,104.00,"4,160.00"
2019-01-13,2019011301004319,BHBL,58,29,10,136.00,"1,360.00"
2019-01-13,2019011301004196,BHBL,58,29,10,138.00,"1,380.00"
2019-01-13,2019011301004471,BOKL,1,57,149,328.00,"48,872.00"
2019-01-13,2019011301004470,BOKL,49,57,319,328.00,"104,632.00"
2019-01-13,2019011301004443,BOKL,49,28,81,328.00,"26,568.00"
2019-01-13,2019011301004442,BOKL,19,28,40,328.00,"13,120.00"
2019-01-13,2019011301004441,BOKL,49,28,50,328.00,"16,400.00"
2019-01-13,2019011301004440,BOKL,29,28,200,328.00,"65,600.00"
2019-01-13,2019011301004112,BOKL,41,49,352,328.00,"115,456.00"
2019-01-13,2019011301004075,BOKL,29,6,30,329.00,"9,870.00"
2019-01-13,2019011301003989,BOKL,22,6,200,329.00,"65,800.00"
2019-01-13,2019011301003988,BOKL,41,6,439,329.00,"144,431.00"
2019-01-13,2019011301003987,BOKL,41,22,61,329.00,"20,069.00"
2019-01-13,2019011301004197,BOKL,51,6,100,329.00,"32,900.00"
2019-01-13,2019011301004185,BOKL,40,6,100,329.00,"32,900.00"
2019-01-13,2019011301004176,BOKL,41,6,200,329.00,"65,800.00"
2019-01-13,2019011301004115,BOKL,54,49,"1,948",328.00,"638,944.00"
2019-01-13,2019011301004114,BOKL,17,49,100,328.00,"32,800.00"
2019-01-13,2019011301004113,BOKL,39,49,100,328.00,"32,800.00"
2019-01-13,2019011301004213,BOKL,51,28,694,329.00,"228,326.00"
2019-01-13,2019011301004212,BOKL,51,6,131,329.00,"43,099.00"
2019-01-13,2019011301004209,BOKL,54,47,22,328.00,"7,216.00"
2019-01-13,2019011301004208,BOKL,54,47,52,328.00,"17,056.00"
2019-01-13,2019011301004203,BOKL,51,6,700,329.00,"230,300.00"
2019-01-13,2019011301004199,BOKL,17,6,100,329.00,"32,900.00"
2019-01-13,2019011301004326,BOKL,57,59,500,329.00,"164,500.00"
2019-01-13,2019011301004306,BOKL,22,59,300,329.00,"98,700.00"
2019-01-13,2019011301004248,BOKL,36,52,140,328.00,"45,920.00"
2019-01-13,2019011301004247,BOKL,53,52,500,328.00,"164,000.00"
2019-01-13,2019011301004246,BOKL,54,52,228,328.00,"74,784.00"
2019-01-13,2019011301004214,BOKL,51,59,175,329.00,"57,575.00"
2019-01-13,2019011301004357,BOKL,45,1,200,328.00,"65,600.00"
2019-01-13,2019011301004356,BOKL,1,1,129,328.00,"42,312.00"
2019-01-13,2019011301004355,BOKL,22,59,50,329.00,"16,450.00"
2019-01-13,2019011301004333,BOKL,1,43,171,328.00,"56,088.00"
2019-01-13,2019011301004332,BOKL,47,43,50,328.00,"16,400.00"
2019-01-13,2019011301004331,BOKL,36,43,60,328.00,"19,680.00"
2019-01-13,2019011301004439,BOKL,1,28,129,328.00,"42,312.00"
2019-01-13,2019011301004389,BOKL,51,59,100,329.00,"32,900.00"
2019-01-13,2019011301004369,BOKL,1,59,271,328.00,"88,888.00"
2019-01-13,2019011301004368,BOKL,17,59,229,328.00,"75,112.00"
2019-01-13,2019011301004363,BOKL,42,59,"1,000",329.00,"329,000.00"
2019-01-13,2019011301004358,BOKL,17,1,171,328.00,"56,088.00"
2019-01-13,2019011301004456,BPCL,42,39,10,371.00,"3,710.00"
2019-01-13,2019011301004431,BPCL,42,21,20,371.00,"7,420.00"
2019-01-13,2019011301004403,BPCL,52,21,20,369.00,"7,380.00"
2019-01-13,2019011301004374,BPCL,45,21,20,369.00,"7,380.00"
2019-01-13,2019011301004364,BPCL,45,21,20,369.00,"7,380.00"
2019-01-13,2019011301004160,BPCL,40,37,20,373.00,"7,460.00"
2019-01-13,2019011301004002,BPCL,26,37,180,370.00,"66,600.00"
2019-01-13,2019011301004474,CBBL,53,21,12,845.00,"10,140.00"
2019-01-13,2019011301004445,CBBL,53,43,500,842.00,"421,000.00"
2019-01-13,2019011301004134,CBBL,17,55,232,840.00,"194,880.00"
2019-01-13,2019011301004133,CBBL,34,55,40,840.00,"33,600.00"
2019-01-13,2019011301004058,CBBL,11,21,68,845.00,"57,460.00"
2019-01-13,2019011301004018,CBBL,11,51,32,845.00,"27,040.00"
2019-01-13,2019011301004017,CBBL,17,51,100,845.00,"84,500.00"
2019-01-13,2019011301004016,CBBL,46,51,35,845.00,"29,575.00"
2019-01-13,2019011301004396,CBL,52,37,200,161.00,"32,200.00"
2019-01-13,2019011301004362,CBL,7,37,100,161.00,"16,100.00"
2019-01-13,2019011301004361,CBL,17,37,58,161.00,"9,338.00"
2019-01-13,2019011301004006,CBL,17,36,111,161.00,"17,871.00"
2019-01-13,2019011301004144,CCBL,34,34,"7,151",170.00,"1,215,670.00"
2019-01-13,2019011301004143,CCBL,5,34,100,170.00,"17,000.00"
2019-01-13,2019011301004142,CCBL,42,34,749,170.00,"127,330.00"
2019-01-13,2019011301004124,CCBL,42,25,62,170.00,"10,540.00"
2019-01-13,2019011301004123,CCBL,22,25,56,170.00,"9,520.00"
2019-01-13,2019011301004009,CCBL,22,36,81,170.00,"13,770.00"
2019-01-13,2019011301003991,CFCL,26,42,27,114.00,"3,078.00"
2019-01-13,2019011301004466,CHCL,11,41,186,541.00,"100,626.00"
2019-01-13,2019011301004465,CHCL,45,41,274,541.00,"148,234.00"
2019-01-13,2019011301004464,CHCL,54,41,100,542.00,"54,200.00"
2019-01-13,2019011301004463,CHCL,29,41,20,542.00,"10,840.00"
2019-01-13,2019011301004462,CHCL,45,41,20,542.00,"10,840.00"
2019-01-13,2019011301004387,CHL,13,21,10,101.00,"1,010.00"
2019-01-13,2019011301004459,CIT,28,50,10,"2,320.00","23,200.00"
2019-01-13,2019011301004458,CIT,28,50,10,"2,320.00","23,200.00"
2019-01-13,2019011301004457,CIT,28,59,50,"2,320.00","116,000.00"
2019-01-13,2019011301004419,CIT,40,59,50,"2,310.00","115,500.00"
2019-01-13,2019011301004406,CIT,1,39,27,"2,320.00","62,640.00"
2019-01-13,2019011301004405,CIT,1,4,200,"2,320.00","464,000.00"
2019-01-13,2019011301004269,CIT,16,5,100,"2,290.00","229,000.00"
2019-01-13,2019011301004268,CIT,16,48,82,"2,290.00","187,780.00"
2019-01-13,2019011301004223,CIT,51,48,42,"2,290.00","96,180.00"
2019-01-13,2019011301004338,CIT,16,29,48,"2,298.00","110,304.00"
2019-01-13,2019011301004337,CIT,16,5,50,"2,298.00","114,900.00"
2019-01-13,2019011301004314,CIT,1,1,91,"2,295.00","208,845.00"
2019-01-13,2019011301004308,CIT,1,11,70,"2,294.00","160,580.00"
2019-01-13,2019011301004271,CIT,16,25,50,"2,290.00","114,500.00"
2019-01-13,2019011301004270,CIT,16,45,20,"2,290.00","45,800.00"
2019-01-13,2019011301004344,CIT,16,4,750,"2,300.00","1,725,000.00"
2019-01-13,2019011301004343,CIT,16,42,100,"2,299.00","229,900.00"
2019-01-13,2019011301004342,CIT,16,42,100,"2,299.00","229,900.00"
2019-01-13,2019011301004341,CIT,16,43,30,"2,299.00","68,970.00"
2019-01-13,2019011301004340,CIT,16,41,24,"2,299.00","55,176.00"
2019-01-13,2019011301004339,CIT,16,17,10,"2,299.00","22,990.00"
2019-01-13,2019011301004350,CIT,16,50,10,"2,300.00","23,000.00"
2019-01-13,2019011301004349,CIT,16,50,10,"2,300.00","23,000.00"
2019-01-13,2019011301004348,CIT,16,29,10,"2,300.00","23,000.00"
2019-01-13,2019011301004347,CIT,16,58,50,"2,300.00","115,000.00"
2019-01-13,2019011301004346,CIT,16,41,12,"2,300.00","27,600.00"
2019-01-13,2019011301004345,CIT,16,34,100,"2,300.00","230,000.00"
2019-01-13,2019011301004392,CIT,1,46,50,"2,315.00","115,750.00"
2019-01-13,2019011301004391,CIT,1,42,50,"2,315.00","115,750.00"
2019-01-13,2019011301004382,CIT,4,16,25,"2,312.00","57,800.00"
2019-01-13,2019011301004381,CIT,4,1,25,"2,310.00","57,750.00"
2019-01-13,2019011301004380,CIT,4,43,40,"2,300.00","92,000.00"
2019-01-13,2019011301004370,CIT,28,43,60,"2,300.00","138,000.00"
2019-01-13,2019011301004307,CZBIL,51,4,"1,000",217.00,"217,000.00"
2019-01-13,2019011301004099,CZBIL,17,41,500,216.00,"108,000.00"
2019-01-13,2019011301003997,DBBL,32,50,200,128.00,"25,600.00"
2019-01-13,2019011301004395,EBL,54,45,100,533.00,"53,300.00"
2019-01-13,2019011301004371,EBL,38,28,100,532.00,"53,200.00"
2019-01-13,2019011301004323,EBL,38,53,20,532.00,"10,640.00"
2019-01-13,2019011301004286,EBL,38,6,380,532.00,"202,160.00"
2019-01-13,2019011301004215,EBL,7,6,20,532.00,"10,640.00"
2019-01-13,2019011301004100,EBL,32,57,200,532.00,"106,400.00"
2019-01-13,2019011301004415,FMDBL,49,19,100,375.00,"37,500.00"
2019-01-13,2019011301004367,FMDBL,49,47,169,375.00,"63,375.00"
2019-01-13,2019011301004366,FMDBL,17,47,60,376.00,"22,560.00"
2019-01-13,2019011301004310,FMDBL,49,14,400,375.00,"150,000.00"
2019-01-13,2019011301004000,FMDBL,17,14,10,370.00,"3,700.00"
2019-01-13,2019011301003999,FMDBL,59,14,200,370.00,"74,000.00"
2019-01-13,2019011301003998,FMDBL,55,14,20,373.00,"7,460.00"
2019-01-13,2019011301004434,FOWAD,45,40,19,"1,482.00","28,158.00"
2019-01-13,2019011301004433,FOWAD,42,40,20,"1,485.00","29,700.00"
2019-01-13,2019011301004432,FOWAD,28,40,11,"1,485.00","16,335.00"
2019-01-13,2019011301004394,FOWAD,35,17,39,"1,490.00","58,110.00"
2019-01-13,2019011301004393,FOWAD,35,56,76,"1,490.00","113,240.00"
2019-01-13,2019011301004475,GBBL,39,16,200,186.00,"37,200.00"
2019-01-13,2019011301004067,GBBL,32,33,419,186.00,"77,934.00"
2019-01-13,2019011301004032,GBBL,26,36,115,185.00,"21,275.00"
2019-01-13,2019011301004426,GBIME,41,42,190,270.00,"51,300.00"
2019-01-13,2019011301004418,GBIME,56,42,10,270.00,"2,700.00"
2019-01-13,2019011301004273,GBIME,56,42,"1,000",270.00,"270,000.00"
2019-01-13,2019011301004272,GBIME,22,42,170,270.00,"45,900.00"
2019-01-13,2019011301004098,GBIME,22,46,30,270.00,"8,100.00"
2019-01-13,2019011301004153,GDBL,7,34,10,189.00,"1,890.00"
2019-01-13,2019011301004060,GDBL,13,36,83,187.00,"15,521.00"
2019-01-13,2019011301004129,GRDBL,36,38,30,108.00,"3,240.00"
2019-01-13,2019011301004090,GUFL,14,55,66,100.00,"6,600.00"
2019-01-13,2019011301004267,HBL,29,44,50,460.00,"23,000.00"
2019-01-13,2019011301004222,HIDCL,41,22,80,150.00,"12,000.00"
2019-01-13,2019011301004184,JBBL,41,52,10,138.00,"1,380.00"
2019-01-13,2019011301004007,JBBL,49,55,101,137.00,"13,837.00"
2019-01-13,2019011301004399,JBNL,34,5,23,168.00,"3,864.00"
2019-01-13,2019011301004205,JBNL,49,5,200,168.00,"33,600.00"
2019-01-13,2019011301004102,JBNL,6,56,219,167.00,"36,573.00"
2019-01-13,2019011301004101,JBNL,38,56,431,167.00,"71,977.00"
2019-01-13,2019011301004086,JBNL,38,41,69,167.00,"11,523.00"
2019-01-13,2019011301004085,JBNL,40,41,89,167.00,"14,863.00"
2019-01-13,2019011301004226,JFL,22,29,11,172.00,"1,892.00"
2019-01-13,2019011301004289,KBBL,16,35,280,212.00,"59,360.00"
2019-01-13,2019011301004177,KBBL,25,35,200,213.00,"42,600.00"
2019-01-13,2019011301004329,KBL,22,6,100,252.00,"25,200.00"
2019-01-13,2019011301004227,KBL,44,51,814,252.00,"205,128.00"
2019-01-13,2019011301004186,KBL,57,51,186,252.00,"46,872.00"
2019-01-13,2019011301004179,KBL,57,40,14,252.00,"3,528.00"
2019-01-13,2019011301004154,KBL,22,56,300,253.00,"75,900.00"
2019-01-13,2019011301004019,KBL,17,56,500,252.00,"126,000.00"
2019-01-13,2019011301004095,KMCDB,25,14,100,894.00,"89,400.00"
2019-01-13,2019011301004072,KMFL,32,37,10,920.00,"9,200.00"
2019-01-13,2019011301004472,KPCL,6,39,10,99.00,990.00
2019-01-13,2019011301004068,KSBBL,1,36,42,136.00,"5,712.00"
2019-01-13,2019011301004473,LBBL,52,35,10,171.00,"1,710.00"
2019-01-13,2019011301004070,LBBL,52,54,50,171.00,"8,550.00"
2019-01-13,2019011301004318,LBL,55,11,796,218.00,"173,528.00"
2019-01-13,2019011301004317,LBL,37,11,204,218.00,"44,472.00"
2019-01-13,2019011301004201,LBL,37,11,26,218.00,"5,668.00"
2019-01-13,2019011301004200,LBL,54,11,40,218.00,"8,720.00"
2019-01-13,2019011301004036,LBL,54,11,40,218.00,"8,720.00"
2019-01-13,2019011301004035,LBL,35,11,50,218.00,"10,900.00"
2019-01-13,2019011301004034,LBL,32,11,500,218.00,"109,000.00"
2019-01-13,2019011301004033,LBL,11,11,344,218.00,"74,992.00"
2019-01-13,2019011301004127,LGIL,44,29,"1,000",537.00,"537,000.00"
2019-01-13,2019011301004126,LGIL,44,4,90,535.00,"48,150.00"
2019-01-13,2019011301004132,LLBS,36,45,15,775.00,"11,625.00"
2019-01-13,2019011301004221,MBL,32,16,"4,278",207.00,"885,546.00"
2019-01-13,2019011301004119,MBL,32,16,"4,150",207.00,"859,050.00"
2019-01-13,2019011301004001,MBL,32,16,850,207.00,"175,950.00"
2019-01-13,2019011301004398,MEGA,17,25,800,171.00,"136,800.00"
2019-01-13,2019011301004288,MEGA,17,7,374,171.00,"63,954.00"
2019-01-13,2019011301004210,MEGA,17,32,"2,000",171.00,"342,000.00"
2019-01-13,2019011301004195,MEGA,32,28,35,172.00,"6,020.00"
2019-01-13,2019011301004194,MEGA,32,28,200,172.00,"34,400.00"
2019-01-13,2019011301004193,MEGA,32,37,118,172.00,"20,296.00"
2019-01-13,2019011301004089,MEGA,26,41,39,170.00,"6,630.00"
2019-01-13,2019011301004088,MEGA,26,41,196,170.00,"33,320.00"
2019-01-13,2019011301004181,MLBBL,20,17,12,912.00,"10,944.00"
2019-01-13,2019011301004069,MLBBL,1,43,30,913.00,"27,390.00"
2019-01-13,2019011301004094,MLBL,4,41,40,167.00,"6,680.00"
2019-01-13,2019011301004093,MLBL,47,41,460,168.00,"77,280.00"
2019-01-13,2019011301004074,MLBL,47,36,40,168.00,"6,720.00"
2019-01-13,2019011301004422,MNBBL,35,1,60,344.00,"20,640.00"
2019-01-13,2019011301004224,MNBBL,7,1,20,344.00,"6,880.00"
2019-01-13,2019011301004080,MNBBL,14,36,154,343.00,"52,822.00"
2019-01-13,2019011301004079,MNBBL,20,36,59,343.00,"20,237.00"
2019-01-13,2019011301004379,MSMBS,58,21,11,538.00,"5,918.00"
2019-01-13,2019011301004378,MSMBS,26,28,10,540.00,"5,400.00"
2019-01-13,2019011301004291,NABIL,29,3,150,841.00,"126,150.00"
2019-01-13,2019011301004290,NABIL,29,43,50,841.00,"42,050.00"
2019-01-13,2019011301004216,NABIL,55,43,50,841.00,"42,050.00"
2019-01-13,2019011301004183,NABIL,34,3,500,840.00,"420,000.00"
2019-01-13,2019011301004096,NABIL,16,37,100,840.00,"84,000.00"
2019-01-13,2019011301004360,NADEP,6,21,10,793.00,"7,930.00"
2019-01-13,2019011301004351,NADEP,6,21,10,793.00,"7,930.00"
2019-01-13,2019011301004335,NADEP,6,21,10,793.00,"7,930.00"
2019-01-13,2019011301004325,NADEP,6,21,10,793.00,"7,930.00"
2019-01-13,2019011301004139,NBB,42,41,10,192.00,"1,920.00"
2019-01-13,2019011301004138,NBB,17,48,"1,000",191.00,"191,000.00"
2019-01-13,2019011301004137,NBB,17,11,341,191.00,"65,131.00"
2019-01-13,2019011301004136,NBB,17,7,"1,000",191.00,"191,000.00"
2019-01-13,2019011301004135,NBB,17,48,231,191.00,"44,121.00"
2019-01-13,2019011301003996,NBB,56,19,161,190.00,"30,590.00"
2019-01-13,2019011301003995,NBB,5,19,"4,000",190.00,"760,000.00"
2019-01-13,2019011301003994,NBB,46,19,150,190.00,"28,500.00"
2019-01-13,2019011301003993,NBB,59,19,100,190.00,"19,000.00"
2019-01-13,2019011301003992,NBB,6,19,327,190.00,"62,130.00"
2019-01-13,2019011301004220,NBBLPO,56,40,"5,000",750.00,"3,750,000.00"
2019-01-13,2019011301004469,NBL,41,58,"1,913",301.00,"575,813.00"
2019-01-13,2019011301004468,NBL,48,58,787,301.00,"236,887.00"
2019-01-13,2019011301004455,NBL,48,52,100,301.00,"30,100.00"
2019-01-13,2019011301004423,NBL,48,52,100,301.00,"30,100.00"
2019-01-13,2019011301004417,NBL,42,6,100,302.00,"30,200.00"
2019-01-13,2019011301004414,NBL,48,52,13,301.00,"3,913.00"
2019-01-13,2019011301003981,NBL,10,58,"3,150",301.00,"948,150.00"
2019-01-13,2019011301003980,NBL,6,58,200,301.00,"60,200.00"
2019-01-13,2019011301003979,NBL,36,58,"1,000",301.00,"301,000.00"
2019-01-13,2019011301003978,NBL,52,58,"1,000",301.00,"301,000.00"
2019-01-13,2019011301003977,NBL,25,58,"4,526",301.00,"1,362,326.00"
2019-01-13,2019011301004010,NBL,40,58,186,301.00,"55,986.00"
2019-01-13,2019011301003986,NBL,40,58,814,301.00,"245,014.00"
2019-01-13,2019011301003985,NBL,54,58,10,301.00,"3,010.00"
2019-01-13,2019011301003984,NBL,44,58,"1,000",301.00,"301,000.00"
2019-01-13,2019011301003983,NBL,36,58,"3,000",301.00,"903,000.00"
2019-01-13,2019011301003982,NBL,40,58,300,301.00,"90,300.00"
2019-01-13,2019011301004030,NBL,18,58,894,301.00,"269,094.00"
2019-01-13,2019011301004029,NBL,58,58,606,301.00,"182,406.00"
2019-01-13,2019011301004014,NBL,58,58,"4,394",301.00,"1,322,594.00"
2019-01-13,2019011301004013,NBL,50,58,200,301.00,"60,200.00"
2019-01-13,2019011301004012,NBL,42,58,20,301.00,"6,020.00"
2019-01-13,2019011301004011,NBL,26,58,200,301.00,"60,200.00"
2019-01-13,2019011301004108,NBL,14,58,200,301.00,"60,200.00"
2019-01-13,2019011301004107,NBL,26,58,110,301.00,"33,110.00"
2019-01-13,2019011301004106,NBL,1,58,100,301.00,"30,100.00"
2019-01-13,2019011301004105,NBL,32,58,500,301.00,"150,500.00"
2019-01-13,2019011301004104,NBL,18,58,106,301.00,"31,906.00"
2019-01-13,2019011301004073,NBL,21,6,100,302.00,"30,200.00"
2019-01-13,2019011301004188,NBL,32,29,"1,000",301.00,"301,000.00"
2019-01-13,2019011301004187,NBL,33,29,16,301.00,"4,816.00"
2019-01-13,2019011301004122,NBL,56,56,7,302.00,"2,114.00"
2019-01-13,2019011301004111,NBL,33,58,"2,984",301.00,"898,184.00"
2019-01-13,2019011301004110,NBL,45,58,500,301.00,"150,500.00"
2019-01-13,2019011301004109,NBL,21,58,500,301.00,"150,500.00"
2019-01-13,2019011301004298,NBL,36,59,100,301.00,"30,100.00"
2019-01-13,2019011301004297,NBL,8,59,"1,000",301.00,"301,000.00"
2019-01-13,2019011301004296,NBL,40,59,100,301.00,"30,100.00"
2019-01-13,2019011301004295,NBL,42,59,16,301.00,"4,816.00"
2019-01-13,2019011301004255,NBL,25,6,100,302.00,"30,200.00"
2019-01-13,2019011301004189,NBL,42,29,484,301.00,"145,684.00"
2019-01-13,2019011301004375,NBL,18,52,100,301.00,"30,100.00"
2019-01-13,2019011301004311,NBL,39,59,222,301.00,"66,822.00"
2019-01-13,2019011301004304,NBL,41,59,60,301.00,"18,060.00"
2019-01-13,2019011301004301,NBL,44,59,50,301.00,"15,050.00"
2019-01-13,2019011301004300,NBL,38,59,"1,000",301.00,"301,000.00"
2019-01-13,2019011301004299,NBL,14,59,500,301.00,"150,500.00"
2019-01-13,2019011301004413,NBL,36,52,200,301.00,"60,200.00"
2019-01-13,2019011301004412,NBL,57,52,87,301.00,"26,187.00"
2019-01-13,2019011301004408,NBL,42,6,100,302.00,"30,200.00"
2019-01-13,2019011301004401,NBL,57,58,413,301.00,"124,313.00"
2019-01-13,2019011301004400,NBL,36,58,"2,087",301.00,"628,187.00"
2019-01-13,2019011301004376,NBL,36,52,"2,413",301.00,"726,313.00"
2019-01-13,2019011301004420,NCCB,1,5,100,219.00,"21,900.00"
2019-01-13,2019011301004388,NCCB,26,5,15,219.00,"3,285.00"
2019-01-13,2019011301004334,NCCB,29,5,"1,000",219.00,"219,000.00"
2019-01-13,2019011301004309,NCCB,41,5,10,219.00,"2,190.00"
2019-01-13,2019011301004292,NCCB,41,5,10,219.00,"2,190.00"
2019-01-13,2019011301004278,NCCB,41,5,10,219.00,"2,190.00"
2019-01-13,2019011301004020,NCCB,47,1,300,218.00,"65,400.00"
2019-01-13,2019011301004276,NCCB,41,5,10,219.00,"2,190.00"
2019-01-13,2019011301004264,NCCB,19,33,433,218.00,"94,394.00"
2019-01-13,2019011301004263,NCCB,55,33,10,218.00,"2,180.00"
2019-01-13,2019011301004262,NCCB,57,33,100,218.00,"21,800.00"
2019-01-13,2019011301004261,NCCB,47,33,"1,457",218.00,"317,626.00"
2019-01-13,2019011301004192,NCCB,41,5,10,219.00,"2,190.00"
2019-01-13,2019011301004217,NGPL,21,50,161,133.00,"21,413.00"
2019-01-13,2019011301004359,NIB,11,35,70,544.00,"38,080.00"
2019-01-13,2019011301004284,NIB,51,29,196,544.00,"106,624.00"
2019-01-13,2019011301004283,NIB,47,29,55,544.00,"29,920.00"
2019-01-13,2019011301004282,NIB,35,29,50,544.00,"27,200.00"
2019-01-13,2019011301004245,NIB,35,14,50,544.00,"27,200.00"
2019-01-13,2019011301004244,NIB,56,14,100,544.00,"54,400.00"
2019-01-13,2019011301004231,NIB,1,14,20,545.00,"10,900.00"
2019-01-13,2019011301004230,NIB,55,14,100,546.00,"54,600.00"
2019-01-13,2019011301004229,NIB,1,14,30,546.00,"16,380.00"
2019-01-13,2019011301004237,NIB,42,14,25,545.00,"13,625.00"
2019-01-13,2019011301004236,NIB,20,14,100,545.00,"54,500.00"
2019-01-13,2019011301004235,NIB,48,14,100,545.00,"54,500.00"
2019-01-13,2019011301004234,NIB,6,14,10,545.00,"5,450.00"
2019-01-13,2019011301004233,NIB,7,14,10,545.00,"5,450.00"
2019-01-13,2019011301004232,NIB,22,14,50,545.00,"27,250.00"
2019-01-13,2019011301004243,NIB,43,14,20,544.00,"10,880.00"
2019-01-13,2019011301004242,NIB,19,14,"1,000",544.00,"544,000.00"
2019-01-13,2019011301004241,NIB,57,14,50,544.00,"27,200.00"
2019-01-13,2019011301004240,NIB,6,14,10,544.00,"5,440.00"
2019-01-13,2019011301004239,NIB,45,14,300,545.00,"163,500.00"
2019-01-13,2019011301004238,NIB,22,14,25,545.00,"13,625.00"
2019-01-13,2019011301004365,NIBPO,41,22,200,497.00,"99,400.00"
2019-01-13,2019011301004277,NIBPO,22,22,100,497.00,"49,700.00"
2019-01-13,2019011301004467,NICA,34,58,"2,000",386.00,"772,000.00"
2019-01-13,2019011301004438,NICA,34,58,"1,000",386.00,"386,000.00"
2019-01-13,2019011301004437,NICA,34,44,145,386.00,"55,970.00"
2019-01-13,2019011301004436,NICA,34,35,"1,450",386.00,"559,700.00"
2019-01-13,2019011301004390,NICA,42,35,10,386.00,"3,860.00"
2019-01-13,2019011301004064,NICA,34,17,50,385.00,"19,250.00"
2019-01-13,2019011301004336,NICL,44,34,140,555.00,"77,700.00"
2019-01-13,2019011301004322,NICL,45,34,200,555.00,"111,000.00"
2019-01-13,2019011301004321,NICL,17,34,50,555.00,"27,750.00"
2019-01-13,2019011301004320,NICL,5,34,50,555.00,"27,750.00"
2019-01-13,2019011301004165,NIL,10,56,100,530.00,"53,000.00"
2019-01-13,2019011301004164,NIL,34,56,200,530.00,"106,000.00"
2019-01-13,2019011301004163,NIL,7,56,200,530.00,"106,000.00"
2019-01-13,2019011301004162,NIL,7,56,300,530.00,"159,000.00"
2019-01-13,2019011301004161,NIL,49,56,150,531.00,"79,650.00"
2019-01-13,2019011301004159,NIL,49,49,100,531.00,"53,100.00"
2019-01-13,2019011301004015,NIL,45,45,5,537.00,"2,685.00"
2019-01-13,2019011301004324,NLICL,6,25,590,702.00,"414,180.00"
2019-01-13,2019011301004316,NLICL,6,55,50,701.00,"35,050.00"
2019-01-13,2019011301004251,NLICL,56,25,30,702.00,"21,060.00"
2019-01-13,2019011301004250,NLICL,34,7,92,700.00,"64,400.00"
2019-01-13,2019011301004249,NLICL,50,7,50,701.00,"35,050.00"
2019-01-13,2019011301004152,NLICL,34,36,779,700.00,"545,300.00"
2019-01-13,2019011301004145,NLICL,1,36,100,704.00,"70,400.00"
2019-01-13,2019011301004087,NLICL,48,29,60,701.00,"42,060.00"
2019-01-13,2019011301004151,NLICL,40,36,400,700.00,"280,000.00"
2019-01-13,2019011301004150,NLICL,56,36,200,700.00,"140,000.00"
2019-01-13,2019011301004149,NLICL,22,36,281,700.00,"196,700.00"
2019-01-13,2019011301004148,NLICL,14,36,100,701.00,"70,100.00"
2019-01-13,2019011301004147,NLICL,22,36,100,701.00,"70,100.00"
2019-01-13,2019011301004146,NLICL,48,36,40,701.00,"28,040.00"
2019-01-13,2019011301004373,NMB,17,6,944,325.00,"306,800.00"
2019-01-13,2019011301004372,NMB,34,6,56,325.00,"18,200.00"
2019-01-13,2019011301004280,NMB,22,45,87,326.00,"28,362.00"
2019-01-13,2019011301004279,NMB,22,52,13,326.00,"4,238.00"
2019-01-13,2019011301004121,NMB,34,21,25,325.00,"8,125.00"
2019-01-13,2019011301004446,NTC,45,41,100,730.00,"73,000.00"
2019-01-13,2019011301004461,PCBL,25,37,60,331.00,"19,860.00"
2019-01-13,2019011301004305,PCBL,41,37,10,331.00,"3,310.00"
2019-01-13,2019011301004285,PCBL,41,37,10,331.00,"3,310.00"
2019-01-13,2019011301004266,PCBL,37,37,13,331.00,"4,303.00"
2019-01-13,2019011301004265,PCBL,37,26,400,331.00,"132,400.00"
2019-01-13,2019011301004204,PCBL,41,26,10,331.00,"3,310.00"
2019-01-13,2019011301004170,PCBL,32,51,845,330.00,"278,850.00"
2019-01-13,2019011301004169,PCBL,32,51,155,330.00,"51,150.00"
2019-01-13,2019011301004131,PCBL,32,21,500,330.00,"165,000.00"
2019-01-13,2019011301004091,PRIN,28,58,50,455.00,"22,750.00"
2019-01-13,2019011301004450,PRVU,3,43,243,245.00,"59,535.00"
2019-01-13,2019011301004449,PRVU,25,43,40,245.00,"9,800.00"
2019-01-13,2019011301004448,PRVU,44,43,67,245.00,"16,415.00"
2019-01-13,2019011301004040,PRVU,44,49,100,245.00,"24,500.00"
2019-01-13,2019011301004275,RHPC,34,29,10,98.00,980.00
2019-01-13,2019011301004274,RHPC,49,29,10,99.00,990.00
2019-01-13,2019011301004042,RHPC,17,55,50,98.00,"4,900.00"
2019-01-13,2019011301004041,RHPC,19,55,50,99.00,"4,950.00"
2019-01-13,2019011301004097,RMDC,17,51,102,545.00,"55,590.00"
2019-01-13,2019011301004039,RSDC,1,34,110,387.00,"42,570.00"
2019-01-13,2019011301004038,RSDC,53,34,204,388.00,"79,152.00"
2019-01-13,2019011301004294,SANIMA,46,54,100,306.00,"30,600.00"
2019-01-13,2019011301004130,SBI,42,42,10,390.00,"3,900.00"
2019-01-13,2019011301004312,SBL,34,11,636,291.00,"185,076.00"
2019-01-13,2019011301004303,SBL,11,11,65,291.00,"18,915.00"
2019-01-13,2019011301004302,SBL,44,11,200,291.00,"58,200.00"
2019-01-13,2019011301004476,SCB,34,13,10,589.00,"5,890.00"
2019-01-13,2019011301004460,SCB,34,13,20,589.00,"11,780.00"
2019-01-13,2019011301004447,SCB,34,13,10,589.00,"5,890.00"
2019-01-13,2019011301004435,SCB,34,13,10,589.00,"5,890.00"
2019-01-13,2019011301004354,SCB,43,1,190,590.00,"112,100.00"
2019-01-13,2019011301004219,SCB,13,11,50,589.00,"29,450.00"
2019-01-13,2019011301004178,SCB,45,22,20,588.00,"11,760.00"
2019-01-13,2019011301004173,SCB,45,21,190,588.00,"111,720.00"
2019-01-13,2019011301004172,SCB,45,45,390,588.00,"229,320.00"
2019-01-13,2019011301004120,SCB,32,45,40,588.00,"23,520.00"
2019-01-13,2019011301004092,SCB,44,45,500,588.00,"294,000.00"
2019-01-13,2019011301004353,SCB,43,13,10,590.00,"5,900.00"
2019-01-13,2019011301004330,SCB,34,11,40,589.00,"23,560.00"
2019-01-13,2019011301004409,SDESI,33,39,27,606.00,"16,362.00"
2019-01-13,2019011301004084,SDESI,38,28,73,615.00,"44,895.00"
2019-01-13,2019011301004083,SDESI,38,17,27,615.00,"16,605.00"
2019-01-13,2019011301004082,SDESI,38,42,100,614.00,"61,400.00"
2019-01-13,2019011301004081,SDESI,38,22,100,614.00,"61,400.00"
2019-01-13,2019011301004066,SDESI,38,56,12,610.00,"7,320.00"
2019-01-13,2019011301004047,SDESI,14,41,100,603.00,"60,300.00"
2019-01-13,2019011301004046,SDESI,14,41,10,603.00,"6,030.00"
2019-01-13,2019011301004045,SDESI,54,41,50,604.00,"30,200.00"
2019-01-13,2019011301004044,SDESI,35,41,100,604.00,"60,400.00"
2019-01-13,2019011301004043,SDESI,32,41,100,604.00,"60,400.00"
2019-01-13,2019011301004053,SDESI,54,41,20,599.00,"11,980.00"
2019-01-13,2019011301004052,SDESI,29,41,100,600.00,"60,000.00"
2019-01-13,2019011301004051,SDESI,17,41,33,600.00,"19,800.00"
2019-01-13,2019011301004050,SDESI,25,41,100,600.00,"60,000.00"
2019-01-13,2019011301004049,SDESI,34,41,100,603.00,"60,300.00"
2019-01-13,2019011301004048,SDESI,14,41,100,603.00,"60,300.00"
2019-01-13,2019011301004065,SDESI,38,17,250,610.00,"152,500.00"
2019-01-13,2019011301004063,SDESI,45,7,10,605.00,"6,050.00"
2019-01-13,2019011301004057,SDESI,22,41,17,598.00,"10,166.00"
2019-01-13,2019011301004056,SDESI,48,41,100,598.00,"59,800.00"
2019-01-13,2019011301004055,SDESI,42,41,50,599.00,"29,950.00"
2019-01-13,2019011301004054,SDESI,20,41,20,599.00,"11,980.00"
2019-01-13,2019011301004287,SFFIL,6,42,300,224.00,"67,200.00"
2019-01-13,2019011301004225,SFFIL,58,49,88,228.00,"20,064.00"
2019-01-13,2019011301004327,SHPC,19,45,300,235.00,"70,500.00"
2019-01-13,2019011301004206,SHPC,41,45,100,235.00,"23,500.00"
2019-01-13,2019011301004078,SHPC,26,45,750,236.00,"177,000.00"
2019-01-13,2019011301004077,SHPC,26,29,900,236.00,"212,400.00"
2019-01-13,2019011301004076,SHPC,26,25,20,236.00,"4,720.00"
2019-01-13,2019011301004071,SHPC,41,11,100,235.00,"23,500.00"
2019-01-13,2019011301004003,SHPC,41,42,300,235.00,"70,500.00"
2019-01-13,2019011301004384,SICL,34,25,200,923.00,"184,600.00"
2019-01-13,2019011301004383,SICL,34,25,100,923.00,"92,300.00"
2019-01-13,2019011301004257,SIL,35,51,18,650.00,"11,700.00"
2019-01-13,2019011301004256,SIL,6,51,22,650.00,"14,300.00"
2019-01-13,2019011301004028,SKBBL,8,41,215,"1,055.00","226,825.00"
2019-01-13,2019011301004027,SKBBL,6,41,20,"1,057.00","21,140.00"
2019-01-13,2019011301004026,SKBBL,40,41,80,"1,058.00","84,640.00"
2019-01-13,2019011301004025,SKBBL,55,41,50,"1,060.00","53,000.00"
2019-01-13,2019011301004024,SKBBL,49,41,60,"1,060.00","63,600.00"
2019-01-13,2019011301004023,SKBBL,8,41,35,"1,060.00","37,100.00"
2019-01-13,2019011301004022,SKBBL,26,41,30,"1,060.00","31,800.00"
2019-01-13,2019011301004021,SKBBL,35,41,10,"1,065.00","10,650.00"
2019-01-13,2019011301004259,SLICL,58,39,63,555.00,"34,965.00"
2019-01-13,2019011301004258,SLICL,40,39,40,555.00,"22,200.00"
2019-01-13,2019011301004253,SLICL,21,39,50,556.00,"27,800.00"
2019-01-13,2019011301004252,SLICL,39,39,141,556.00,"78,396.00"
2019-01-13,2019011301004377,SMB,17,34,10,630.00,"6,300.00"
2019-01-13,2019011301004117,TRH,39,29,10,241.00,"2,410.00"
2019-01-13,2019011301004116,TRH,54,29,10,245.00,"2,450.00"
2019-01-13,2019011301004061,UMHL,7,43,10,122.00,"1,220.00"
2019-01-13,2019011301004444,UPPER,29,17,50,224.00,"11,200.00"
2019-01-13,2019011301004425,UPPER,29,6,50,224.00,"11,200.00"
2019-01-13,2019011301004424,UPPER,29,17,40,224.00,"8,960.00"
2019-01-13,2019011301004421,UPPER,29,17,50,224.00,"11,200.00"
2019-01-13,2019011301004416,UPPER,29,17,40,224.00,"8,960.00"
2019-01-13,2019011301004062,UPPER,29,22,50,224.00,"11,200.00"
2019-01-13,2019011301004059,UPPER,29,43,40,224.00,"8,960.00"
2019-01-13,2019011301004037,UPPER,29,42,40,224.00,"8,960.00"
2019-01-13,2019011301004031,UPPER,29,43,50,224.00,"11,200.00"
2019-01-13,2019011301004008,UPPER,29,42,40,224.00,"8,960.00"
2019-01-13,2019011301003990,UPPER,29,42,40,224.00,"8,960.00"
2019-01-13,2019011301004166,UPPER,29,49,50,224.00,"11,200.00"
2019-01-13,2019011301004158,UPPER,29,11,50,224.00,"11,200.00"
2019-01-13,2019011301004140,UPPER,29,42,40,224.00,"8,960.00"
2019-01-13,2019011301004128,UPPER,29,42,40,224.00,"8,960.00"
2019-01-13,2019011301004125,UPPER,29,42,50,224.00,"11,200.00"
2019-01-13,2019011301004103,UPPER,29,42,40,224.00,"8,960.00"
2019-01-13,2019011301004202,UPPER,29,11,40,224.00,"8,960.00"
2019-01-13,2019011301004198,UPPER,29,40,50,224.00,"11,200.00"
2019-01-13,2019011301004190,UPPER,29,11,40,224.00,"8,960.00"
2019-01-13,2019011301004180,UPPER,29,40,50,224.00,"11,200.00"
2019-01-13,2019011301004174,UPPER,29,11,40,224.00,"8,960.00"
2019-01-13,2019011301004168,UPPER,29,49,50,224.00,"11,200.00"
2019-01-13,2019011301004260,UPPER,29,21,50,224.00,"11,200.00"
2019-01-13,2019011301004254,UPPER,29,43,40,224.00,"8,960.00"
2019-01-13,2019011301004228,UPPER,29,43,50,224.00,"11,200.00"
2019-01-13,2019011301004218,UPPER,29,40,50,224.00,"11,200.00"
2019-01-13,2019011301004211,UPPER,29,17,40,224.00,"8,960.00"
2019-01-13,2019011301004207,UPPER,29,40,50,224.00,"11,200.00"
2019-01-13,2019011301004411,UPPER,29,17,40,224.00,"8,960.00"
2019-01-13,2019011301004410,UPPER,29,22,40,224.00,"8,960.00"
2019-01-13,2019011301004407,UPPER,29,17,40,224.00,"8,960.00"
2019-01-13,2019011301004404,UPPER,29,17,50,224.00,"11,200.00"
2019-01-13,2019011301004397,UPPER,29,20,50,224.00,"11,200.00"
2019-01-13,2019011301004281,UPPER,29,41,50,224.00,"11,200.00"
2019-01-13,2019011301004402,VLBS,17,1,54,694.00,"37,476.00"
2019-01-13,2019011301004386,VLBS,17,41,30,694.00,"20,820.00"
2019-01-13,2019011301004385,VLBS,46,41,50,695.00,"34,750.00"
2019-01-13,2019011301004328,VLBS,46,17,50,695.00,"34,750.00"
2019-01-13,2019011301003801,ADBL,32,36,200,349.00,"69,800.00"
2019-01-13,2019011301003699,AKJCL,45,25,20,90.00,"1,800.00"
2019-01-13,2019011301003676,AKJCL,45,25,10,90.00,900.00
2019-01-13,2019011301003662,AKJCL,45,25,20,90.00,"1,800.00"
2019-01-13,2019011301003653,AKJCL,47,25,20,90.00,"1,800.00"
2019-01-13,2019011301003634,AKJCL,47,25,10,90.00,900.00
2019-01-13,2019011301003625,AKJCL,47,25,10,90.00,900.00
2019-01-13,2019011301003618,AKJCL,43,25,10,91.00,910.00
2019-01-13,2019011301003602,AKJCL,43,25,10,91.00,910.00
2019-01-13,2019011301003809,AKPL,41,56,20,185.00,"3,700.00"
2019-01-13,2019011301003808,AKPL,41,46,12,184.00,"2,208.00"
2019-01-13,2019011301003534,AMFI,35,42,10,743.00,"7,430.00"
2019-01-13,2019011301003871,API,37,21,82,154.00,"12,628.00"
2019-01-13,2019011301003860,API,37,21,18,154.00,"2,772.00"
2019-01-13,2019011301003633,API,46,45,40,154.00,"6,160.00"
2019-01-13,2019011301003700,BHBL,4,29,16,139.00,"2,224.00"
2019-01-13,2019011301003966,BOKL,42,58,479,329.00,"157,591.00"
2019-01-13,2019011301003951,BOKL,41,8,628,328.00,"205,984.00"
2019-01-13,2019011301003930,BOKL,37,58,60,329.00,"19,740.00"
2019-01-13,2019011301003866,BOKL,45,58,220,329.00,"72,380.00"
2019-01-13,2019011301003865,BOKL,41,33,220,328.00,"72,160.00"
2019-01-13,2019011301003864,BOKL,44,33,50,328.00,"16,400.00"
2019-01-13,2019011301003484,BOKL,48,58,123,329.00,"40,467.00"
2019-01-13,2019011301003483,BOKL,48,58,27,329.00,"8,883.00"
2019-01-13,2019011301003523,BOKL,41,49,250,328.00,"82,000.00"
2019-01-13,2019011301003522,BOKL,47,49,36,328.00,"11,808.00"
2019-01-13,2019011301003493,BOKL,54,58,401,329.00,"131,929.00"
2019-01-13,2019011301003490,BOKL,54,42,50,329.00,"16,450.00"
2019-01-13,2019011301003489,BOKL,54,32,"1,000",329.00,"329,000.00"
2019-01-13,2019011301003488,BOKL,54,58,549,329.00,"180,621.00"
2019-01-13,2019011301003679,BOKL,35,32,186,328.00,"61,008.00"
2019-01-13,2019011301003640,BOKL,25,58,60,329.00,"19,740.00"
2019-01-13,2019011301003620,BOKL,49,58,200,329.00,"65,800.00"
2019-01-13,2019011301003564,BOKL,11,58,100,329.00,"32,900.00"
2019-01-13,2019011301003525,BOKL,35,49,514,328.00,"168,592.00"
2019-01-13,2019011301003524,BOKL,22,49,200,328.00,"65,600.00"
2019-01-13,2019011301003685,BOKL,45,32,100,328.00,"32,800.00"
2019-01-13,2019011301003684,BOKL,49,32,50,328.00,"16,400.00"
2019-01-13,2019011301003683,BOKL,46,32,60,328.00,"19,680.00"
2019-01-13,2019011301003682,BOKL,32,32,100,328.00,"32,800.00"
2019-01-13,2019011301003681,BOKL,7,32,200,328.00,"65,600.00"
2019-01-13,2019011301003680,BOKL,13,32,210,328.00,"68,880.00"
2019-01-13,2019011301003736,BOKL,6,58,"1,791",329.00,"589,239.00"
2019-01-13,2019011301003735,BOKL,6,58,209,329.00,"68,761.00"
2019-01-13,2019011301003718,BOKL,29,58,30,329.00,"9,870.00"
2019-01-13,2019011301003691,BOKL,28,49,334,328.00,"109,552.00"
2019-01-13,2019011301003690,BOKL,42,49,40,328.00,"13,120.00"
2019-01-13,2019011301003686,BOKL,49,32,94,328.00,"30,832.00"
2019-01-13,2019011301003863,BOKL,21,33,500,328.00,"164,000.00"
2019-01-13,2019011301003862,BOKL,28,33,140,328.00,"45,920.00"
2019-01-13,2019011301003861,BOKL,52,58,120,329.00,"39,480.00"
2019-01-13,2019011301003851,BOKL,50,58,20,329.00,"6,580.00"
2019-01-13,2019011301003827,BOKL,21,58,80,329.00,"26,320.00"
2019-01-13,2019011301003813,BOKL,28,40,226,328.00,"74,128.00"
2019-01-13,2019011301003931,BPCL,26,40,20,370.00,"7,400.00"
2019-01-13,2019011301003786,CBBL,46,20,15,845.00,"12,675.00"
2019-01-13,2019011301003785,CBBL,6,20,685,845.00,"578,825.00"
2019-01-13,2019011301003766,CBBL,6,50,150,845.00,"126,750.00"
2019-01-13,2019011301003741,CBBL,6,28,50,845.00,"42,250.00"
2019-01-13,2019011301003603,CBBL,6,37,100,845.00,"84,500.00"
2019-01-13,2019011301003492,CBBL,6,4,80,845.00,"67,600.00"
2019-01-13,2019011301003903,CBL,17,40,31,161.00,"4,991.00"
2019-01-13,2019011301003671,CBL,42,29,557,160.00,"89,120.00"
2019-01-13,2019011301003670,CBL,26,29,523,160.00,"83,680.00"
2019-01-13,2019011301003669,CBL,46,29,20,161.00,"3,220.00"
2019-01-13,2019011301003668,CBL,17,29,100,161.00,"16,100.00"
2019-01-13,2019011301003778,CCBL,22,21,82,170.00,"13,940.00"
2019-01-13,2019011301003880,CFCL,54,26,100,115.00,"11,500.00"
2019-01-13,2019011301003583,CHCL,45,41,176,541.00,"95,216.00"
2019-01-13,2019011301003582,CHCL,46,41,300,542.00,"162,600.00"
2019-01-13,2019011301003581,CHCL,49,41,99,545.00,"53,955.00"
2019-01-13,2019011301003875,CIT,1,33,85,"2,277.00","193,545.00"
2019-01-13,2019011301003874,CIT,6,33,50,"2,278.00","113,900.00"
2019-01-13,2019011301003824,CIT,6,40,100,"2,280.00","228,000.00"
2019-01-13,2019011301003823,CIT,6,32,50,"2,280.00","114,000.00"
2019-01-13,2019011301003726,CIT,16,48,80,"2,290.00","183,200.00"
2019-01-13,2019011301003725,CIT,16,41,20,"2,290.00","45,800.00"
2019-01-13,2019011301003661,CIT,48,41,30,"2,290.00","68,700.00"
2019-01-13,2019011301003660,CIT,48,41,100,"2,290.00","229,000.00"
2019-01-13,2019011301003659,CIT,48,29,50,"2,288.00","114,400.00"
2019-01-13,2019011301003537,CIT,6,34,19,"2,286.00","43,434.00"
2019-01-13,2019011301003505,CIT,49,34,50,"2,286.00","114,300.00"
2019-01-13,2019011301003541,CLBSL,34,11,10,670.00,"6,700.00"
2019-01-13,2019011301003540,CLBSL,34,28,140,670.00,"93,800.00"
2019-01-13,2019011301003939,CZBIL,17,5,489,216.00,"105,624.00"
2019-01-13,2019011301003838,CZBIL,28,20,226,215.00,"48,590.00"
2019-01-13,2019011301003795,CZBIL,28,54,100,215.00,"21,500.00"
2019-01-13,2019011301003519,CZBIL,28,52,"1,783",215.00,"383,345.00"
2019-01-13,2019011301003518,CZBIL,28,52,332,215.00,"71,380.00"
2019-01-13,2019011301003517,DBBL,32,52,300,127.00,"38,100.00"
2019-01-13,2019011301003739,DDBL,49,34,20,560.00,"11,200.00"
2019-01-13,2019011301003926,EBL,3,8,100,532.00,"53,200.00"
2019-01-13,2019011301003925,EBL,19,8,100,532.00,"53,200.00"
2019-01-13,2019011301003924,EBL,46,8,70,532.00,"37,240.00"
2019-01-13,2019011301003923,EBL,1,8,247,532.00,"131,404.00"
2019-01-13,2019011301003835,EBL,22,45,70,533.00,"37,310.00"
2019-01-13,2019011301003596,EBL,1,41,63,532.00,"33,516.00"
2019-01-13,2019011301003590,EBL,41,41,88,533.00,"46,904.00"
2019-01-13,2019011301003573,EBL,57,40,10,535.00,"5,350.00"
2019-01-13,2019011301003928,EIC,54,29,16,845.00,"13,520.00"
2019-01-13,2019011301003798,GBBL,56,33,"1,000",186.00,"186,000.00"
2019-01-13,2019011301003797,GBBL,32,33,315,186.00,"58,590.00"
2019-01-13,2019011301003784,GBBL,32,21,140,186.00,"26,040.00"
2019-01-13,2019011301003783,GBBL,50,21,34,187.00,"6,358.00"
2019-01-13,2019011301003658,GBBL,50,22,126,187.00,"23,562.00"
2019-01-13,2019011301003657,GBBL,50,52,340,187.00,"63,580.00"
2019-01-13,2019011301003485,GBBL,32,39,20,186.00,"3,720.00"
2019-01-13,2019011301003976,GBIME,56,46,970,270.00,"261,900.00"
2019-01-13,2019011301003830,GBIME,56,17,30,270.00,"8,100.00"
2019-01-13,2019011301003586,GBIME,56,44,500,270.00,"135,000.00"
2019-01-13,2019011301003678,GBLBS,19,29,10,424.00,"4,240.00"
2019-01-13,2019011301003840,GILB,22,58,11,"1,150.00","12,650.00"
2019-01-13,2019011301003832,GILB,22,37,10,"1,150.00","11,500.00"
2019-01-13,2019011301003796,GILB,22,21,19,"1,150.00","21,850.00"
2019-01-13,2019011301003580,GUFL,14,57,250,100.00,"25,000.00"
2019-01-13,2019011301003569,GUFL,53,57,200,102.00,"20,400.00"
2019-01-13,2019011301003566,GUFL,7,57,50,104.00,"5,200.00"
2019-01-13,2019011301003777,HGI,34,41,100,397.00,"39,700.00"
2019-01-13,2019011301003609,HGI,1,41,200,394.00,"78,800.00"
2019-01-13,2019011301003608,HGI,59,41,250,395.00,"98,750.00"
2019-01-13,2019011301003607,HGI,39,41,100,397.00,"39,700.00"
2019-01-13,2019011301003606,HGI,33,41,50,397.00,"19,850.00"
2019-01-13,2019011301003605,HGI,41,41,200,398.00,"79,600.00"
2019-01-13,2019011301003604,HGI,55,41,60,399.00,"23,940.00"
2019-01-13,2019011301003812,HIDCL,1,21,29,149.00,"4,321.00"
2019-01-13,2019011301003665,HIDCL,54,42,12,151.00,"1,812.00"
2019-01-13,2019011301003664,HIDCL,54,10,259,151.00,"39,109.00"
2019-01-13,2019011301003663,HIDCL,54,55,56,150.00,"8,400.00"
2019-01-13,2019011301003546,HPPL,22,48,500,184.00,"92,000.00"
2019-01-13,2019011301003545,HPPL,52,48,590,184.00,"108,560.00"
2019-01-13,2019011301003538,HPPL,52,42,20,184.00,"3,680.00"
2019-01-13,2019011301003612,IGI,52,57,10,455.00,"4,550.00"
2019-01-13,2019011301003611,IGI,45,57,150,455.00,"68,250.00"
2019-01-13,2019011301003911,IGI,26,57,110,455.00,"50,050.00"
2019-01-13,2019011301003904,JBNL,40,41,158,167.00,"26,386.00"
2019-01-13,2019011301003815,JBNL,40,21,20,167.00,"3,340.00"
2019-01-13,2019011301003703,JBNL,40,29,733,167.00,"122,411.00"
2019-01-13,2019011301003702,JBNL,57,29,75,167.00,"12,525.00"
2019-01-13,2019011301003701,JBNL,32,29,192,167.00,"32,064.00"
2019-01-13,2019011301003656,JBNL,32,40,58,167.00,"9,686.00"
2019-01-13,2019011301003595,JBNL,47,5,30,168.00,"5,040.00"
2019-01-13,2019011301003535,KBBL,49,35,200,213.00,"42,600.00"
2019-01-13,2019011301003532,KBBL,6,35,300,213.00,"63,900.00"
2019-01-13,2019011301003932,KBL,59,56,960,252.00,"241,920.00"
2019-01-13,2019011301003894,KBL,59,42,40,252.00,"10,080.00"
2019-01-13,2019011301003893,KBL,46,42,50,252.00,"12,600.00"
2019-01-13,2019011301003892,KBL,51,42,10,252.00,"2,520.00"
2019-01-13,2019011301003597,KBL,44,56,970,253.00,"245,410.00"
2019-01-13,2019011301003723,KEBL,52,28,45,200.00,"9,000.00"
2019-01-13,2019011301003722,KEBL,34,28,45,200.00,"9,000.00"
2019-01-13,2019011301003721,KEBL,44,28,100,201.00,"20,100.00"
2019-01-13,2019011301003499,KPCL,34,25,10,100.00,"1,000.00"
2019-01-13,2019011301003496,KPCL,34,25,10,100.00,"1,000.00"
2019-01-13,2019011301003531,KPCL,34,25,10,100.00,"1,000.00"
2019-01-13,2019011301003507,KPCL,34,25,10,100.00,"1,000.00"
2019-01-13,2019011301003549,KPCL,6,25,10,99.00,990.00
2019-01-13,2019011301003547,KPCL,6,25,10,99.00,990.00
2019-01-13,2019011301003543,KPCL,34,25,10,100.00,"1,000.00"
2019-01-13,2019011301003571,KPCL,6,25,10,99.00,990.00
2019-01-13,2019011301003567,KPCL,6,25,10,99.00,990.00
2019-01-13,2019011301003560,KPCL,6,25,10,99.00,990.00
2019-01-13,2019011301003550,KPCL,6,25,10,99.00,990.00
2019-01-13,2019011301003587,KPCL,6,25,10,99.00,990.00
2019-01-13,2019011301003733,LBBL,52,40,22,171.00,"3,762.00"
2019-01-13,2019011301003732,LBBL,49,40,22,171.00,"3,762.00"
2019-01-13,2019011301003920,LBL,11,7,156,218.00,"34,008.00"
2019-01-13,2019011301003794,LBL,25,16,500,218.00,"109,000.00"
2019-01-13,2019011301003793,LBL,50,16,500,218.00,"109,000.00"
2019-01-13,2019011301003792,LBL,54,16,300,218.00,"65,400.00"
2019-01-13,2019011301003791,LBL,13,16,300,218.00,"65,400.00"
2019-01-13,2019011301003790,LBL,8,16,300,218.00,"65,400.00"
2019-01-13,2019011301003789,LBL,11,16,230,218.00,"50,140.00"
2019-01-13,2019011301003643,LBL,11,40,270,218.00,"58,860.00"
2019-01-13,2019011301003642,LBL,19,40,100,218.00,"21,800.00"
2019-01-13,2019011301003641,LBL,43,40,30,219.00,"6,570.00"
2019-01-13,2019011301003768,LICN,59,39,17,"1,682.00","28,594.00"
2019-01-13,2019011301003929,MBL,39,41,100,206.00,"20,600.00"
2019-01-13,2019011301003654,MBL,17,16,150,207.00,"31,050.00"
2019-01-13,2019011301003504,MBL,57,16,200,206.00,"41,200.00"
2019-01-13,2019011301003503,MBL,8,16,"1,000",206.00,"206,000.00"
2019-01-13,2019011301003502,MBL,58,16,500,206.00,"103,000.00"
2019-01-13,2019011301003501,MBL,34,16,"1,000",206.00,"206,000.00"
2019-01-13,2019011301003500,MBL,6,16,162,206.00,"33,372.00"
2019-01-13,2019011301003960,MDB,49,14,432,291.00,"125,712.00"
2019-01-13,2019011301003959,MDB,17,14,24,293.00,"7,032.00"
2019-01-13,2019011301003938,MDB,17,14,110,293.00,"32,230.00"
2019-01-13,2019011301003933,MEGA,26,25,118,170.00,"20,060.00"
2019-01-13,2019011301003908,MEGA,26,41,86,170.00,"14,620.00"
2019-01-13,2019011301003907,MEGA,41,41,92,170.00,"15,640.00"
2019-01-13,2019011301003906,MEGA,57,41,57,171.00,"9,747.00"
2019-01-13,2019011301003831,MEGA,57,21,121,171.00,"20,691.00"
2019-01-13,2019011301003800,MEGA,57,5,629,171.00,"107,559.00"
2019-01-13,2019011301003799,MEGA,57,39,193,171.00,"33,003.00"
2019-01-13,2019011301003714,MEGA,41,29,66,170.00,"11,220.00"
2019-01-13,2019011301003627,MEGA,21,39,250,171.00,"42,750.00"
2019-01-13,2019011301003912,MLBBL,47,40,38,913.00,"34,694.00"
2019-01-13,2019011301003927,MLBL,4,41,200,167.00,"33,400.00"
2019-01-13,2019011301003731,MLBL,4,29,146,167.00,"24,382.00"
2019-01-13,2019011301003730,MLBL,17,29,20,167.00,"3,340.00"
2019-01-13,2019011301003729,MLBL,13,29,200,168.00,"33,600.00"
2019-01-13,2019011301003728,MLBL,49,29,89,168.00,"14,952.00"
2019-01-13,2019011301003727,MLBL,26,29,45,169.00,"7,605.00"
2019-01-13,2019011301003677,MNBBL,20,41,100,343.00,"34,300.00"
2019-01-13,2019011301003624,MNBBL,20,41,41,343.00,"14,063.00"
2019-01-13,2019011301003623,MNBBL,45,41,50,343.00,"17,150.00"
2019-01-13,2019011301003622,MNBBL,38,41,100,343.00,"34,300.00"
2019-01-13,2019011301003848,NADEP,6,46,80,795.00,"63,600.00"
2019-01-13,2019011301003847,NADEP,6,14,10,794.00,"7,940.00"
2019-01-13,2019011301003846,NADEP,6,14,10,794.00,"7,940.00"
2019-01-13,2019011301003845,NADEP,6,14,10,794.00,"7,940.00"
2019-01-13,2019011301003844,NADEP,6,39,10,794.00,"7,940.00"
2019-01-13,2019011301003898,NBB,34,40,57,190.00,"10,830.00"
2019-01-13,2019011301003816,NBB,34,47,100,190.00,"19,000.00"
2019-01-13,2019011301003810,NBB,34,5,100,190.00,"19,000.00"
2019-01-13,2019011301003738,NBB,34,29,43,190.00,"8,170.00"
2019-01-13,2019011301003737,NBB,56,29,457,190.00,"86,830.00"
2019-01-13,2019011301003971,NBL,25,57,474,301.00,"142,674.00"
2019-01-13,2019011301003970,NBL,55,57,100,301.00,"30,100.00"
2019-01-13,2019011301003969,NBL,10,57,500,301.00,"150,500.00"
2019-01-13,2019011301003968,NBL,36,57,926,301.00,"278,726.00"
2019-01-13,2019011301003919,NBL,11,6,"1,000",302.00,"302,000.00"
2019-01-13,2019011301003814,NBL,42,6,40,302.00,"12,080.00"
2019-01-13,2019011301003574,NBL,58,58,31,302.00,"9,362.00"
2019-01-13,2019011301003486,NBL,58,32,50,302.00,"15,100.00"
2019-01-13,2019011301003692,NBL,58,6,131,302.00,"39,562.00"
2019-01-13,2019011301003579,NBL,58,58,69,302.00,"20,838.00"
2019-01-13,2019011301003578,NBL,57,58,200,302.00,"60,400.00"
2019-01-13,2019011301003577,NBL,50,58,100,302.00,"30,200.00"
2019-01-13,2019011301003576,NBL,49,58,500,302.00,"151,000.00"
2019-01-13,2019011301003575,NBL,29,58,100,302.00,"30,200.00"
2019-01-13,2019011301003704,NBL,48,6,50,302.00,"15,100.00"
2019-01-13,2019011301003697,NBL,6,6,"2,000",302.00,"604,000.00"
2019-01-13,2019011301003696,NBL,51,6,100,302.00,"30,200.00"
2019-01-13,2019011301003695,NBL,14,6,62,302.00,"18,724.00"
2019-01-13,2019011301003694,NBL,17,6,100,302.00,"30,200.00"
2019-01-13,2019011301003693,NBL,14,6,70,302.00,"21,140.00"
2019-01-13,2019011301003963,NCCB,49,5,500,219.00,"109,500.00"
2019-01-13,2019011301003958,NCCB,47,25,243,218.00,"52,974.00"
2019-01-13,2019011301003957,NCCB,29,25,500,218.00,"109,000.00"
2019-01-13,2019011301003956,NCCB,32,25,100,218.00,"21,800.00"
2019-01-13,2019011301003955,NCCB,25,25,100,218.00,"21,800.00"
2019-01-13,2019011301003954,NCCB,19,25,70,218.00,"15,260.00"
2019-01-13,2019011301003601,NCCB,39,28,600,219.00,"131,400.00"
2019-01-13,2019011301003600,NCCB,22,28,179,219.00,"39,201.00"
2019-01-13,2019011301003521,NCCB,22,50,"1,000",219.00,"219,000.00"
2019-01-13,2019011301003868,NCCB,48,48,50,218.00,"10,900.00"
2019-01-13,2019011301003852,NCCB,1,5,129,219.00,"28,251.00"
2019-01-13,2019011301003822,NCCB,1,1,200,219.00,"43,800.00"
2019-01-13,2019011301003788,NCCB,1,49,500,219.00,"109,500.00"
2019-01-13,2019011301003787,NCCB,1,28,171,219.00,"37,449.00"
2019-01-13,2019011301003675,NCCB,48,28,50,219.00,"10,950.00"
2019-01-13,2019011301003953,NCCB,33,25,150,218.00,"32,700.00"
2019-01-13,2019011301003935,NCCB,33,21,"1,350",218.00,"294,300.00"
2019-01-13,2019011301003934,NCCB,48,21,150,218.00,"32,700.00"
2019-01-13,2019011301003918,NCCB,48,41,300,218.00,"65,400.00"
2019-01-13,2019011301003872,NCCB,28,5,230,219.00,"50,370.00"
2019-01-13,2019011301003870,NCCB,48,5,50,219.00,"10,950.00"
2019-01-13,2019011301003842,NGPL,21,21,11,133.00,"1,463.00"
2019-01-13,2019011301003772,NHDL,59,16,10,122.00,"1,220.00"
2019-01-13,2019011301003891,NIB,58,25,27,546.00,"14,742.00"
2019-01-13,2019011301003890,NIB,33,25,10,546.00,"5,460.00"
2019-01-13,2019011301003889,NIB,45,25,100,547.00,"54,700.00"
2019-01-13,2019011301003888,NIB,17,25,163,547.00,"89,161.00"
2019-01-13,2019011301003850,NIB,17,21,37,547.00,"20,239.00"
2019-01-13,2019011301003834,NIB,26,5,16,548.00,"8,768.00"
2019-01-13,2019011301003687,NIB,58,5,50,548.00,"27,400.00"
2019-01-13,2019011301003895,NICA,44,58,"2,000",385.00,"770,000.00"
2019-01-13,2019011301003849,NICA,57,20,41,384.00,"15,744.00"
2019-01-13,2019011301003826,NICA,34,58,"1,480",385.00,"569,800.00"
2019-01-13,2019011301003720,NICA,56,58,500,385.00,"192,500.00"
2019-01-13,2019011301003719,NICA,3,58,20,385.00,"7,700.00"
2019-01-13,2019011301003710,NICA,21,35,100,386.00,"38,600.00"
2019-01-13,2019011301003553,NICA,54,57,10,385.00,"3,850.00"
2019-01-13,2019011301003552,NICA,49,57,91,385.00,"35,035.00"
2019-01-13,2019011301003551,NICA,59,57,500,385.00,"192,500.00"
2019-01-13,2019011301003520,NICA,59,55,500,385.00,"192,500.00"
2019-01-13,2019011301003709,NICA,21,35,100,386.00,"38,600.00"
2019-01-13,2019011301003707,NICA,34,35,500,386.00,"193,000.00"
2019-01-13,2019011301003570,NICA,35,35,30,386.00,"11,580.00"
2019-01-13,2019011301003558,NICA,11,35,500,386.00,"193,000.00"
2019-01-13,2019011301003555,NICA,3,57,180,385.00,"69,300.00"
2019-01-13,2019011301003554,NICA,56,57,700,385.00,"269,500.00"
2019-01-13,2019011301003515,NICL,22,20,630,553.00,"348,390.00"
2019-01-13,2019011301003508,NICL,32,20,100,558.00,"55,800.00"
2019-01-13,2019011301003514,NICL,7,20,200,553.00,"110,600.00"
2019-01-13,2019011301003513,NICL,6,20,200,554.00,"110,800.00"
2019-01-13,2019011301003512,NICL,52,20,100,554.00,"55,400.00"
2019-01-13,2019011301003511,NICL,56,20,70,554.00,"38,780.00"
2019-01-13,2019011301003510,NICL,53,20,50,555.00,"27,750.00"
2019-01-13,2019011301003509,NICL,34,20,150,556.00,"83,400.00"
2019-01-13,2019011301003636,NIL,45,41,447,529.00,"236,463.00"
2019-01-13,2019011301003635,NIL,41,41,444,530.00,"235,320.00"
2019-01-13,2019011301003616,NIL,41,41,56,530.00,"29,680.00"
2019-01-13,2019011301003615,NIL,59,41,44,530.00,"23,320.00"
2019-01-13,2019011301003667,NLBBL,41,41,40,464.00,"18,560.00"
2019-01-13,2019011301003666,NLBBL,32,41,10,465.00,"4,650.00"
2019-01-13,2019011301003843,NLG,18,48,105,860.00,"90,300.00"
2019-01-13,2019011301003949,NLIC,40,37,100,"1,098.00","109,800.00"
2019-01-13,2019011301003857,NLIC,34,21,17,"1,097.00","18,649.00"
2019-01-13,2019011301003775,NLIC,53,8,500,"1,098.00","549,000.00"
2019-01-13,2019011301003774,NLIC,33,8,500,"1,098.00","549,000.00"
2019-01-13,2019011301003771,NLIC,57,8,40,"1,100.00","44,000.00"
2019-01-13,2019011301003724,NLIC,57,35,150,"1,100.00","165,000.00"
2019-01-13,2019011301003610,NLIC,57,39,310,"1,100.00","341,000.00"
2019-01-13,2019011301003591,NLIC,34,39,139,"1,100.00","152,900.00"
2019-01-13,2019011301003588,NLIC,34,49,100,"1,100.00","110,000.00"
2019-01-13,2019011301003921,NLICL,45,45,6,704.00,"4,224.00"
2019-01-13,2019011301003833,NLICL,39,48,50,705.00,"35,250.00"
2019-01-13,2019011301003829,NLICL,22,16,19,700.00,"13,300.00"
2019-01-13,2019011301003828,NLICL,34,16,97,700.00,"67,900.00"
2019-01-13,2019011301003819,NLICL,34,16,103,700.00,"72,100.00"
2019-01-13,2019011301003818,NLICL,39,16,50,701.00,"35,050.00"
2019-01-13,2019011301003817,NLICL,53,16,50,701.00,"35,050.00"
2019-01-13,2019011301003807,NLICL,50,16,35,702.00,"24,570.00"
2019-01-13,2019011301003806,NLICL,13,16,50,702.00,"35,100.00"
2019-01-13,2019011301003805,NLICL,50,16,68,702.00,"47,736.00"
2019-01-13,2019011301003804,NLICL,16,16,50,703.00,"35,150.00"
2019-01-13,2019011301003614,NLICL,16,47,50,703.00,"35,150.00"
2019-01-13,2019011301003825,NMB,34,33,400,325.00,"130,000.00"
2019-01-13,2019011301003649,NMB,34,11,519,325.00,"168,675.00"
2019-01-13,2019011301003648,NMB,40,11,481,325.00,"156,325.00"
2019-01-13,2019011301003965,NMBMF,28,58,10,"1,110.00","11,100.00"
2019-01-13,2019011301003562,NSEWA,39,33,10,583.00,"5,830.00"
2019-01-13,2019011301003557,NSEWA,39,3,10,580.00,"5,800.00"
2019-01-13,2019011301003556,NSEWA,39,3,10,580.00,"5,800.00"
2019-01-13,2019011301003856,NTC,6,49,100,728.00,"72,800.00"
2019-01-13,2019011301003878,NUBL,40,25,53,760.00,"40,280.00"
2019-01-13,2019011301003859,NUBL,28,25,10,760.00,"7,600.00"
2019-01-13,2019011301003910,PCBL,41,26,110,331.00,"36,410.00"
2019-01-13,2019011301003708,PCBL,32,40,222,330.00,"73,260.00"
2019-01-13,2019011301003652,PCBL,32,16,100,330.00,"33,000.00"
2019-01-13,2019011301003651,PCBL,32,48,10,330.00,"3,300.00"
2019-01-13,2019011301003650,PCBL,32,50,13,330.00,"4,290.00"
2019-01-13,2019011301003769,PFL,19,29,12,135.00,"1,620.00"
2019-01-13,2019011301003922,PIC,48,48,1,"1,008.00","1,008.00"
2019-01-13,2019011301003698,PIC,53,43,1,"1,008.00","1,008.00"
2019-01-13,2019011301003559,PIC,53,43,1,"1,008.00","1,008.00"
2019-01-13,2019011301003480,PIC,54,45,11,"1,028.00","11,308.00"
2019-01-13,2019011301003479,PIC,54,17,20,"1,027.00","20,540.00"
2019-01-13,2019011301003478,PIC,54,55,11,"1,027.00","11,297.00"
2019-01-13,2019011301003477,PIC,54,32,11,"1,026.00","11,286.00"
2019-01-13,2019011301003884,PLIC,26,42,500,500.00,"250,000.00"
2019-01-13,2019011301003883,PLIC,26,58,20,499.00,"9,980.00"
2019-01-13,2019011301003882,PLIC,26,6,10,498.00,"4,980.00"
2019-01-13,2019011301003674,PLIC,58,40,51,493.00,"25,143.00"
2019-01-13,2019011301003673,PLIC,29,40,50,493.00,"24,650.00"
2019-01-13,2019011301003672,PLIC,33,40,230,493.00,"113,390.00"
2019-01-13,2019011301003585,PMHPL,10,38,10,113.00,"1,130.00"
2019-01-13,2019011301003584,PMHPL,10,58,10,113.00,"1,130.00"
2019-01-13,2019011301003568,PMHPL,6,42,10,112.00,"1,120.00"
2019-01-13,2019011301003544,PMHPL,6,42,10,112.00,"1,120.00"
2019-01-13,2019011301003897,PRVU,44,49,700,245.00,"171,500.00"
2019-01-13,2019011301003858,PRVU,44,38,"2,000",245.00,"490,000.00"
2019-01-13,2019011301003782,PRVU,44,42,350,245.00,"85,750.00"
2019-01-13,2019011301003773,PRVU,44,29,"1,000",245.00,"245,000.00"
2019-01-13,2019011301003770,PRVU,44,34,500,245.00,"122,500.00"
2019-01-13,2019011301003734,PRVU,44,33,242,245.00,"59,290.00"
2019-01-13,2019011301003713,PRVU,52,43,150,246.00,"36,900.00"
2019-01-13,2019011301003712,PRVU,52,59,50,246.00,"12,300.00"
2019-01-13,2019011301003689,PRVU,44,40,41,245.00,"10,045.00"
2019-01-13,2019011301003688,PRVU,17,40,159,245.00,"38,955.00"
2019-01-13,2019011301003563,PRVU,46,59,50,246.00,"12,300.00"
2019-01-13,2019011301003962,RBCL,42,54,100,"9,500.00","950,000.00"
2019-01-13,2019011301003975,RLFL,46,42,210,117.00,"24,570.00"
2019-01-13,2019011301003952,RMDC,17,21,41,545.00,"22,345.00"
2019-01-13,2019011301003905,RMDC,17,49,22,550.00,"12,100.00"
2019-01-13,2019011301003655,RMDC,17,41,100,550.00,"55,000.00"
2019-01-13,2019011301003902,RSDC,53,25,96,388.00,"37,248.00"
2019-01-13,2019011301003901,RSDC,48,25,50,388.00,"19,400.00"
2019-01-13,2019011301003498,RSDC,17,25,100,389.00,"38,900.00"
2019-01-13,2019011301003854,SADBL,59,29,55,135.00,"7,425.00"
2019-01-13,2019011301003853,SADBL,47,29,50,135.00,"6,750.00"
2019-01-13,2019011301003944,SANIMA,46,57,40,306.00,"12,240.00"
2019-01-13,2019011301003943,SANIMA,35,57,30,306.00,"9,180.00"
2019-01-13,2019011301003942,SANIMA,6,57,60,306.00,"18,360.00"
2019-01-13,2019011301003941,SANIMA,32,57,43,306.00,"13,158.00"
2019-01-13,2019011301003940,SANIMA,54,57,200,307.00,"61,400.00"
2019-01-13,2019011301003594,SANIMA,16,25,400,308.00,"123,200.00"
2019-01-13,2019011301003593,SANIMA,16,36,604,308.00,"186,032.00"
2019-01-13,2019011301003967,SBI,19,42,20,390.00,"7,800.00"
2019-01-13,2019011301003802,SBL,50,58,191,293.00,"55,963.00"
2019-01-13,2019011301003767,SBL,42,58,40,293.00,"11,720.00"
2019-01-13,2019011301003961,SCB,16,21,20,587.00,"11,740.00"
2019-01-13,2019011301003936,SCB,16,41,20,587.00,"11,740.00"
2019-01-13,2019011301003855,SCB,29,45,50,588.00,"29,400.00"
2019-01-13,2019011301003646,SCB,17,41,200,587.00,"117,400.00"
2019-01-13,2019011301003645,SCB,49,41,100,588.00,"58,800.00"
2019-01-13,2019011301003644,SCB,10,41,40,588.00,"23,520.00"
2019-01-13,2019011301003617,SCB,10,16,20,588.00,"11,760.00"
2019-01-13,2019011301003491,SCB,22,7,219,588.00,"128,772.00"
2019-01-13,2019011301003481,SCB,48,21,100,587.00,"58,700.00"
2019-01-13,2019011301003821,SCB,45,45,20,588.00,"11,760.00"
2019-01-13,2019011301003706,SCB,46,11,10,589.00,"5,890.00"
2019-01-13,2019011301003705,SCB,46,32,10,589.00,"5,890.00"
2019-01-13,2019011301003647,SCB,16,41,260,587.00,"152,620.00"
2019-01-13,2019011301003972,SDESI,41,7,13,605.00,"7,865.00"
2019-01-13,2019011301003869,SDESI,41,58,42,605.00,"25,410.00"
2019-01-13,2019011301003765,SDESI,41,58,65,605.00,"39,325.00"
2019-01-13,2019011301003764,SDESI,33,58,100,606.00,"60,600.00"
2019-01-13,2019011301003763,SDESI,35,58,14,606.00,"8,484.00"
2019-01-13,2019011301003762,SDESI,35,58,14,606.00,"8,484.00"
2019-01-13,2019011301003743,SDESI,14,58,14,608.00,"8,512.00"
2019-01-13,2019011301003749,SDESI,29,58,10,607.00,"6,070.00"
2019-01-13,2019011301003748,SDESI,29,58,10,607.00,"6,070.00"
2019-01-13,2019011301003747,SDESI,29,58,10,607.00,"6,070.00"
2019-01-13,2019011301003746,SDESI,29,58,10,607.00,"6,070.00"
2019-01-13,2019011301003745,SDESI,22,58,43,607.00,"26,101.00"
2019-01-13,2019011301003744,SDESI,22,58,100,608.00,"60,800.00"
2019-01-13,2019011301003755,SDESI,29,58,10,607.00,"6,070.00"
2019-01-13,2019011301003754,SDESI,29,58,10,607.00,"6,070.00"
2019-01-13,2019011301003753,SDESI,29,58,10,607.00,"6,070.00"
2019-01-13,2019011301003752,SDESI,29,58,10,607.00,"6,070.00"
2019-01-13,2019011301003751,SDESI,29,58,10,607.00,"6,070.00"
2019-01-13,2019011301003750,SDESI,29,58,10,607.00,"6,070.00"
2019-01-13,2019011301003761,SDESI,6,58,10,607.00,"6,070.00"
2019-01-13,2019011301003760,SDESI,38,58,50,607.00,"30,350.00"
2019-01-13,2019011301003759,SDESI,29,58,10,607.00,"6,070.00"
2019-01-13,2019011301003758,SDESI,29,58,10,607.00,"6,070.00"
2019-01-13,2019011301003757,SDESI,29,58,10,607.00,"6,070.00"
2019-01-13,2019011301003756,SDESI,29,58,10,607.00,"6,070.00"
2019-01-13,2019011301003776,SFFIL,58,49,12,224.00,"2,688.00"
2019-01-13,2019011301003716,SHL,19,52,260,203.00,"52,780.00"
2019-01-13,2019011301003715,SHL,57,52,373,203.00,"75,719.00"
2019-01-13,2019011301003530,SHL,57,48,127,203.00,"25,781.00"
2019-01-13,2019011301003529,SHL,57,7,100,203.00,"20,300.00"
2019-01-13,2019011301003528,SHL,57,7,100,203.00,"20,300.00"
2019-01-13,2019011301003632,SICL,34,26,50,926.00,"46,300.00"
2019-01-13,2019011301003631,SICL,34,26,50,926.00,"46,300.00"
2019-01-13,2019011301003630,SICL,34,26,15,926.00,"13,890.00"
2019-01-13,2019011301003629,SICL,52,26,80,927.00,"74,160.00"
2019-01-13,2019011301003628,SICL,17,26,100,928.00,"92,800.00"
2019-01-13,2019011301003536,SICL,6,6,50,930.00,"46,500.00"
2019-01-13,2019011301003638,SIL,6,41,28,650.00,"18,200.00"
2019-01-13,2019011301003637,SIL,55,41,40,652.00,"26,080.00"
2019-01-13,2019011301003494,SIL,55,58,20,652.00,"13,040.00"
2019-01-13,2019011301003711,SKBBL,26,41,32,"1,060.00","33,920.00"
2019-01-13,2019011301003917,SLBBL,26,25,69,535.00,"36,915.00"
2019-01-13,2019011301003916,SLBBL,6,25,30,535.00,"16,050.00"
2019-01-13,2019011301003915,SLBBL,58,25,75,535.00,"40,125.00"
2019-01-13,2019011301003914,SLBBL,54,25,30,536.00,"16,080.00"
2019-01-13,2019011301003913,SLBBL,25,25,80,536.00,"42,880.00"
2019-01-13,2019011301003619,SLBS,42,40,11,"1,021.00","11,231.00"
2019-01-13,2019011301003613,SLICL,39,40,153,556.00,"85,068.00"
2019-01-13,2019011301003621,SMB,17,7,10,635.00,"6,350.00"
2019-01-13,2019011301003839,SRBL,48,48,131,214.00,"28,034.00"
2019-01-13,2019011301003811,SRBL,33,29,31,214.00,"6,634.00"
2019-01-13,2019011301003781,SRBL,32,29,170,214.00,"36,380.00"
2019-01-13,2019011301003780,SRBL,17,29,107,214.00,"22,898.00"
2019-01-13,2019011301003779,SRBL,55,29,10,214.00,"2,140.00"
2019-01-13,2019011301003740,SRBL,46,16,20,215.00,"4,300.00"
2019-01-13,2019011301003626,SRBL,55,40,300,214.00,"64,200.00"
2019-01-13,2019011301003506,SRBL,33,8,417,215.00,"89,655.00"
2019-01-13,2019011301003948,UIC,5,50,200,774.00,"154,800.00"
2019-01-13,2019011301003947,UIC,6,50,50,774.00,"38,700.00"
2019-01-13,2019011301003946,UIC,39,50,10,774.00,"7,740.00"
2019-01-13,2019011301003945,UIC,43,50,50,775.00,"38,750.00"
2019-01-13,2019011301003837,UIC,43,29,50,775.00,"38,750.00"
2019-01-13,2019011301003974,UMHL,43,25,10,121.00,"1,210.00"
2019-01-13,2019011301003973,UMHL,45,25,10,121.00,"1,210.00"
2019-01-13,2019011301003964,UPPER,29,17,40,224.00,"8,960.00"
2019-01-13,2019011301003950,UPPER,29,41,50,224.00,"11,200.00"
2019-01-13,2019011301003497,UPPER,58,57,50,224.00,"11,200.00"
2019-01-13,2019011301003495,UPPER,58,57,50,224.00,"11,200.00"
2019-01-13,2019011301003487,UPPER,58,17,40,224.00,"8,960.00"
2019-01-13,2019011301003482,UPPER,58,57,40,224.00,"8,960.00"
2019-01-13,2019011301003533,UPPER,58,40,50,224.00,"11,200.00"
2019-01-13,2019011301003527,UPPER,58,7,50,224.00,"11,200.00"
2019-01-13,2019011301003526,UPPER,58,40,50,224.00,"11,200.00"
2019-01-13,2019011301003516,UPPER,58,40,50,224.00,"11,200.00"
2019-01-13,2019011301003548,UPPER,58,40,40,224.00,"8,960.00"
2019-01-13,2019011301003542,UPPER,58,40,40,224.00,"8,960.00"
2019-01-13,2019011301003539,UPPER,58,7,50,224.00,"11,200.00"
2019-01-13,2019011301003565,UPPER,58,40,50,224.00,"11,200.00"
2019-01-13,2019011301003561,UPPER,58,22,40,224.00,"8,960.00"
2019-01-13,2019011301003599,UPPER,58,40,50,224.00,"11,200.00"
2019-01-13,2019011301003598,UPPER,58,45,50,224.00,"11,200.00"
2019-01-13,2019011301003592,UPPER,58,7,40,224.00,"8,960.00"
2019-01-13,2019011301003589,UPPER,58,40,40,224.00,"8,960.00"
2019-01-13,2019011301003572,UPPER,58,40,40,224.00,"8,960.00"
2019-01-13,2019011301003803,UPPER,58,7,40,224.00,"8,960.00"
2019-01-13,2019011301003742,UPPER,58,41,40,224.00,"8,960.00"
2019-01-13,2019011301003717,UPPER,58,45,50,224.00,"11,200.00"
2019-01-13,2019011301003639,UPPER,58,7,40,224.00,"8,960.00"
2019-01-13,2019011301003876,UPPER,58,28,40,224.00,"8,960.00"
2019-01-13,2019011301003873,UPPER,58,34,50,224.00,"11,200.00"
2019-01-13,2019011301003867,UPPER,58,42,40,224.00,"8,960.00"
2019-01-13,2019011301003841,UPPER,58,42,50,224.00,"11,200.00"
2019-01-13,2019011301003836,UPPER,58,35,40,224.00,"8,960.00"
2019-01-13,2019011301003820,UPPER,58,7,50,224.00,"11,200.00"
2019-01-13,2019011301003887,UPPER,58,34,20,224.00,"4,480.00"
2019-01-13,2019011301003886,UPPER,58,34,30,224.00,"6,720.00"
2019-01-13,2019011301003885,UPPER,58,34,50,224.00,"11,200.00"
2019-01-13,2019011301003881,UPPER,58,17,50,224.00,"11,200.00"
2019-01-13,2019011301003879,UPPER,58,34,50,224.00,"11,200.00"
2019-01-13,2019011301003877,UPPER,58,34,40,224.00,"8,960.00"
2019-01-13,2019011301003909,UPPER,29,17,40,224.00,"8,960.00"
2019-01-13,2019011301003900,UPPER,29,17,10,224.00,"2,240.00"
2019-01-13,2019011301003899,UPPER,58,17,30,224.00,"6,720.00"
2019-01-13,2019011301003896,UPPER,58,34,50,224.00,"11,200.00"
2019-01-13,2019011301003339,ADBL,49,4,100,348.00,"34,800.00"
2019-01-13,2019011301003063,ADBL,1,33,80,350.00,"28,000.00"
2019-01-13,2019011301002991,ADBL,25,33,62,350.00,"21,700.00"
2019-01-13,2019011301002990,ADBL,25,45,88,350.00,"30,800.00"
2019-01-13,2019011301003375,AKJCL,11,41,20,92.00,"1,840.00"
2019-01-13,2019011301003432,API,39,58,42,152.00,"6,384.00"
2019-01-13,2019011301003460,BOKL,38,58,53,329.00,"17,437.00"
2019-01-13,2019011301003453,BOKL,21,58,100,329.00,"32,900.00"
2019-01-13,2019011301003447,BOKL,21,58,100,329.00,"32,900.00"
2019-01-13,2019011301003440,BOKL,40,58,720,329.00,"236,880.00"
2019-01-13,2019011301003439,BOKL,40,58,280,329.00,"92,120.00"
2019-01-13,2019011301003430,BOKL,47,58,14,328.00,"4,592.00"
2019-01-13,2019011301003068,BOKL,26,22,100,329.00,"32,900.00"
2019-01-13,2019011301003037,BOKL,57,7,52,330.00,"17,160.00"
2019-01-13,2019011301003036,BOKL,57,32,148,330.00,"48,840.00"
2019-01-13,2019011301002989,BOKL,39,28,96,329.00,"31,584.00"
2019-01-13,2019011301003197,BOKL,59,7,798,330.00,"263,340.00"
2019-01-13,2019011301003192,BOKL,16,7,50,330.00,"16,500.00"
2019-01-13,2019011301003118,BOKL,7,25,99,328.00,"32,472.00"
2019-01-13,2019011301003117,BOKL,45,25,10,328.00,"3,280.00"
2019-01-13,2019011301003116,BOKL,33,25,341,328.00,"111,848.00"
2019-01-13,2019011301003115,BOKL,48,25,50,329.00,"16,450.00"
2019-01-13,2019011301003333,BOKL,1,58,200,329.00,"65,800.00"
2019-01-13,2019011301003232,BOKL,52,58,100,329.00,"32,900.00"
2019-01-13,2019011301003220,BOKL,21,19,70,330.00,"23,100.00"
2019-01-13,2019011301003211,BOKL,26,38,"1,000",329.00,"329,000.00"
2019-01-13,2019011301003210,BOKL,49,38,50,329.00,"16,450.00"
2019-01-13,2019011301003198,BOKL,59,19,202,330.00,"66,660.00"
2019-01-13,2019011301003404,BOKL,1,58,20,329.00,"6,580.00"
2019-01-13,2019011301003371,BOKL,32,58,685,329.00,"225,365.00"
2019-01-13,2019011301003369,BOKL,49,58,15,329.00,"4,935.00"
2019-01-13,2019011301003368,BOKL,49,58,185,329.00,"60,865.00"
2019-01-13,2019011301003360,BOKL,6,58,500,329.00,"164,500.00"
2019-01-13,2019011301003349,BOKL,1,58,15,329.00,"4,935.00"
2019-01-13,2019011301003417,BPCL,14,42,140,370.00,"51,800.00"
2019-01-13,2019011301003219,BPCL,13,42,80,370.00,"29,600.00"
2019-01-13,2019011301003181,BPCL,13,25,10,370.00,"3,700.00"
2019-01-13,2019011301003169,BPCL,13,25,10,370.00,"3,700.00"
2019-01-13,2019011301003444,CBBL,6,52,50,845.00,"42,250.00"
2019-01-13,2019011301003385,CBBL,35,50,290,847.00,"245,630.00"
2019-01-13,2019011301003365,CBBL,35,49,80,847.00,"67,760.00"
2019-01-13,2019011301003302,CBBL,35,17,130,847.00,"110,110.00"
2019-01-13,2019011301003275,CBBL,59,34,400,849.00,"339,600.00"
2019-01-13,2019011301003176,CBBL,59,45,100,849.00,"84,900.00"
2019-01-13,2019011301003175,CBBL,19,45,100,849.00,"84,900.00"
2019-01-13,2019011301003471,CBL,26,39,220,160.00,"35,200.00"
2019-01-13,2019011301003399,CBL,49,13,400,161.00,"64,400.00"
2019-01-13,2019011301003398,CBL,49,5,"1,087",161.00,"175,007.00"
2019-01-13,2019011301003383,CBL,13,5,20,161.00,"3,220.00"
2019-01-13,2019011301003351,CBL,13,5,50,161.00,"8,050.00"
2019-01-13,2019011301003070,CBL,26,28,57,160.00,"9,120.00"
2019-01-13,2019011301003069,CBL,28,5,90,161.00,"14,490.00"
2019-01-13,2019011301003334,CCBL,1,36,27,171.00,"4,617.00"
2019-01-13,2019011301003322,CCBL,44,36,100,171.00,"17,100.00"
2019-01-13,2019011301003321,CCBL,10,36,65,171.00,"11,115.00"
2019-01-13,2019011301003320,CCBL,42,36,50,171.00,"8,550.00"
2019-01-13,2019011301003099,CCBL,42,47,701,171.00,"119,871.00"
2019-01-13,2019011301003097,CCBL,10,47,50,171.00,"8,550.00"
2019-01-13,2019011301003071,CCBL,22,36,49,170.00,"8,330.00"
2019-01-13,2019011301003038,CCBL,36,47,49,171.00,"8,379.00"
2019-01-13,2019011301002996,CCBL,28,47,100,171.00,"17,100.00"
2019-01-13,2019011301003421,CFCL,1,29,48,117.00,"5,616.00"
2019-01-13,2019011301003420,CFCL,1,36,10,117.00,"1,170.00"
2019-01-13,2019011301003364,CHCL,45,50,50,546.00,"27,300.00"
2019-01-13,2019011301003357,CHCL,33,21,100,545.00,"54,500.00"
2019-01-13,2019011301003212,CHCL,49,46,221,545.00,"120,445.00"
2019-01-13,2019011301003165,CHCL,13,50,50,546.00,"27,300.00"
2019-01-13,2019011301003128,CHCL,49,41,40,545.00,"21,800.00"
2019-01-13,2019011301003127,CHCL,45,41,50,545.00,"27,250.00"
2019-01-13,2019011301003126,CHCL,10,41,30,545.00,"16,350.00"
2019-01-13,2019011301003261,CHL,13,47,30,103.00,"3,090.00"
2019-01-13,2019011301003279,CIT,16,5,649,"2,273.00","1,475,177.00"
2019-01-13,2019011301003278,CIT,49,5,28,"2,280.00","63,840.00"
2019-01-13,2019011301003273,CIT,49,38,250,"2,280.00","570,000.00"
2019-01-13,2019011301003272,CIT,49,45,22,"2,275.00","50,050.00"
2019-01-13,2019011301003145,CIT,22,17,53,"2,272.00","120,416.00"
2019-01-13,2019011301003425,CLBSL,58,20,10,660.00,"6,600.00"
2019-01-13,2019011301003343,CZBIL,28,35,"1,668",215.00,"358,620.00"
2019-01-13,2019011301003335,CZBIL,28,35,24,215.00,"5,160.00"
2019-01-13,2019011301003331,CZBIL,28,49,10,215.00,"2,150.00"
2019-01-13,2019011301003286,CZBIL,28,57,564,215.00,"121,260.00"
2019-01-13,2019011301003264,CZBIL,28,52,402,215.00,"86,430.00"
2019-01-13,2019011301003263,CZBIL,28,52,598,215.00,"128,570.00"
2019-01-13,2019011301002986,CZBIL,57,44,476,215.00,"102,340.00"
2019-01-13,2019011301002985,CZBIL,57,52,524,215.00,"112,660.00"
2019-01-13,2019011301003157,CZBIL,28,44,185,215.00,"39,775.00"
2019-01-13,2019011301003100,CZBIL,28,25,207,215.00,"44,505.00"
2019-01-13,2019011301003080,CZBIL,28,26,10,215.00,"2,150.00"
2019-01-13,2019011301003079,CZBIL,28,45,200,215.00,"43,000.00"
2019-01-13,2019011301003067,CZBIL,36,36,232,215.00,"49,880.00"
2019-01-13,2019011301002987,CZBIL,28,44,"1,000",215.00,"215,000.00"
2019-01-13,2019011301003159,DBBL,32,52,49,127.00,"6,223.00"
2019-01-13,2019011301003381,DDBL,19,47,48,559.00,"26,832.00"
2019-01-13,2019011301003216,DDBL,14,44,50,565.00,"28,250.00"
2019-01-13,2019011301003215,DDBL,6,44,50,565.00,"28,250.00"
2019-01-13,2019011301003433,EBL,41,58,12,533.00,"6,396.00"
2019-01-13,2019011301003380,EBL,57,28,10,534.00,"5,340.00"
2019-01-13,2019011301003372,EBL,32,28,30,534.00,"16,020.00"
2019-01-13,2019011301003184,EBL,32,40,50,534.00,"26,700.00"
2019-01-13,2019011301003113,EBL,1,49,90,532.00,"47,880.00"
2019-01-13,2019011301003112,EBL,52,49,100,532.00,"53,200.00"
2019-01-13,2019011301003111,EBL,13,49,60,533.00,"31,980.00"
2019-01-13,2019011301003144,EDBL,54,26,30,282.00,"8,460.00"
2019-01-13,2019011301003107,FMDBL,43,14,50,373.00,"18,650.00"
2019-01-13,2019011301003106,FMDBL,40,14,150,373.00,"55,950.00"
2019-01-13,2019011301003105,FMDBL,19,14,18,373.00,"6,714.00"
2019-01-13,2019011301003104,FMDBL,1,14,137,374.00,"51,238.00"
2019-01-13,2019011301003103,FMDBL,17,14,10,374.00,"3,740.00"
2019-01-13,2019011301003102,FMDBL,47,14,25,375.00,"9,375.00"
2019-01-13,2019011301003101,FMDBL,39,14,25,375.00,"9,375.00"
2019-01-13,2019011301003337,FOWAD,56,34,39,"1,480.00","57,720.00"
2019-01-13,2019011301003332,GBBL,32,1,25,186.00,"4,650.00"
2019-01-13,2019011301003206,GBBL,13,52,150,187.00,"28,050.00"
2019-01-13,2019011301003200,GBBL,22,33,20,188.00,"3,760.00"
2019-01-13,2019011301003388,GBIME,26,42,23,269.00,"6,187.00"
2019-01-13,2019011301003387,GBIME,26,42,27,269.00,"7,263.00"
2019-01-13,2019011301003386,GBIME,22,42,50,270.00,"13,500.00"
2019-01-13,2019011301003227,GBIME,26,52,973,269.00,"261,737.00"
2019-01-13,2019011301003226,GBIME,6,52,10,269.00,"2,690.00"
2019-01-13,2019011301003300,GBLBS,20,6,100,425.00,"42,500.00"
2019-01-13,2019011301003299,GBLBS,58,6,20,425.00,"8,500.00"
2019-01-13,2019011301003298,GBLBS,13,6,40,426.00,"17,040.00"
2019-01-13,2019011301003297,GBLBS,26,6,90,426.00,"38,340.00"
2019-01-13,2019011301003391,GDBL,14,34,50,188.00,"9,400.00"
2019-01-13,2019011301003390,GDBL,45,34,10,188.00,"1,880.00"
