Date,Transact. No.,Symbol,Buyer,Seller,Quantity,Rate,Amount
2020-08-03,2020080301016611,ADBL,33,4,10,411.00,"4,110.00"
2020-08-03,2020080301016566,ADBL,14,4,20,411.00,"8,220.00"
2020-08-03,2020080301016561,ADBL,11,4,50,411.00,"20,550.00"
2020-08-03,2020080301016301,ADBL,44,4,90,412.00,"37,080.00"
2020-08-03,2020080301016286,ADBL,46,4,14,412.00,"5,768.00"
2020-08-03,2020080301016251,ADBL,46,14,200,412.00,"82,400.00"
2020-08-03,2020080301016250,ADBL,46,57,59,412.00,"24,308.00"
2020-08-03,2020080301016249,ADBL,46,41,85,412.00,"35,020.00"
2020-08-03,2020080301016248,ADBL,46,47,42,412.00,"17,304.00"
2020-08-03,2020080301016205,ADBL,11,47,14,412.00,"5,768.00"
2020-08-03,2020080301016204,ADBL,11,48,46,412.00,"18,952.00"
2020-08-03,2020080301016634,AIL,47,46,10,352.00,"3,520.00"
2020-08-03,2020080301016361,ALBSL,25,59,11,697.00,"7,667.00"
2020-08-03,2020080301016206,ALBSL,33,42,50,700.00,"35,000.00"
2020-08-03,2020080301016662,ALICL,34,6,10,624.00,"6,240.00"
2020-08-03,2020080301016414,ALICL,16,8,29,620.00,"17,980.00"
2020-08-03,2020080301016615,API,40,49,30,107.00,"3,210.00"
2020-08-03,2020080301016597,API,25,57,20,108.00,"2,160.00"
2020-08-03,2020080301016455,API,40,22,500,107.00,"53,500.00"
2020-08-03,2020080301016437,API,40,6,500,107.00,"53,500.00"
2020-08-03,2020080301016292,API,25,22,16,108.00,"1,728.00"
2020-08-03,2020080301016261,BARUN,47,46,100,86.00,"8,600.00"
2020-08-03,2020080301016569,BFC,38,8,10,99.00,990.00
2020-08-03,2020080301016445,BFC,54,8,100,100.00,"10,000.00"
2020-08-03,2020080301016365,BFC,8,51,275,102.00,"28,050.00"
2020-08-03,2020080301016364,BFC,8,10,313,102.00,"31,926.00"
2020-08-03,2020080301016363,BFC,8,19,500,101.00,"50,500.00"
2020-08-03,2020080301016637,CBBL,4,40,250,"1,061.00","265,250.00"
2020-08-03,2020080301016339,CBBL,4,5,35,"1,061.00","37,135.00"
2020-08-03,2020080301016618,CBL,35,29,20,146.00,"2,920.00"
2020-08-03,2020080301016572,CBL,28,29,589,146.00,"85,994.00"
2020-08-03,2020080301016482,CBL,28,32,61,146.00,"8,906.00"
2020-08-03,2020080301016475,CBL,6,32,589,146.00,"85,994.00"
2020-08-03,2020080301016370,CBL,6,32,"1,000",146.00,"146,000.00"
2020-08-03,2020080301016369,CBL,6,29,711,146.00,"103,806.00"
2020-08-03,2020080301016315,CBL,44,29,99,146.00,"14,454.00"
2020-08-03,2020080301016296,CBL,43,29,10,146.00,"1,460.00"
2020-08-03,2020080301016653,CCBL,4,49,121,175.00,"21,175.00"
2020-08-03,2020080301016649,CCBL,4,37,"1,300",175.00,"227,500.00"
2020-08-03,2020080301016178,CCBL,4,37,"1,000",175.00,"175,000.00"
2020-08-03,2020080301016325,CHCL,1,25,303,382.00,"115,746.00"
2020-08-03,2020080301016324,CHCL,1,34,100,382.00,"38,200.00"
2020-08-03,2020080301016323,CHCL,1,6,100,382.00,"38,200.00"
2020-08-03,2020080301016362,CHL,51,14,40,88.00,"3,520.00"
2020-08-03,2020080301016388,CIT,14,26,20,"2,505.00","50,100.00"
2020-08-03,2020080301016387,CIT,14,41,10,"2,504.00","25,040.00"
2020-08-03,2020080301016386,CIT,14,5,20,"2,503.00","50,060.00"
2020-08-03,2020080301016547,CZBIL,41,36,500,197.00,"98,500.00"
2020-08-03,2020080301016415,CZBIL,47,36,50,197.00,"9,850.00"
2020-08-03,2020080301016409,CZBIL,4,50,581,195.00,"113,295.00"
2020-08-03,2020080301016408,CZBIL,54,50,250,196.00,"49,000.00"
2020-08-03,2020080301016407,CZBIL,22,50,100,196.00,"19,600.00"
2020-08-03,2020080301016406,CZBIL,41,50,69,196.00,"13,524.00"
2020-08-03,2020080301016260,CZBIL,10,36,150,197.00,"29,550.00"
2020-08-03,2020080301016471,DDBL,4,14,83,845.00,"70,135.00"
2020-08-03,2020080301016470,DDBL,35,14,17,846.00,"14,382.00"
2020-08-03,2020080301016358,DDBL,35,51,33,846.00,"27,918.00"
2020-08-03,2020080301016347,DDBL,4,17,60,845.00,"50,700.00"
2020-08-03,2020080301016319,DDBL,4,8,40,845.00,"33,800.00"
2020-08-03,2020080301016307,DDBL,4,39,120,845.00,"101,400.00"
2020-08-03,2020080301016619,EBL,44,40,50,734.00,"36,700.00"
2020-08-03,2020080301016607,EBL,40,38,180,730.00,"131,400.00"
2020-08-03,2020080301016606,EBL,16,38,100,730.00,"73,000.00"
2020-08-03,2020080301016605,EBL,11,38,20,730.00,"14,600.00"
2020-08-03,2020080301016604,EBL,57,38,517,731.00,"377,927.00"
2020-08-03,2020080301016262,EBL,51,4,50,732.00,"36,600.00"
2020-08-03,2020080301016587,EBL,57,41,83,731.00,"60,673.00"
2020-08-03,2020080301016586,EBL,42,41,17,731.00,"12,427.00"
2020-08-03,2020080301016524,EBL,13,16,502,732.00,"367,464.00"
2020-08-03,2020080301016523,EBL,13,4,211,732.00,"154,452.00"
2020-08-03,2020080301016410,EBL,42,49,10,731.00,"7,310.00"
2020-08-03,2020080301016390,EBL,53,4,100,732.00,"73,200.00"
2020-08-03,2020080301016640,EDBL,34,32,100,318.00,"31,800.00"
2020-08-03,2020080301016237,EDBL,5,26,100,318.00,"31,800.00"
2020-08-03,2020080301016236,EDBL,29,26,150,318.00,"47,700.00"
2020-08-03,2020080301016440,FMDBL,38,34,20,518.00,"10,360.00"
2020-08-03,2020080301016201,FMDBL,34,34,20,518.00,"10,360.00"
2020-08-03,2020080301016497,GBBL,21,44,300,233.00,"69,900.00"
2020-08-03,2020080301016564,GBIME,8,42,500,251.00,"125,500.00"
2020-08-03,2020080301016515,GBIME,8,28,481,251.00,"120,731.00"
2020-08-03,2020080301016448,GBIME,38,28,100,251.00,"25,100.00"
2020-08-03,2020080301016442,GBIME,28,28,160,251.00,"40,160.00"
2020-08-03,2020080301016432,GBIME,22,28,20,251.00,"5,020.00"
2020-08-03,2020080301016430,GBIME,40,28,200,251.00,"50,200.00"
2020-08-03,2020080301016243,GBIME,11,42,199,250.00,"49,750.00"
2020-08-03,2020080301016242,GBIME,58,42,100,250.00,"25,000.00"
2020-08-03,2020080301016241,GBIME,42,42,10,250.00,"2,500.00"
2020-08-03,2020080301016240,GBIME,49,42,191,250.00,"47,750.00"
2020-08-03,2020080301016239,GBIME,58,52,60,251.00,"15,060.00"
2020-08-03,2020080301016169,GBIME,33,52,200,251.00,"50,200.00"
2020-08-03,2020080301016366,GBIME,6,28,500,251.00,"125,500.00"
2020-08-03,2020080301016321,GBIME,6,28,200,251.00,"50,200.00"
2020-08-03,2020080301016303,GBIME,19,28,200,251.00,"50,200.00"
2020-08-03,2020080301016257,GBIME,11,52,100,250.00,"25,000.00"
2020-08-03,2020080301016256,GBIME,44,28,139,251.00,"34,889.00"
2020-08-03,2020080301016255,GBIME,44,52,61,251.00,"15,311.00"
2020-08-03,2020080301016574,GBLBS,16,51,10,488.00,"4,880.00"
2020-08-03,2020080301016571,GGBSL,38,38,10,814.00,"8,140.00"
2020-08-03,2020080301016441,GGBSL,38,57,10,814.00,"8,140.00"
2020-08-03,2020080301016412,GGBSL,47,38,60,806.00,"48,360.00"
2020-08-03,2020080301016628,GILB,35,38,10,"1,205.00","12,050.00"
2020-08-03,2020080301016647,GLBSL,43,41,10,875.00,"8,750.00"
2020-08-03,2020080301016620,GLBSL,6,41,10,875.00,"8,750.00"
2020-08-03,2020080301016600,GLBSL,32,46,20,869.00,"17,380.00"
2020-08-03,2020080301016202,GLBSL,43,22,50,874.00,"43,700.00"
2020-08-03,2020080301016318,GLICL,21,48,40,454.00,"18,160.00"
2020-08-03,2020080301016438,GMFBS,1,1,10,810.00,"8,100.00"
2020-08-03,2020080301016487,GRDBL,34,19,150,114.00,"17,100.00"
2020-08-03,2020080301016486,GRDBL,34,34,500,113.00,"56,500.00"
2020-08-03,2020080301016223,GRDBL,39,42,100,112.00,"11,200.00"
2020-08-03,2020080301016489,GUFL,58,57,80,120.00,"9,600.00"
2020-08-03,2020080301016488,GUFL,58,59,20,120.00,"2,400.00"
2020-08-03,2020080301016433,GUFL,32,57,10,120.00,"1,200.00"
2020-08-03,2020080301016371,GUFL,32,35,12,119.00,"1,428.00"
2020-08-03,2020080301016602,HDL,14,53,30,"1,660.00","49,800.00"
2020-08-03,2020080301016493,HDL,41,41,20,"1,658.00","33,160.00"
2020-08-03,2020080301016492,HDL,21,41,10,"1,659.00","16,590.00"
2020-08-03,2020080301016397,HDL,3,4,400,"1,662.00","664,800.00"
2020-08-03,2020080301016396,HDL,3,53,80,"1,660.00","132,800.00"
2020-08-03,2020080301016210,HDL,36,53,20,"1,660.00","33,200.00"
2020-08-03,2020080301016664,HGI,22,14,10,405.00,"4,050.00"
2020-08-03,2020080301016474,HGI,6,6,100,403.00,"40,300.00"
2020-08-03,2020080301016517,HIDCL,16,44,500,129.00,"64,500.00"
2020-08-03,2020080301016265,HIDCL,1,44,500,129.00,"64,500.00"
2020-08-03,2020080301016264,HIDCL,33,44,200,129.00,"25,800.00"
2020-08-03,2020080301016263,HIDCL,34,44,71,129.00,"9,159.00"
2020-08-03,2020080301016537,ILBS,34,46,11,740.00,"8,140.00"
2020-08-03,2020080301016536,ILBS,34,34,11,739.00,"8,129.00"
2020-08-03,2020080301016535,ILBS,34,42,10,736.00,"7,360.00"
2020-08-03,2020080301016534,ILBS,34,35,11,736.00,"8,096.00"
2020-08-03,2020080301016533,ILBS,34,50,11,735.00,"8,085.00"
2020-08-03,2020080301016532,ILBS,34,50,11,735.00,"8,085.00"
2020-08-03,2020080301016328,ILBS,26,6,10,725.00,"7,250.00"
2020-08-03,2020080301016531,ILBS,34,35,11,735.00,"8,085.00"
2020-08-03,2020080301016530,ILBS,34,25,11,735.00,"8,085.00"
2020-08-03,2020080301016529,ILBS,34,46,11,735.00,"8,085.00"
2020-08-03,2020080301016375,ILBS,34,45,11,733.00,"8,063.00"
2020-08-03,2020080301016374,ILBS,34,55,237,730.00,"173,010.00"
2020-08-03,2020080301016373,ILBS,34,49,50,729.00,"36,450.00"
2020-08-03,2020080301016266,JOSHI,28,42,10,61.00,610.00
2020-08-03,2020080301016528,JSLBB,38,52,10,"1,442.00","14,420.00"
2020-08-03,2020080301016608,KBL,1,26,500,193.00,"96,500.00"
2020-08-03,2020080301016368,KBL,1,6,326,193.00,"62,918.00"
2020-08-03,2020080301016338,KBL,10,33,"1,021",191.00,"195,011.00"
2020-08-03,2020080301016232,KBL,34,33,200,193.00,"38,600.00"
2020-08-03,2020080301016227,KBL,34,48,195,193.00,"37,635.00"
2020-08-03,2020080301016226,KBL,34,48,70,193.00,"13,510.00"
2020-08-03,2020080301016331,KBL,1,33,10,192.00,"1,920.00"
2020-08-03,2020080301016330,KBL,6,33,"3,000",192.00,"576,000.00"
2020-08-03,2020080301016329,KBL,41,33,71,192.00,"13,632.00"
2020-08-03,2020080301016235,KBL,48,33,20,193.00,"3,860.00"
2020-08-03,2020080301016234,KBL,57,33,100,193.00,"19,300.00"
2020-08-03,2020080301016233,KBL,14,33,300,193.00,"57,900.00"
2020-08-03,2020080301016337,KBL,13,33,400,191.00,"76,400.00"
2020-08-03,2020080301016336,KBL,28,33,50,191.00,"9,550.00"
2020-08-03,2020080301016335,KBL,52,33,13,191.00,"2,483.00"
2020-08-03,2020080301016334,KBL,34,33,50,191.00,"9,550.00"
2020-08-03,2020080301016333,KBL,42,33,100,191.00,"19,100.00"
2020-08-03,2020080301016332,KBL,42,33,25,191.00,"4,775.00"
2020-08-03,2020080301016457,KMCDB,1,18,10,780.00,"7,800.00"
2020-08-03,2020080301016542,KSBBL,59,7,20,151.00,"3,020.00"
2020-08-03,2020080301016582,LBBL,54,8,200,188.00,"37,600.00"
2020-08-03,2020080301016581,LBBL,34,8,200,188.00,"37,600.00"
2020-08-03,2020080301016580,LBBL,6,8,100,188.00,"18,800.00"
2020-08-03,2020080301016491,LBBL,34,8,35,189.00,"6,615.00"
2020-08-03,2020080301016546,LBL,34,37,58,230.00,"13,340.00"
2020-08-03,2020080301016403,LGIL,38,21,32,451.00,"14,432.00"
2020-08-03,2020080301016402,LGIL,38,54,135,451.00,"60,885.00"
2020-08-03,2020080301016401,LGIL,38,17,100,451.00,"45,100.00"
2020-08-03,2020080301016484,LICN,36,25,40,"1,418.00","56,720.00"
2020-08-03,2020080301016378,LICN,26,14,40,"1,415.00","56,600.00"
2020-08-03,2020080301016342,LICN,33,14,100,"1,417.00","141,700.00"
2020-08-03,2020080301016341,LICN,49,14,10,"1,418.00","14,180.00"
2020-08-03,2020080301016652,MBL,6,52,32,228.00,"7,296.00"
2020-08-03,2020080301016651,MBL,25,52,38,228.00,"8,664.00"
2020-08-03,2020080301016389,MBL,26,52,100,229.00,"22,900.00"
2020-08-03,2020080301016208,MBL,44,52,250,229.00,"57,250.00"
2020-08-03,2020080301016207,MBL,44,51,50,229.00,"11,450.00"
2020-08-03,2020080301016630,MEGA,51,42,70,223.00,"15,610.00"
2020-08-03,2020080301016596,MEGA,35,41,480,222.00,"106,560.00"
2020-08-03,2020080301016595,MEGA,28,41,"1,940",222.00,"430,680.00"
2020-08-03,2020080301016544,MEGA,48,42,50,223.00,"11,150.00"
2020-08-03,2020080301016478,MEGA,10,42,200,223.00,"44,600.00"
2020-08-03,2020080301016245,MEGA,43,46,100,223.00,"22,300.00"
2020-08-03,2020080301016244,MEGA,43,16,17,223.00,"3,791.00"
2020-08-03,2020080301016175,MEGA,28,38,60,222.00,"13,320.00"
2020-08-03,2020080301016174,MEGA,38,38,29,222.00,"6,438.00"
2020-08-03,2020080301016477,MEGA,41,42,269,223.00,"59,987.00"
2020-08-03,2020080301016427,MEGA,41,16,31,223.00,"6,913.00"
2020-08-03,2020080301016426,MEGA,28,16,25,223.00,"5,575.00"
2020-08-03,2020080301016372,MEGA,35,58,100,224.00,"22,400.00"
2020-08-03,2020080301016246,MEGA,43,58,10,224.00,"2,240.00"
2020-08-03,2020080301016584,MERO,32,25,50,632.00,"31,600.00"
2020-08-03,2020080301016469,MERO,32,34,144,632.00,"91,008.00"
2020-08-03,2020080301016306,MHNL,50,56,80,87.00,"6,960.00"
2020-08-03,2020080301016305,MHNL,52,56,30,87.00,"2,610.00"
2020-08-03,2020080301016456,MLBL,6,51,10,194.00,"1,940.00"
2020-08-03,2020080301016317,MLBL,6,50,100,193.00,"19,300.00"
2020-08-03,2020080301016231,MLBL,19,50,100,193.00,"19,300.00"
2020-08-03,2020080301016516,MMFDB,34,19,150,964.00,"144,600.00"
2020-08-03,2020080301016436,MMFDB,43,43,25,964.00,"24,100.00"
2020-08-03,2020080301016435,MMFDB,50,43,20,965.00,"19,300.00"
2020-08-03,2020080301016434,MMFDB,21,43,13,965.00,"12,545.00"
2020-08-03,2020080301016267,MMFDB,21,19,50,969.00,"48,450.00"
2020-08-03,2020080301016346,MNBBL,28,22,20,324.00,"6,480.00"
2020-08-03,2020080301016254,MNBBL,34,4,331,322.00,"106,582.00"
2020-08-03,2020080301016253,MNBBL,58,4,10,323.00,"3,230.00"
2020-08-03,2020080301016621,NABIL,50,4,70,824.00,"57,680.00"
2020-08-03,2020080301016565,NABIL,50,4,80,824.00,"65,920.00"
2020-08-03,2020080301016556,NABIL,40,4,174,824.00,"143,376.00"
2020-08-03,2020080301016555,NABIL,40,33,203,823.00,"167,069.00"
2020-08-03,2020080301016554,NABIL,40,22,23,823.00,"18,929.00"
2020-08-03,2020080301016553,NABIL,40,50,100,823.00,"82,300.00"
2020-08-03,2020080301016473,NABIL,33,4,122,821.00,"100,162.00"
2020-08-03,2020080301016428,NABIL,13,4,68,821.00,"55,828.00"
2020-08-03,2020080301016349,NABIL,16,4,10,821.00,"8,210.00"
2020-08-03,2020080301016348,NABIL,4,4,800,821.00,"656,800.00"
2020-08-03,2020080301016316,NABIL,4,58,100,822.00,"82,200.00"
2020-08-03,2020080301016632,NADEP,50,19,10,632.00,"6,320.00"
2020-08-03,2020080301016659,NBL,33,4,28,253.00,"7,084.00"
2020-08-03,2020080301016658,NBL,33,44,172,252.00,"43,344.00"
2020-08-03,2020080301016481,NBL,22,44,100,252.00,"25,200.00"
2020-08-03,2020080301016480,NBL,14,44,100,252.00,"25,200.00"
2020-08-03,2020080301016340,NBL,25,4,200,252.00,"50,400.00"
2020-08-03,2020080301016322,NBL,25,4,50,252.00,"12,600.00"
2020-08-03,2020080301016304,NBL,13,4,500,252.00,"126,000.00"
2020-08-03,2020080301016293,NBL,32,4,50,252.00,"12,600.00"
2020-08-03,2020080301016247,NBL,33,4,"2,000",252.00,"504,000.00"
2020-08-03,2020080301016648,NCCB,44,42,10,194.00,"1,940.00"
2020-08-03,2020080301016616,NCCB,44,42,10,194.00,"1,940.00"
2020-08-03,2020080301016425,NCCB,44,42,10,194.00,"1,940.00"
2020-08-03,2020080301016356,NCCB,52,26,332,193.00,"64,076.00"
2020-08-03,2020080301016483,NEF,8,34,"1,551",9.00,"13,959.00"
2020-08-03,2020080301016479,NGPL,47,58,11,115.00,"1,265.00"
2020-08-03,2020080301016431,NGPL,47,58,11,115.00,"1,265.00"
2020-08-03,2020080301016367,NGPL,47,58,11,115.00,"1,265.00"
2020-08-03,2020080301016291,NGPL,47,58,11,115.00,"1,265.00"
2020-08-03,2020080301016182,NGPL,47,58,11,115.00,"1,265.00"
2020-08-03,2020080301016638,NHPC,25,29,10,55.00,550.00
2020-08-03,2020080301016485,NHPC,45,29,50,54.00,"2,700.00"
2020-08-03,2020080301016285,NHPC,45,29,50,54.00,"2,700.00"
2020-08-03,2020080301016646,NIB,32,48,50,458.00,"22,900.00"
2020-08-03,2020080301016645,NIB,32,41,500,457.00,"228,500.00"
2020-08-03,2020080301016644,NIB,32,33,50,457.00,"22,850.00"
2020-08-03,2020080301016308,NIB,10,33,150,457.00,"68,550.00"
2020-08-03,2020080301016283,NIB,8,33,100,457.00,"45,700.00"
2020-08-03,2020080301016224,NIB,32,48,100,458.00,"45,800.00"
2020-08-03,2020080301016603,NIBLPF,38,45,"1,768",8.34,"14,745.12"
2020-08-03,2020080301016500,NIBLPF,38,1,"2,273",8.26,"18,774.98"
2020-08-03,2020080301016326,NIBPO,33,4,"1,000",372.00,"372,000.00"
2020-08-03,2020080301016588,NICA,51,4,100,556.00,"55,600.00"
2020-08-03,2020080301016504,NICA,38,34,20,555.00,"11,100.00"
2020-08-03,2020080301016464,NICA,38,50,211,555.00,"117,105.00"
2020-08-03,2020080301016463,NICA,58,50,10,555.00,"5,550.00"
2020-08-03,2020080301016462,NICA,13,50,"1,000",555.00,"555,000.00"
2020-08-03,2020080301016461,NICA,44,50,"1,000",555.00,"555,000.00"
2020-08-03,2020080301016460,NICA,57,50,100,555.00,"55,500.00"
2020-08-03,2020080301016459,NICA,14,50,200,555.00,"111,000.00"
2020-08-03,2020080301016424,NICA,42,4,20,556.00,"11,120.00"
2020-08-03,2020080301016404,NICA,17,4,25,556.00,"13,900.00"
2020-08-03,2020080301016394,NICA,22,50,100,557.00,"55,700.00"
2020-08-03,2020080301016650,NICL,6,43,250,439.00,"109,750.00"
2020-08-03,2020080301016614,NICL,14,44,"1,380",438.00,"604,440.00"
2020-08-03,2020080301016613,NICL,14,14,125,438.00,"54,750.00"
2020-08-03,2020080301016575,NICL,58,32,78,435.00,"33,930.00"
2020-08-03,2020080301016541,NICL,5,44,10,438.00,"4,380.00"
2020-08-03,2020080301016503,NICL,58,32,50,435.00,"21,750.00"
2020-08-03,2020080301016502,NICL,36,32,450,435.00,"195,750.00"
2020-08-03,2020080301016344,NICL,36,55,50,435.00,"21,750.00"
2020-08-03,2020080301016343,NICL,39,55,50,435.00,"21,750.00"
2020-08-03,2020080301016181,NICL,54,44,10,438.00,"4,380.00"
2020-08-03,2020080301016666,NICLBSL,58,55,10,787.00,"7,870.00"
2020-08-03,2020080301016661,NICLBSL,56,34,10,790.00,"7,900.00"
2020-08-03,2020080301016633,NICLBSL,1,8,20,786.00,"15,720.00"
2020-08-03,2020080301016631,NICLBSL,47,21,10,786.00,"7,860.00"
2020-08-03,2020080301016560,NICLBSL,47,55,10,786.00,"7,860.00"
2020-08-03,2020080301016454,NICLBSL,38,34,40,790.00,"31,600.00"
2020-08-03,2020080301016189,NICLBSL,36,20,10,787.00,"7,870.00"
2020-08-03,2020080301016188,NICLBSL,36,38,10,787.00,"7,870.00"
2020-08-03,2020080301016379,NICLBSL,36,44,10,787.00,"7,870.00"
2020-08-03,2020080301016309,NICLBSL,36,21,20,787.00,"15,740.00"
2020-08-03,2020080301016289,NICLBSL,36,39,10,787.00,"7,870.00"
2020-08-03,2020080301016282,NICLBSL,36,17,10,787.00,"7,870.00"
2020-08-03,2020080301016230,NICLBSL,36,58,10,787.00,"7,870.00"
2020-08-03,2020080301016225,NICLBSL,36,18,20,787.00,"15,740.00"
2020-08-03,2020080301016453,NICLBSL,38,28,20,789.00,"15,780.00"
2020-08-03,2020080301016452,NICLBSL,38,44,10,789.00,"7,890.00"
2020-08-03,2020080301016451,NICLBSL,38,6,20,787.00,"15,740.00"
2020-08-03,2020080301016450,NICLBSL,38,34,10,787.00,"7,870.00"
2020-08-03,2020080301016399,NICLBSL,47,18,10,786.00,"7,860.00"
2020-08-03,2020080301016380,NICLBSL,47,44,10,786.00,"7,860.00"
2020-08-03,2020080301016627,NIL,29,36,100,624.00,"62,400.00"
2020-08-03,2020080301016626,NIL,29,43,465,624.00,"290,160.00"
2020-08-03,2020080301016562,NIL,28,6,100,620.00,"62,000.00"
2020-08-03,2020080301016496,NIL,28,43,35,624.00,"21,840.00"
2020-08-03,2020080301016416,NIL,33,41,73,621.00,"45,333.00"
2020-08-03,2020080301016310,NIL,32,41,25,621.00,"15,525.00"
2020-08-03,2020080301016297,NLBBL,52,50,28,693.00,"19,404.00"
2020-08-03,2020080301016642,NLIC,54,34,90,"1,328.00","119,520.00"
2020-08-03,2020080301016594,NLIC,57,58,344,"1,329.00","457,176.00"
2020-08-03,2020080301016593,NLIC,57,21,50,"1,329.00","66,450.00"
2020-08-03,2020080301016592,NLIC,57,6,200,"1,329.00","265,800.00"
2020-08-03,2020080301016591,NLIC,57,51,225,"1,329.00","299,025.00"
2020-08-03,2020080301016590,NLIC,57,43,85,"1,328.00","112,880.00"
2020-08-03,2020080301016398,NLIC,56,51,50,"1,329.00","66,450.00"
2020-08-03,2020080301016385,NLIC,16,51,111,"1,329.00","147,519.00"
2020-08-03,2020080301016171,NLIC,49,29,105,"1,328.00","139,440.00"
2020-08-03,2020080301016170,NLIC,57,29,20,"1,328.00","26,560.00"
2020-08-03,2020080301016578,NLIC,17,43,80,"1,328.00","106,240.00"
2020-08-03,2020080301016577,NLIC,49,43,35,"1,328.00","46,480.00"
2020-08-03,2020080301016545,NLIC,49,41,150,"1,328.00","199,200.00"
2020-08-03,2020080301016472,NLIC,29,51,200,"1,329.00","265,800.00"
2020-08-03,2020080301016466,NLIC,49,10,10,"1,328.00","13,280.00"
2020-08-03,2020080301016429,NLIC,57,51,40,"1,329.00","53,160.00"
2020-08-03,2020080301016359,NLICL,59,22,100,672.00,"67,200.00"
2020-08-03,2020080301016184,NLICL,44,22,300,672.00,"201,600.00"
2020-08-03,2020080301016629,NMB,6,16,40,419.00,"16,760.00"
2020-08-03,2020080301016625,NMB,42,16,50,419.00,"20,950.00"
2020-08-03,2020080301016624,NMB,42,1,50,419.00,"20,950.00"
2020-08-03,2020080301016623,NMB,42,28,150,419.00,"62,850.00"
2020-08-03,2020080301016413,NMB,14,50,"1,600",418.00,"668,800.00"
2020-08-03,2020080301016405,NMB,34,28,100,419.00,"41,900.00"
2020-08-03,2020080301016320,NMB,33,28,50,419.00,"20,950.00"
2020-08-03,2020080301016222,NMB,14,25,100,418.00,"41,800.00"
2020-08-03,2020080301016217,NMB,14,14,300,418.00,"125,400.00"
2020-08-03,2020080301016568,NMFBS,44,57,26,"1,540.00","40,040.00"
2020-08-03,2020080301016191,NMFBS,44,53,20,"1,545.00","30,900.00"
2020-08-03,2020080301016612,NRIC,42,44,50,589.00,"29,450.00"
2020-08-03,2020080301016601,NRIC,34,44,100,589.00,"58,900.00"
2020-08-03,2020080301016599,NRIC,57,6,200,588.00,"117,600.00"
2020-08-03,2020080301016576,NRIC,32,28,40,588.00,"23,520.00"
2020-08-03,2020080301016559,NRIC,32,38,40,588.00,"23,520.00"
2020-08-03,2020080301016505,NRIC,32,55,40,588.00,"23,520.00"
2020-08-03,2020080301016219,NRIC,32,20,50,588.00,"29,400.00"
2020-08-03,2020080301016213,NRIC,32,17,40,588.00,"23,520.00"
2020-08-03,2020080301016203,NRIC,32,18,40,588.00,"23,520.00"
2020-08-03,2020080301016190,NRIC,32,49,25,588.00,"14,700.00"
2020-08-03,2020080301016345,NRIC,32,39,50,588.00,"29,400.00"
2020-08-03,2020080301016314,NRIC,55,57,50,589.00,"29,450.00"
2020-08-03,2020080301016313,NRIC,55,17,40,589.00,"23,560.00"
2020-08-03,2020080301016312,NRIC,55,45,69,589.00,"40,641.00"
2020-08-03,2020080301016311,NRIC,55,22,40,589.00,"23,560.00"
2020-08-03,2020080301016284,NRIC,32,20,40,588.00,"23,520.00"
2020-08-03,2020080301016419,NRIC,21,35,500,589.00,"294,500.00"
2020-08-03,2020080301016418,NRIC,21,25,445,589.00,"262,105.00"
2020-08-03,2020080301016360,NRIC,57,25,55,589.00,"32,395.00"
2020-08-03,2020080301016357,NRIC,32,34,40,588.00,"23,520.00"
2020-08-03,2020080301016351,NRIC,32,21,40,588.00,"23,520.00"
2020-08-03,2020080301016350,NRIC,28,25,500,589.00,"294,500.00"
2020-08-03,2020080301016501,NRIC,32,8,30,588.00,"17,640.00"
2020-08-03,2020080301016490,NRIC,28,44,191,589.00,"112,499.00"
2020-08-03,2020080301016423,NRIC,21,34,10,589.00,"5,890.00"
2020-08-03,2020080301016422,NRIC,21,51,50,589.00,"29,450.00"
2020-08-03,2020080301016421,NRIC,21,56,50,589.00,"29,450.00"
2020-08-03,2020080301016420,NRIC,21,14,100,589.00,"58,900.00"
2020-08-03,2020080301016589,NSEWA,43,16,10,738.00,"7,380.00"
2020-08-03,2020080301016520,NSEWA,17,57,10,724.00,"7,240.00"
2020-08-03,2020080301016465,NSEWA,43,16,10,738.00,"7,380.00"
2020-08-03,2020080301016392,NSEWA,43,57,10,724.00,"7,240.00"
2020-08-03,2020080301016641,PCBL,44,53,150,269.00,"40,350.00"
2020-08-03,2020080301016598,PCBL,4,53,50,270.00,"13,500.00"
2020-08-03,2020080301016288,PCBL,44,13,300,270.00,"81,000.00"
2020-08-03,2020080301016287,PCBL,29,13,25,270.00,"6,750.00"
2020-08-03,2020080301016176,PCBL,29,51,75,270.00,"20,250.00"
2020-08-03,2020080301016639,PIC,41,22,150,625.00,"93,750.00"
2020-08-03,2020080301016550,PIC,33,52,90,621.00,"55,890.00"
2020-08-03,2020080301016549,PIC,33,20,11,621.00,"6,831.00"
2020-08-03,2020080301016449,PIC,34,52,10,621.00,"6,210.00"
2020-08-03,2020080301016444,PICL,32,58,100,441.00,"44,100.00"
2020-08-03,2020080301016443,PICL,35,58,15,442.00,"6,630.00"
2020-08-03,2020080301016290,PLIC,59,20,38,540.00,"20,520.00"
2020-08-03,2020080301016270,PLIC,52,22,400,542.00,"216,800.00"
2020-08-03,2020080301016269,PLIC,52,26,40,542.00,"21,680.00"
2020-08-03,2020080301016268,PLIC,52,35,50,542.00,"27,100.00"
2020-08-03,2020080301016354,PPCL,33,57,20,116.00,"2,320.00"
2020-08-03,2020080301016353,PPCL,33,57,20,116.00,"2,320.00"
2020-08-03,2020080301016352,PPCL,33,57,30,116.00,"3,480.00"
2020-08-03,2020080301016551,PRIN,22,44,10,483.00,"4,830.00"
2020-08-03,2020080301016447,PRIN,10,21,100,478.00,"47,800.00"
2020-08-03,2020080301016411,PRIN,49,36,400,480.00,"192,000.00"
2020-08-03,2020080301016657,PRVU,4,42,500,238.00,"119,000.00"
2020-08-03,2020080301016656,PRVU,4,47,300,238.00,"71,400.00"
2020-08-03,2020080301016579,PRVU,4,47,900,237.00,"213,300.00"
2020-08-03,2020080301016570,PRVU,4,52,105,237.00,"24,885.00"
2020-08-03,2020080301016540,PRVU,39,52,20,238.00,"4,760.00"
2020-08-03,2020080301016172,PRVU,39,52,15,238.00,"3,570.00"
2020-08-03,2020080301016539,RADHI,38,52,10,166.00,"1,660.00"
2020-08-03,2020080301016395,RBCL,21,38,10,"9,325.00","93,250.00"
2020-08-03,2020080301016573,RHPL,6,36,830,144.00,"119,520.00"
2020-08-03,2020080301016476,RHPL,6,20,10,144.00,"1,440.00"
2020-08-03,2020080301016384,RHPL,6,21,20,144.00,"2,880.00"
2020-08-03,2020080301016383,RHPL,16,43,10,145.00,"1,450.00"
2020-08-03,2020080301016382,RHPL,16,59,50,145.00,"7,250.00"
2020-08-03,2020080301016381,RHPL,16,42,40,145.00,"5,800.00"
2020-08-03,2020080301016185,RHPL,6,21,20,144.00,"2,880.00"
2020-08-03,2020080301016183,RHPL,6,44,40,144.00,"5,760.00"
2020-08-03,2020080301016180,RHPL,6,59,40,144.00,"5,760.00"
2020-08-03,2020080301016179,RHPL,6,34,40,144.00,"5,760.00"
2020-08-03,2020080301016583,RMDC,52,49,10,731.00,"7,310.00"
2020-08-03,2020080301016228,RSDC,7,41,55,483.00,"26,565.00"
2020-08-03,2020080301016518,SADBL,56,47,50,145.00,"7,250.00"
2020-08-03,2020080301016327,SANIMA,54,13,11,355.00,"3,905.00"
2020-08-03,2020080301016295,SANIMA,54,34,189,355.00,"67,095.00"
2020-08-03,2020080301016294,SANIMA,13,34,811,355.00,"287,905.00"
2020-08-03,2020080301016216,SANIMA,13,38,389,355.00,"138,095.00"
2020-08-03,2020080301016215,SANIMA,17,38,100,355.00,"35,500.00"
2020-08-03,2020080301016214,SANIMA,44,38,256,355.00,"90,880.00"
2020-08-03,2020080301016468,SBI,41,4,63,431.00,"27,153.00"
2020-08-03,2020080301016467,SBI,55,4,100,431.00,"43,100.00"
2020-08-03,2020080301016439,SBL,51,13,50,302.00,"15,100.00"
2020-08-03,2020080301016200,SBL,41,13,500,300.00,"150,000.00"
2020-08-03,2020080301016199,SBL,42,13,300,300.00,"90,000.00"
2020-08-03,2020080301016198,SBL,50,13,500,300.00,"150,000.00"
2020-08-03,2020080301016197,SBL,11,13,500,300.00,"150,000.00"
2020-08-03,2020080301016196,SBL,47,13,100,300.00,"30,000.00"
2020-08-03,2020080301016195,SBL,52,13,20,300.00,"6,000.00"
2020-08-03,2020080301016194,SBL,44,13,100,300.00,"30,000.00"
2020-08-03,2020080301016193,SBL,22,13,60,300.00,"18,000.00"
2020-08-03,2020080301016192,SBL,33,13,100,301.00,"30,100.00"
2020-08-03,2020080301016552,SCB,58,26,100,657.00,"65,700.00"
2020-08-03,2020080301016548,SCB,14,1,659,655.00,"431,645.00"
2020-08-03,2020080301016525,SCB,14,4,680,655.00,"445,400.00"
2020-08-03,2020080301016519,SCB,14,20,20,655.00,"13,100.00"
2020-08-03,2020080301016300,SCB,44,55,"1,235",652.00,"805,220.00"
2020-08-03,2020080301016271,SCB,6,55,200,656.00,"131,200.00"
2020-08-03,2020080301016168,SCB,26,29,90,658.00,"59,220.00"
2020-08-03,2020080301016167,SCB,26,14,10,658.00,"6,580.00"
2020-08-03,2020080301016277,SCB,48,55,15,654.00,"9,810.00"
2020-08-03,2020080301016276,SCB,48,55,35,654.00,"22,890.00"
2020-08-03,2020080301016275,SCB,1,55,200,654.00,"130,800.00"
2020-08-03,2020080301016274,SCB,11,55,100,654.00,"65,400.00"
2020-08-03,2020080301016273,SCB,38,55,100,654.00,"65,400.00"
2020-08-03,2020080301016272,SCB,54,55,30,655.00,"19,650.00"
2020-08-03,2020080301016299,SCB,35,55,100,652.00,"65,200.00"
2020-08-03,2020080301016298,SCB,44,55,50,652.00,"32,600.00"
2020-08-03,2020080301016281,SCB,38,55,10,653.00,"6,530.00"
2020-08-03,2020080301016280,SCB,13,55,490,653.00,"319,970.00"
2020-08-03,2020080301016279,SCB,32,55,200,653.00,"130,600.00"
2020-08-03,2020080301016278,SCB,57,55,200,654.00,"130,800.00"
2020-08-03,2020080301016655,SEF,55,52,"10,000",9.65,"96,500.00"
2020-08-03,2020080301016622,SHINE,41,4,10,236.00,"2,360.00"
2020-08-03,2020080301016585,SHIVM,28,4,80,583.00,"46,640.00"
2020-08-03,2020080301016393,SHIVM,25,41,80,582.00,"46,560.00"
2020-08-03,2020080301016238,SHIVM,25,41,10,582.00,"5,820.00"
2020-08-03,2020080301016557,SIC,41,52,100,721.00,"72,100.00"
2020-08-03,2020080301016212,SICL,58,28,20,"1,214.00","24,280.00"
2020-08-03,2020080301016211,SICL,58,59,10,"1,213.00","12,130.00"
2020-08-03,2020080301016377,SIL,41,42,50,592.00,"29,600.00"
2020-08-03,2020080301016376,SIL,41,6,50,591.00,"29,550.00"
2020-08-03,2020080301016563,SJCL,3,20,10,135.00,"1,350.00"
2020-08-03,2020080301016218,SJCL,33,52,50,136.00,"6,800.00"
2020-08-03,2020080301016400,SJCL,16,52,100,136.00,"13,600.00"
2020-08-03,2020080301016499,SKBBL,4,13,40,"1,224.00","48,960.00"
2020-08-03,2020080301016498,SKBBL,52,13,20,"1,225.00","24,500.00"
2020-08-03,2020080301016209,SKBBL,5,43,20,"1,226.00","24,520.00"
2020-08-03,2020080301016663,SLBBL,4,34,90,812.00,"73,080.00"
2020-08-03,2020080301016527,SLBBL,57,34,410,812.00,"332,920.00"
2020-08-03,2020080301016526,SLBBL,57,57,590,812.00,"479,080.00"
2020-08-03,2020080301016522,SLBBL,10,57,100,812.00,"81,200.00"
2020-08-03,2020080301016521,SLBBL,44,49,46,810.00,"37,260.00"
2020-08-03,2020080301016458,SLBBL,28,57,60,812.00,"48,720.00"
2020-08-03,2020080301016302,SLBBL,5,57,100,812.00,"81,200.00"
2020-08-03,2020080301016229,SLBBL,5,57,150,813.00,"121,950.00"
2020-08-03,2020080301016177,SLBBL,17,57,245,814.00,"199,430.00"
2020-08-03,2020080301016187,SLBS,34,5,28,963.00,"26,964.00"
2020-08-03,2020080301016186,SLBS,34,26,50,960.00,"48,000.00"
2020-08-03,2020080301016173,SLBSL,43,25,10,848.00,"8,480.00"
2020-08-03,2020080301016221,SLICL,4,48,100,440.00,"44,000.00"
2020-08-03,2020080301016220,SLICL,4,17,34,440.00,"14,960.00"
2020-08-03,2020080301016665,SPARS,59,6,10,817.00,"8,170.00"
2020-08-03,2020080301016514,SPDL,58,7,"1,500",97.00,"145,500.00"
2020-08-03,2020080301016513,SPDL,49,7,"1,000",97.00,"97,000.00"
2020-08-03,2020080301016512,SPDL,16,7,50,97.00,"4,850.00"
2020-08-03,2020080301016511,SPDL,34,7,50,97.00,"4,850.00"
2020-08-03,2020080301016510,SPDL,22,7,100,97.00,"9,700.00"
2020-08-03,2020080301016509,SPDL,14,7,79,97.00,"7,663.00"
2020-08-03,2020080301016508,SPDL,48,7,500,97.00,"48,500.00"
2020-08-03,2020080301016507,SPDL,1,7,"1,000",97.00,"97,000.00"
2020-08-03,2020080301016506,SPDL,22,7,500,97.00,"48,500.00"
2020-08-03,2020080301016558,SRBL,34,42,63,237.00,"14,931.00"
2020-08-03,2020080301016543,SRBL,56,25,200,238.00,"47,600.00"
2020-08-03,2020080301016567,STC,16,54,50,"2,701.00","135,050.00"
2020-08-03,2020080301016538,SWBBL,18,17,50,"1,193.00","59,650.00"
2020-08-03,2020080301016417,SWBBL,19,44,100,"1,190.00","119,000.00"
2020-08-03,2020080301016654,TMDBL,34,58,50,163.00,"8,150.00"
2020-08-03,2020080301016636,TMDBL,25,57,50,162.00,"8,100.00"
2020-08-03,2020080301016635,TMDBL,51,57,48,162.00,"7,776.00"
2020-08-03,2020080301016617,TRH,51,17,50,220.00,"11,000.00"
2020-08-03,2020080301016495,UFL,6,28,17,178.00,"3,026.00"
2020-08-03,2020080301016494,UFL,45,28,30,178.00,"5,340.00"
2020-08-03,2020080301016446,UIC,58,17,100,363.00,"36,300.00"
2020-08-03,2020080301016259,UIC,57,53,50,362.00,"18,100.00"
2020-08-03,2020080301016258,UIC,57,53,50,362.00,"18,100.00"
2020-08-03,2020080301016391,UMHL,40,35,200,104.00,"20,800.00"
2020-08-03,2020080301016252,UMHL,40,35,100,104.00,"10,400.00"
2020-08-03,2020080301016660,UPPER,52,20,40,227.00,"9,080.00"
2020-08-03,2020080301016355,UPPER,16,44,100,228.00,"22,800.00"
2020-08-03,2020080301016643,VLBS,32,42,16,912.00,"14,592.00"
2020-08-03,2020080301016610,WOMI,18,14,18,896.00,"16,128.00"
2020-08-03,2020080301016609,WOMI,59,14,49,897.00,"43,953.00"
2020-08-03,2020080301015768,AKPL,50,40,100,115.00,"11,500.00"
2020-08-03,2020080301015925,ALBSL,25,42,11,697.00,"7,667.00"
2020-08-03,2020080301015985,ALICL,45,4,177,619.00,"109,563.00"
2020-08-03,2020080301015973,ALICL,57,4,863,620.00,"535,060.00"
2020-08-03,2020080301015960,ALICL,57,50,137,620.00,"84,940.00"
2020-08-03,2020080301015959,ALICL,34,50,10,620.00,"6,200.00"
2020-08-03,2020080301015958,ALICL,38,50,55,620.00,"34,100.00"
2020-08-03,2020080301015957,ALICL,51,50,"1,000",621.00,"621,000.00"
2020-08-03,2020080301015953,ALICL,25,4,50,622.00,"31,100.00"
2020-08-03,2020080301015789,ALICL,57,57,99,624.00,"61,776.00"
2020-08-03,2020080301015788,ALICL,57,6,201,624.00,"125,424.00"
2020-08-03,2020080301015734,ALICL,57,6,250,622.00,"155,500.00"
2020-08-03,2020080301015688,ALICL,47,6,50,622.00,"31,100.00"
2020-08-03,2020080301015902,API,40,56,11,107.00,"1,177.00"
2020-08-03,2020080301015753,API,17,22,484,108.00,"52,272.00"
2020-08-03,2020080301015752,API,17,49,500,108.00,"54,000.00"
2020-08-03,2020080301015751,API,17,54,16,108.00,"1,728.00"
2020-08-03,2020080301015975,BOKL,35,11,45,230.00,"10,350.00"
2020-08-03,2020080301016106,BPCL,6,14,300,355.00,"106,500.00"
2020-08-03,2020080301016105,BPCL,6,52,12,355.00,"4,260.00"
2020-08-03,2020080301016104,BPCL,6,17,36,355.00,"12,780.00"
2020-08-03,2020080301016103,BPCL,6,57,292,355.00,"103,660.00"
2020-08-03,2020080301016102,BPCL,6,45,200,354.00,"70,800.00"
2020-08-03,2020080301016101,BPCL,6,5,12,354.00,"4,248.00"
2020-08-03,2020080301016100,BPCL,6,34,20,353.00,"7,060.00"
2020-08-03,2020080301015991,BPCL,14,39,11,352.00,"3,872.00"
2020-08-03,2020080301015834,BPCL,14,8,11,352.00,"3,872.00"
2020-08-03,2020080301015690,BPCL,39,8,790,352.00,"278,080.00"
2020-08-03,2020080301016042,CBBL,4,4,486,"1,061.00","515,646.00"
2020-08-03,2020080301016041,CBBL,19,4,14,"1,062.00","14,868.00"
2020-08-03,2020080301015691,CBBL,19,22,11,"1,062.00","11,682.00"
2020-08-03,2020080301015796,CBL,51,11,736,145.00,"106,720.00"
2020-08-03,2020080301015989,CCBL,4,43,17,175.00,"2,975.00"
2020-08-03,2020080301015715,CCBL,21,51,25,176.00,"4,400.00"
2020-08-03,2020080301015963,CHCL,26,6,200,382.00,"76,400.00"
2020-08-03,2020080301015699,CHCL,44,58,107,381.00,"40,767.00"
2020-08-03,2020080301015698,CHCL,1,58,473,381.00,"180,213.00"
2020-08-03,2020080301015833,CIT,39,25,87,"2,500.00","217,500.00"
2020-08-03,2020080301015944,CZBIL,46,34,"2,000",196.00,"392,000.00"
2020-08-03,2020080301015943,CZBIL,46,50,352,196.00,"68,992.00"
2020-08-03,2020080301015830,CZBIL,29,50,148,196.00,"29,008.00"
2020-08-03,2020080301015829,CZBIL,29,56,852,196.00,"166,992.00"
2020-08-03,2020080301015790,CZBIL,4,6,"1,000",195.00,"195,000.00"
2020-08-03,2020080301015706,CZBIL,19,56,200,196.00,"39,200.00"
2020-08-03,2020080301015901,DDBL,4,18,457,845.00,"386,165.00"
2020-08-03,2020080301015900,DDBL,4,36,200,845.00,"169,000.00"
2020-08-03,2020080301016096,EBL,51,4,100,732.00,"73,200.00"
2020-08-03,2020080301015750,EBL,44,49,200,732.00,"146,400.00"
2020-08-03,2020080301015749,EBL,44,42,50,732.00,"36,600.00"
2020-08-03,2020080301015685,EBL,42,49,73,731.00,"53,363.00"
2020-08-03,2020080301015795,EBL,44,40,50,734.00,"36,700.00"
2020-08-03,2020080301016064,EIC,39,49,200,397.00,"79,400.00"
2020-08-03,2020080301016063,EIC,39,44,200,396.00,"79,200.00"
2020-08-03,2020080301016056,FMDBL,14,34,80,518.00,"41,440.00"
2020-08-03,2020080301015912,FMDBL,14,36,100,515.00,"51,500.00"
2020-08-03,2020080301015828,FMDBL,56,36,200,515.00,"103,000.00"
2020-08-03,2020080301015827,FMDBL,19,36,500,515.00,"257,500.00"
2020-08-03,2020080301015840,FOWAD,36,42,19,"1,510.00","28,690.00"
2020-08-03,2020080301015839,FOWAD,36,1,34,"1,510.00","51,340.00"
2020-08-03,2020080301016067,GBIME,29,52,60,251.00,"15,060.00"
2020-08-03,2020080301016030,GBIME,56,52,394,251.00,"98,894.00"
2020-08-03,2020080301015979,GBIME,41,52,50,251.00,"12,550.00"
2020-08-03,2020080301015968,GBIME,1,52,250,251.00,"62,750.00"
2020-08-03,2020080301015966,GBIME,16,52,500,251.00,"125,500.00"
2020-08-03,2020080301015962,GBIME,49,39,10,250.00,"2,500.00"
2020-08-03,2020080301015952,GBIME,50,52,500,251.00,"125,500.00"
2020-08-03,2020080301016113,GBLBS,25,22,40,483.00,"19,320.00"
2020-08-03,2020080301016112,GBLBS,16,22,100,485.00,"48,500.00"
2020-08-03,2020080301016111,GBLBS,25,22,200,485.00,"97,000.00"
2020-08-03,2020080301016110,GBLBS,58,22,160,485.00,"77,600.00"
2020-08-03,2020080301015877,GFCL,58,38,40,150.00,"6,000.00"
2020-08-03,2020080301015770,GIMES1,49,49,"10,000",8.46,"84,600.00"
2020-08-03,2020080301016118,GLBSL,43,6,10,874.00,"8,740.00"
2020-08-03,2020080301016117,GLBSL,43,59,10,871.00,"8,710.00"
2020-08-03,2020080301016116,GLBSL,43,37,10,870.00,"8,700.00"
2020-08-03,2020080301016091,GLBSL,43,14,100,868.00,"86,800.00"
2020-08-03,2020080301016090,GLBSL,43,59,10,860.00,"8,600.00"
2020-08-03,2020080301016023,GLBSL,46,21,10,852.00,"8,520.00"
2020-08-03,2020080301016062,GLICL,50,48,10,454.00,"4,540.00"
2020-08-03,2020080301016013,GLICL,58,48,50,454.00,"22,700.00"
2020-08-03,2020080301015932,GLICL,25,34,500,455.00,"227,500.00"
2020-08-03,2020080301016069,GMFBS,25,34,10,795.00,"7,950.00"
2020-08-03,2020080301016068,GMFBS,25,32,10,791.00,"7,910.00"
2020-08-03,2020080301015813,GMFBS,50,32,29,785.00,"22,765.00"
2020-08-03,2020080301015812,GMFBS,50,42,10,785.00,"7,850.00"
2020-08-03,2020080301015811,GMFBS,50,32,785,785.00,"616,225.00"
2020-08-03,2020080301015810,GMFBS,50,28,30,785.00,"23,550.00"
2020-08-03,2020080301015809,GMFBS,50,50,100,784.00,"78,400.00"
2020-08-03,2020080301015808,GMFBS,50,34,10,784.00,"7,840.00"
2020-08-03,2020080301015807,GMFBS,50,33,15,784.00,"11,760.00"
2020-08-03,2020080301015806,GMFBS,50,58,10,777.00,"7,770.00"
2020-08-03,2020080301016066,GUFL,56,36,"4,423",117.00,"517,491.00"
2020-08-03,2020080301016065,GUFL,51,36,500,118.00,"59,000.00"
2020-08-03,2020080301015860,GUFL,32,36,20,119.00,"2,380.00"
2020-08-03,2020080301015869,HBL,38,11,81,547.00,"44,307.00"
2020-08-03,2020080301015822,HBL,38,11,225,547.00,"123,075.00"
2020-08-03,2020080301016005,HDL,16,38,10,"1,663.00","16,630.00"
2020-08-03,2020080301015918,HDL,48,13,100,"1,664.00","166,400.00"
2020-08-03,2020080301015917,HDL,48,7,100,"1,663.00","166,300.00"
2020-08-03,2020080301015916,HDL,48,53,100,"1,662.00","166,200.00"
2020-08-03,2020080301015951,HIDCL,34,56,28,129.00,"3,612.00"
2020-08-03,2020080301015744,HPPL,1,52,10,135.00,"1,350.00"
2020-08-03,2020080301015933,HURJA,36,42,10,96.00,960.00
2020-08-03,2020080301015736,IGI,6,56,10,436.00,"4,360.00"
2020-08-03,2020080301015708,ILBS,26,21,11,725.00,"7,975.00"
2020-08-03,2020080301016145,JBBL,49,48,81,172.00,"13,932.00"
2020-08-03,2020080301015941,JOSHI,28,6,20,61.00,"1,220.00"
2020-08-03,2020080301016026,JSLBB,51,56,16,"1,430.00","22,880.00"
2020-08-03,2020080301015785,KBL,21,6,25,194.00,"4,850.00"
2020-08-03,2020080301016008,KKHC,29,47,16,53.00,848.00
2020-08-03,2020080301016007,KKHC,29,47,16,53.00,848.00
2020-08-03,2020080301016055,KMCDB,10,34,10,789.00,"7,890.00"
2020-08-03,2020080301016015,KMCDB,10,47,10,788.00,"7,880.00"
2020-08-03,2020080301015873,KMCDB,1,18,10,780.00,"7,800.00"
2020-08-03,2020080301015986,KPCL,39,58,20,108.00,"2,160.00"
2020-08-03,2020080301015910,KRBL,57,57,30,103.00,"3,090.00"
2020-08-03,2020080301016123,KSBBL,59,37,500,149.00,"74,500.00"
2020-08-03,2020080301016025,KSBBL,10,57,100,148.00,"14,800.00"
2020-08-03,2020080301015668,KSBBL,59,33,"1,551",147.00,"227,997.00"
2020-08-03,2020080301016087,LBBL,34,8,165,189.00,"31,185.00"
2020-08-03,2020080301016086,LBBL,51,8,50,189.00,"9,450.00"
2020-08-03,2020080301016085,LBBL,53,8,"2,000",189.00,"378,000.00"
2020-08-03,2020080301016084,LBBL,51,8,100,189.00,"18,900.00"
2020-08-03,2020080301016083,LBBL,48,8,150,189.00,"28,350.00"
2020-08-03,2020080301016082,LBBL,25,8,200,189.00,"37,800.00"
2020-08-03,2020080301016081,LBBL,11,8,235,189.00,"44,415.00"
2020-08-03,2020080301015964,LBBL,11,3,400,189.00,"75,600.00"
2020-08-03,2020080301015899,LBBL,34,8,75,190.00,"14,250.00"
2020-08-03,2020080301015898,LBBL,44,8,100,190.00,"19,000.00"
2020-08-03,2020080301016043,LBL,35,20,11,229.00,"2,519.00"
2020-08-03,2020080301016000,LBL,34,37,42,230.00,"9,660.00"
2020-08-03,2020080301015999,LGIL,38,35,135,450.00,"60,750.00"
2020-08-03,2020080301015998,LGIL,38,26,100,450.00,"45,000.00"
2020-08-03,2020080301015997,LGIL,38,28,"1,000",450.00,"450,000.00"
2020-08-03,2020080301015996,LGIL,38,21,100,450.00,"45,000.00"
2020-08-03,2020080301015995,LGIL,38,50,90,450.00,"40,500.00"
2020-08-03,2020080301015994,LGIL,38,53,50,449.00,"22,450.00"
2020-08-03,2020080301015993,LGIL,38,45,91,449.00,"40,859.00"
2020-08-03,2020080301015992,LGIL,38,33,17,449.00,"7,633.00"
2020-08-03,2020080301015928,LGIL,38,33,156,449.00,"70,044.00"
2020-08-03,2020080301015969,LICN,33,50,100,"1,422.00","142,200.00"
2020-08-03,2020080301016048,MBL,1,51,50,229.00,"11,450.00"
2020-08-03,2020080301016031,MEGA,10,16,283,223.00,"63,109.00"
2020-08-03,2020080301015950,MEGA,10,16,200,223.00,"44,600.00"
2020-08-03,2020080301015949,MEGA,10,49,17,223.00,"3,791.00"
2020-08-03,2020080301015907,MEGA,58,49,144,223.00,"32,112.00"
2020-08-03,2020080301015868,MEGA,58,50,56,223.00,"12,488.00"
2020-08-03,2020080301015739,MEGA,38,34,171,222.00,"37,962.00"
2020-08-03,2020080301015738,MEGA,58,34,100,222.00,"22,200.00"
2020-08-03,2020080301015737,MEGA,7,34,851,222.00,"188,922.00"
2020-08-03,2020080301015713,MEGA,44,6,990,223.00,"220,770.00"
2020-08-03,2020080301015712,MEGA,44,51,"1,335",223.00,"297,705.00"
2020-08-03,2020080301015967,MERO,49,22,20,635.00,"12,700.00"
2020-08-03,2020080301015876,MERO,32,38,69,632.00,"43,608.00"
2020-08-03,2020080301015745,MERO,42,38,20,633.00,"12,660.00"
2020-08-03,2020080301016033,MFIL,32,4,47,271.00,"12,737.00"
2020-08-03,2020080301016032,MFIL,32,57,253,271.00,"68,563.00"
2020-08-03,2020080301015861,MMFDB,21,59,172,965.00,"165,980.00"
2020-08-03,2020080301015731,MNBBL,42,49,50,323.00,"16,150.00"
2020-08-03,2020080301015689,MNBBL,33,22,50,324.00,"16,200.00"
2020-08-03,2020080301015733,MNBBL,34,49,150,322.00,"48,300.00"
2020-08-03,2020080301015732,MNBBL,6,49,100,323.00,"32,300.00"
2020-08-03,2020080301016137,NABIL,4,58,200,821.00,"164,200.00"
2020-08-03,2020080301016016,NABIL,38,25,100,821.00,"82,100.00"
2020-08-03,2020080301015881,NABIL,50,26,30,820.00,"24,600.00"
2020-08-03,2020080301015880,NABIL,49,26,10,820.00,"8,200.00"
2020-08-03,2020080301015879,NABIL,34,26,50,820.00,"41,000.00"
2020-08-03,2020080301015878,NABIL,49,26,10,820.00,"8,200.00"
2020-08-03,2020080301015754,NABIL,42,41,100,821.00,"82,100.00"
2020-08-03,2020080301015705,NABIL,13,49,300,820.00,"246,000.00"
2020-08-03,2020080301016050,NADEP,3,52,20,623.00,"12,460.00"
2020-08-03,2020080301016151,NBB,57,39,129,200.00,"25,800.00"
2020-08-03,2020080301016150,NBB,32,39,200,200.00,"40,000.00"
2020-08-03,2020080301016149,NBB,13,39,100,200.00,"20,000.00"
2020-08-03,2020080301016148,NBB,32,39,113,200.00,"22,600.00"
2020-08-03,2020080301016147,NBB,44,39,200,201.00,"40,200.00"
2020-08-03,2020080301016146,NBB,39,39,38,201.00,"7,638.00"
2020-08-03,2020080301015726,NBB,38,44,220,202.00,"44,440.00"
2020-08-03,2020080301015725,NBB,38,34,50,202.00,"10,100.00"
2020-08-03,2020080301015724,NBB,38,4,530,202.00,"107,060.00"
2020-08-03,2020080301015723,NBB,39,50,62,201.00,"12,462.00"
2020-08-03,2020080301015722,NBB,42,50,114,201.00,"22,914.00"
2020-08-03,2020080301015983,NBL,46,4,200,252.00,"50,400.00"
2020-08-03,2020080301015945,NBL,16,4,500,253.00,"126,500.00"
2020-08-03,2020080301015673,NBL,57,4,415,253.00,"104,995.00"
2020-08-03,2020080301015672,NBL,57,13,57,253.00,"14,421.00"
2020-08-03,2020080301015671,NBL,57,51,400,253.00,"101,200.00"
2020-08-03,2020080301015670,NBL,57,45,100,253.00,"25,300.00"
2020-08-03,2020080301016060,NCCB,52,20,11,193.00,"2,123.00"
2020-08-03,2020080301015906,NCCB,49,42,100,194.00,"19,400.00"
2020-08-03,2020080301015866,NCCB,52,41,11,193.00,"2,123.00"
2020-08-03,2020080301015865,NCCB,6,41,361,193.00,"69,673.00"
2020-08-03,2020080301015831,NCCB,21,42,25,194.00,"4,850.00"
2020-08-03,2020080301015816,NCCB,6,49,639,193.00,"123,327.00"
2020-08-03,2020080301015815,NCCB,49,49,66,193.00,"12,738.00"
2020-08-03,2020080301015786,NGPL,47,52,11,115.00,"1,265.00"
2020-08-03,2020080301015735,NHPC,25,29,10,55.00,550.00
2020-08-03,2020080301016161,NIB,32,6,84,457.00,"38,388.00"
2020-08-03,2020080301016160,NIB,36,6,166,457.00,"75,862.00"
2020-08-03,2020080301016158,NIB,36,49,20,457.00,"9,140.00"
2020-08-03,2020080301016157,NIB,36,43,200,456.00,"91,200.00"
2020-08-03,2020080301016094,NIB,29,50,23,454.00,"10,442.00"
2020-08-03,2020080301016093,NIB,14,50,26,455.00,"11,830.00"
2020-08-03,2020080301016092,NIB,14,38,14,455.00,"6,370.00"
2020-08-03,2020080301015931,NIB,36,49,105,455.00,"47,775.00"
2020-08-03,2020080301016121,NICA,14,39,300,555.00,"166,500.00"
2020-08-03,2020080301015676,NICA,14,49,500,555.00,"277,500.00"
2020-08-03,2020080301016138,NICLBSL,47,20,10,786.00,"7,860.00"
2020-08-03,2020080301016115,NICLBSL,47,18,10,786.00,"7,860.00"
2020-08-03,2020080301016078,NICLBSL,47,21,10,786.00,"7,860.00"
2020-08-03,2020080301015982,NICLBSL,47,58,10,786.00,"7,860.00"
2020-08-03,2020080301015961,NICLBSL,36,18,10,785.00,"7,850.00"
2020-08-03,2020080301015955,NICLBSL,36,17,10,785.00,"7,850.00"
2020-08-03,2020080301015686,NICLBSL,54,17,10,787.00,"7,870.00"
2020-08-03,2020080301015667,NICLBSL,54,18,10,787.00,"7,870.00"
2020-08-03,2020080301015787,NICLBSL,36,21,10,785.00,"7,850.00"
2020-08-03,2020080301015748,NICLBSL,5,33,140,787.00,"110,180.00"
2020-08-03,2020080301015743,NICLBSL,36,17,10,785.00,"7,850.00"
2020-08-03,2020080301015711,NICLBSL,36,17,10,785.00,"7,850.00"
2020-08-03,2020080301015704,NICLBSL,57,33,100,787.00,"78,700.00"
2020-08-03,2020080301015692,NICLBSL,54,33,10,787.00,"7,870.00"
2020-08-03,2020080301015870,NICLBSL,36,17,10,785.00,"7,850.00"
2020-08-03,2020080301015838,NICLBSL,36,17,10,785.00,"7,850.00"
2020-08-03,2020080301015836,NICLBSL,36,44,10,785.00,"7,850.00"
2020-08-03,2020080301015835,NICLBSL,36,18,10,785.00,"7,850.00"
2020-08-03,2020080301015825,NICLBSL,36,17,10,785.00,"7,850.00"
2020-08-03,2020080301015801,NICLBSL,36,17,10,785.00,"7,850.00"
2020-08-03,2020080301015889,NICLBSL,19,59,10,789.00,"7,890.00"
2020-08-03,2020080301015888,NICLBSL,19,48,20,788.00,"15,760.00"
2020-08-03,2020080301015887,NICLBSL,19,48,10,788.00,"7,880.00"
2020-08-03,2020080301015886,NICLBSL,19,48,10,788.00,"7,880.00"
2020-08-03,2020080301015885,NICLBSL,19,48,10,788.00,"7,880.00"
2020-08-03,2020080301015884,NICLBSL,19,5,10,787.00,"7,870.00"
2020-08-03,2020080301015895,NICLBSL,19,57,10,790.00,"7,900.00"
2020-08-03,2020080301015894,NICLBSL,19,57,20,790.00,"15,800.00"
2020-08-03,2020080301015893,NICLBSL,19,57,20,789.00,"15,780.00"
2020-08-03,2020080301015892,NICLBSL,19,59,10,789.00,"7,890.00"
2020-08-03,2020080301015891,NICLBSL,19,59,10,789.00,"7,890.00"
2020-08-03,2020080301015890,NICLBSL,19,10,10,789.00,"7,890.00"
2020-08-03,2020080301015954,NICLBSL,36,34,10,785.00,"7,850.00"
2020-08-03,2020080301015936,NICLBSL,36,17,10,785.00,"7,850.00"
2020-08-03,2020080301015935,NICLBSL,36,18,10,785.00,"7,850.00"
2020-08-03,2020080301015929,NICLBSL,36,17,10,785.00,"7,850.00"
2020-08-03,2020080301015919,NICLBSL,36,17,10,785.00,"7,850.00"
2020-08-03,2020080301015903,NICLBSL,36,59,10,785.00,"7,850.00"
2020-08-03,2020080301016074,NLBBL,33,41,80,686.00,"54,880.00"
2020-08-03,2020080301016073,NLBBL,26,41,20,690.00,"13,800.00"
2020-08-03,2020080301016143,NLIC,44,51,100,"1,329.00","132,900.00"
2020-08-03,2020080301016128,NLIC,25,51,100,"1,329.00","132,900.00"
2020-08-03,2020080301016114,NLIC,57,49,50,"1,328.00","66,400.00"
2020-08-03,2020080301016089,NLIC,57,20,22,"1,328.00","29,216.00"
2020-08-03,2020080301016054,NLIC,55,51,50,"1,329.00","66,450.00"
2020-08-03,2020080301016053,NLIC,50,51,124,"1,329.00","164,796.00"
2020-08-03,2020080301015701,NLIC,25,40,22,"1,328.00","29,216.00"
2020-08-03,2020080301015679,NLIC,25,29,40,"1,328.00","53,120.00"
2020-08-03,2020080301015875,NLIC,57,42,32,"1,328.00","42,496.00"
2020-08-03,2020080301015843,NLIC,57,58,64,"1,328.00","84,992.00"
2020-08-03,2020080301015842,NLIC,22,58,100,"1,328.00","132,800.00"
2020-08-03,2020080301015841,NLIC,25,58,365,"1,328.00","484,720.00"
2020-08-03,2020080301015818,NLIC,25,41,25,"1,328.00","33,200.00"
2020-08-03,2020080301015784,NLIC,57,57,"1,650","1,329.00","2,192,850.00"
2020-08-03,2020080301015978,NLIC,50,22,66,"1,329.00","87,714.00"
2020-08-03,2020080301015977,NLIC,50,16,110,"1,329.00","146,190.00"
2020-08-03,2020080301015965,NLIC,57,42,22,"1,328.00","29,216.00"
2020-08-03,2020080301015947,NLIC,19,16,90,"1,329.00","119,610.00"
2020-08-03,2020080301015946,NLIC,19,22,110,"1,329.00","146,190.00"
2020-08-03,2020080301015921,NLIC,57,35,88,"1,330.00","117,040.00"
2020-08-03,2020080301015837,NLICL,32,14,210,671.00,"140,910.00"
2020-08-03,2020080301015817,NLICL,32,49,23,670.00,"15,410.00"
2020-08-03,2020080301015707,NLICL,59,22,500,669.00,"334,500.00"
2020-08-03,2020080301016130,NMB,29,28,200,419.00,"83,800.00"
2020-08-03,2020080301016088,NMB,14,54,994,418.00,"415,492.00"
2020-08-03,2020080301016072,NMB,58,54,500,418.00,"209,000.00"
2020-08-03,2020080301016027,NMB,55,33,50,417.00,"20,850.00"
2020-08-03,2020080301016020,NMB,48,33,300,417.00,"125,100.00"
2020-08-03,2020080301016019,NMB,49,33,100,417.00,"41,700.00"
2020-08-03,2020080301015791,NMB,51,28,50,419.00,"20,950.00"
2020-08-03,2020080301016018,NMB,36,33,500,417.00,"208,500.00"
2020-08-03,2020080301016017,NMB,18,33,50,417.00,"20,850.00"
2020-08-03,2020080301015897,NMB,50,54,50,418.00,"20,900.00"
2020-08-03,2020080301015896,NMB,14,54,456,418.00,"190,608.00"
2020-08-03,2020080301015872,NMB,14,49,13,418.00,"5,434.00"
2020-08-03,2020080301015826,NMB,14,21,200,418.00,"83,600.00"
2020-08-03,2020080301016153,NMBMF,37,5,150,725.00,"108,750.00"
2020-08-03,2020080301015987,NMBMF,44,5,50,725.00,"36,250.00"
2020-08-03,2020080301015675,NMBMF,51,5,20,726.00,"14,520.00"
2020-08-03,2020080301016163,NRIC,32,50,40,588.00,"23,520.00"
2020-08-03,2020080301016162,NRIC,32,20,25,588.00,"14,700.00"
2020-08-03,2020080301016159,NRIC,41,21,50,587.00,"29,350.00"
2020-08-03,2020080301016156,NRIC,28,20,25,588.00,"14,700.00"
2020-08-03,2020080301016154,NRIC,41,38,40,587.00,"23,480.00"
2020-08-03,2020080301016141,NRIC,41,3,330,587.00,"193,710.00"
2020-08-03,2020080301015694,NRIC,54,25,76,587.00,"44,612.00"
2020-08-03,2020080301015693,NRIC,54,34,450,587.00,"264,150.00"
2020-08-03,2020080301015678,NRIC,42,29,10,588.00,"5,880.00"
2020-08-03,2020080301015677,NRIC,54,18,40,587.00,"23,480.00"
2020-08-03,2020080301015669,NRIC,54,20,40,587.00,"23,480.00"
2020-08-03,2020080301015773,NRIC,25,29,330,588.00,"194,040.00"
2020-08-03,2020080301015772,NRIC,25,25,589,587.00,"345,743.00"
2020-08-03,2020080301015771,NRIC,14,20,40,586.00,"23,440.00"
2020-08-03,2020080301015697,NRIC,50,25,200,587.00,"117,400.00"
2020-08-03,2020080301015696,NRIC,32,25,65,587.00,"38,155.00"
2020-08-03,2020080301015695,NRIC,35,25,100,587.00,"58,700.00"
2020-08-03,2020080301015779,NRIC,25,55,40,589.00,"23,560.00"
2020-08-03,2020080301015778,NRIC,25,55,30,589.00,"17,670.00"
2020-08-03,2020080301015777,NRIC,25,26,40,588.00,"23,520.00"
2020-08-03,2020080301015776,NRIC,25,46,200,588.00,"117,600.00"
2020-08-03,2020080301015775,NRIC,25,48,40,588.00,"23,520.00"
2020-08-03,2020080301015774,NRIC,25,16,150,588.00,"88,200.00"
2020-08-03,2020080301015821,NRIC,19,20,40,587.00,"23,480.00"
2020-08-03,2020080301015820,NRIC,19,21,40,587.00,"23,480.00"
2020-08-03,2020080301015783,NRIC,25,45,31,589.00,"18,259.00"
2020-08-03,2020080301015782,NRIC,25,57,"1,010",589.00,"594,890.00"
2020-08-03,2020080301015781,NRIC,25,6,40,589.00,"23,560.00"
2020-08-03,2020080301015780,NRIC,25,35,500,589.00,"294,500.00"
2020-08-03,2020080301015920,NRIC,19,38,40,587.00,"23,480.00"
2020-08-03,2020080301015915,NRIC,19,20,40,587.00,"23,480.00"
2020-08-03,2020080301015913,NRIC,19,49,55,587.00,"32,285.00"
2020-08-03,2020080301015911,NRIC,19,41,50,587.00,"29,350.00"
2020-08-03,2020080301015862,NRIC,19,20,40,587.00,"23,480.00"
2020-08-03,2020080301015823,NRIC,19,18,40,587.00,"23,480.00"
2020-08-03,2020080301015972,NRIC,29,20,35,587.00,"20,545.00"
2020-08-03,2020080301015939,NRIC,29,38,15,587.00,"8,805.00"
2020-08-03,2020080301015938,NRIC,19,38,35,587.00,"20,545.00"
2020-08-03,2020080301015937,NRIC,19,34,40,587.00,"23,480.00"
2020-08-03,2020080301015934,NRIC,19,20,40,587.00,"23,480.00"
2020-08-03,2020080301015923,NRIC,19,18,40,587.00,"23,480.00"
2020-08-03,2020080301016035,NRIC,25,38,30,587.00,"17,610.00"
2020-08-03,2020080301016034,NRIC,22,38,20,587.00,"11,740.00"
2020-08-03,2020080301016024,NRIC,22,18,40,587.00,"23,480.00"
2020-08-03,2020080301016014,NRIC,22,20,50,587.00,"29,350.00"
2020-08-03,2020080301015988,NRIC,22,38,50,587.00,"29,350.00"
2020-08-03,2020080301015980,NRIC,22,18,40,587.00,"23,480.00"
2020-08-03,2020080301016071,NRIC,8,44,30,588.00,"17,640.00"
2020-08-03,2020080301016070,NRIC,8,38,30,588.00,"17,640.00"
2020-08-03,2020080301016052,NRIC,11,38,100,588.00,"58,800.00"
2020-08-03,2020080301016040,NRIC,49,38,10,588.00,"5,880.00"
2020-08-03,2020080301016039,NRIC,49,57,80,588.00,"47,040.00"
2020-08-03,2020080301016038,NRIC,49,29,10,588.00,"5,880.00"
2020-08-03,2020080301016140,NRIC,7,3,30,587.00,"17,610.00"
2020-08-03,2020080301016139,NRIC,25,3,10,587.00,"5,870.00"
2020-08-03,2020080301016136,NRIC,25,20,50,587.00,"29,350.00"
2020-08-03,2020080301016129,NRIC,25,47,10,587.00,"5,870.00"
2020-08-03,2020080301016107,NRIC,17,34,50,588.00,"29,400.00"
2020-08-03,2020080301016095,NRIC,8,38,40,588.00,"23,520.00"
2020-08-03,2020080301015883,NSEWA,43,42,10,710.00,"7,100.00"
2020-08-03,2020080301015882,NSEWA,43,49,10,704.00,"7,040.00"
2020-08-03,2020080301015730,NSEWA,43,36,10,700.00,"7,000.00"
2020-08-03,2020080301015729,NSEWA,43,29,10,700.00,"7,000.00"
2020-08-03,2020080301015728,NSEWA,43,29,10,700.00,"7,000.00"
2020-08-03,2020080301015727,NSEWA,43,35,50,699.00,"34,950.00"
2020-08-03,2020080301016144,NTC,35,35,50,652.00,"32,600.00"
2020-08-03,2020080301015942,OHL,43,14,30,361.00,"10,830.00"
2020-08-03,2020080301016164,PCBL,29,35,100,270.00,"27,000.00"
2020-08-03,2020080301016029,PCBL,1,13,500,270.00,"135,000.00"
2020-08-03,2020080301016028,PCBL,19,13,200,270.00,"54,000.00"
2020-08-03,2020080301015976,PCBL,32,44,235,270.00,"63,450.00"
2020-08-03,2020080301015832,PCBL,41,44,500,270.00,"135,000.00"
2020-08-03,2020080301015740,PCBL,28,44,100,270.00,"27,000.00"
2020-08-03,2020080301015856,PFL,11,13,807,150.00,"121,050.00"
2020-08-03,2020080301015721,PFL,11,42,42,150.00,"6,300.00"
2020-08-03,2020080301015720,PFL,11,10,42,150.00,"6,300.00"
2020-08-03,2020080301015719,PFL,11,55,24,150.00,"3,600.00"
2020-08-03,2020080301015718,PFL,11,42,42,150.00,"6,300.00"
2020-08-03,2020080301015717,PFL,11,42,14,150.00,"2,100.00"
2020-08-03,2020080301015716,PFL,11,14,29,150.00,"4,350.00"
2020-08-03,2020080301016049,PIC,51,22,50,625.00,"31,250.00"
2020-08-03,2020080301016011,PLIC,59,35,125,540.00,"67,500.00"
2020-08-03,2020080301016010,PLIC,59,35,50,540.00,"27,000.00"
2020-08-03,2020080301015864,PLIC,10,25,136,535.00,"72,760.00"
2020-08-03,2020080301015765,PLIC,49,36,100,539.00,"53,900.00"
2020-08-03,2020080301015847,PLIC,53,25,50,536.00,"26,800.00"
2020-08-03,2020080301015846,PLIC,45,25,50,536.00,"26,800.00"
2020-08-03,2020080301015845,PLIC,49,25,100,538.00,"53,800.00"
2020-08-03,2020080301015844,PLIC,35,25,939,538.00,"505,182.00"
2020-08-03,2020080301015767,PLIC,35,36,61,538.00,"32,818.00"
2020-08-03,2020080301015766,PLIC,57,36,339,538.00,"182,382.00"
2020-08-03,2020080301015853,PLIC,57,25,50,535.00,"26,750.00"
2020-08-03,2020080301015852,PLIC,28,25,500,535.00,"267,500.00"
2020-08-03,2020080301015851,PLIC,26,25,50,535.00,"26,750.00"
2020-08-03,2020080301015850,PLIC,38,25,300,535.00,"160,500.00"
2020-08-03,2020080301015849,PLIC,38,25,300,536.00,"160,800.00"
2020-08-03,2020080301015848,PLIC,32,25,25,536.00,"13,400.00"
2020-08-03,2020080301015922,PMHPL,22,26,10,77.00,770.00
2020-08-03,2020080301016001,PPCL,33,29,10,115.00,"1,150.00"
2020-08-03,2020080301015914,PRIN,36,32,100,478.00,"47,800.00"
2020-08-03,2020080301015798,PRIN,34,36,100,480.00,"48,000.00"
2020-08-03,2020080301016002,PROFL,45,22,200,102.00,"20,400.00"
2020-08-03,2020080301016166,PRVU,39,52,10,238.00,"2,380.00"
2020-08-03,2020080301016155,PRVU,38,52,200,238.00,"47,600.00"
2020-08-03,2020080301016037,PRVU,43,52,100,238.00,"23,800.00"
2020-08-03,2020080301016036,PRVU,38,52,50,238.00,"11,900.00"
2020-08-03,2020080301015930,RBCL,18,22,10,"9,400.00","94,000.00"
2020-08-03,2020080301015819,RBCLPO,1,17,10,"8,100.00","81,000.00"
2020-08-03,2020080301016142,RHPL,36,42,200,143.00,"28,600.00"
2020-08-03,2020080301015863,RHPL,36,21,20,143.00,"2,860.00"
2020-08-03,2020080301015687,RHPL,36,20,10,143.00,"1,430.00"
2020-08-03,2020080301016165,RMDC,29,41,45,723.00,"32,535.00"
2020-08-03,2020080301015797,RMDC,43,22,141,732.00,"103,212.00"
2020-08-03,2020080301015764,RMDC,43,22,512,732.00,"374,784.00"
2020-08-03,2020080301015763,RMDC,43,5,100,731.00,"73,100.00"
2020-08-03,2020080301015762,RMDC,43,50,27,731.00,"19,737.00"
2020-08-03,2020080301015761,RMDC,43,49,50,731.00,"36,550.00"
2020-08-03,2020080301015760,RMDC,43,5,400,730.00,"292,000.00"
2020-08-03,2020080301015759,RMDC,43,36,200,730.00,"146,000.00"
2020-08-03,2020080301015758,RMDC,43,56,29,730.00,"21,170.00"
2020-08-03,2020080301015757,RMDC,43,42,117,729.00,"85,293.00"
2020-08-03,2020080301015756,RMDC,43,41,40,729.00,"29,160.00"
2020-08-03,2020080301015755,RMDC,43,14,25,725.00,"18,125.00"
2020-08-03,2020080301016058,RRHP,40,48,10,103.00,"1,030.00"
2020-08-03,2020080301015981,RRHP,40,48,10,103.00,"1,030.00"
2020-08-03,2020080301015940,RRHP,40,52,10,102.00,"1,020.00"
2020-08-03,2020080301016135,RSDC,7,22,58,483.00,"28,014.00"
2020-08-03,2020080301016134,RSDC,57,22,50,484.00,"24,200.00"
2020-08-03,2020080301016133,RSDC,38,22,25,484.00,"12,100.00"
2020-08-03,2020080301016132,RSDC,33,22,100,485.00,"48,500.00"
2020-08-03,2020080301016131,RSDC,56,22,267,485.00,"129,495.00"
2020-08-03,2020080301015805,RSDC,56,7,33,485.00,"16,005.00"
2020-08-03,2020080301015804,RSDC,1,7,60,485.00,"29,100.00"
2020-08-03,2020080301015803,RSDC,22,7,22,485.00,"10,670.00"
2020-08-03,2020080301015802,RSDC,56,7,35,486.00,"17,010.00"
2020-08-03,2020080301015700,RSDC,56,56,50,486.00,"24,300.00"
2020-08-03,2020080301016012,SABSL,7,21,11,740.00,"8,140.00"
2020-08-03,2020080301015684,SABSL,22,25,211,754.00,"159,094.00"
2020-08-03,2020080301015683,SABSL,22,51,69,753.00,"51,957.00"
2020-08-03,2020080301015682,SABSL,22,41,11,750.00,"8,250.00"
2020-08-03,2020080301015681,SABSL,22,38,11,750.00,"8,250.00"
2020-08-03,2020080301015680,SABSL,22,7,100,746.00,"74,600.00"
2020-08-03,2020080301015710,SADBL,34,47,50,145.00,"7,250.00"
2020-08-03,2020080301015709,SADBL,34,14,50,145.00,"7,250.00"
2020-08-03,2020080301016119,SANIMA,44,44,"1,000",355.00,"355,000.00"
2020-08-03,2020080301016022,SANIMA,17,44,50,356.00,"17,800.00"
2020-08-03,2020080301015924,SANIMA,44,36,"1,000",355.00,"355,000.00"
2020-08-03,2020080301016152,SAPDBL,56,1,60,124.00,"7,440.00"
2020-08-03,2020080301015871,SAPDBL,37,42,116,122.00,"14,152.00"
2020-08-03,2020080301016006,SBL,17,13,50,302.00,"15,100.00"
2020-08-03,2020080301016057,SCB,6,55,300,656.00,"196,800.00"
2020-08-03,2020080301015794,SCB,19,55,25,656.00,"16,400.00"
2020-08-03,2020080301015793,SCB,17,55,50,656.00,"32,800.00"
2020-08-03,2020080301015792,SCB,14,55,360,656.00,"236,160.00"
2020-08-03,2020080301015742,SCB,14,41,270,656.00,"177,120.00"
2020-08-03,2020080301015741,SCB,19,41,30,657.00,"19,710.00"
2020-08-03,2020080301015714,SCB,19,20,20,657.00,"13,140.00"
2020-08-03,2020080301016080,SDESI,51,57,17,840.00,"14,280.00"
2020-08-03,2020080301016079,SDESI,51,44,33,840.00,"27,720.00"
2020-08-03,2020080301016099,SHINE,34,40,18,235.00,"4,230.00"
2020-08-03,2020080301016098,SHINE,34,40,140,235.00,"32,900.00"
2020-08-03,2020080301015971,SHINE,34,47,360,235.00,"84,600.00"
2020-08-03,2020080301015948,SHINE,49,35,10,234.00,"2,340.00"
2020-08-03,2020080301015858,SHINE,28,47,15,235.00,"3,525.00"
2020-08-03,2020080301015857,SHINE,47,47,85,235.00,"19,975.00"
2020-08-03,2020080301015824,SHINE,49,20,87,234.00,"20,358.00"
2020-08-03,2020080301015927,SHIVM,28,25,10,583.00,"5,830.00"
2020-08-03,2020080301015926,SHIVM,28,26,40,583.00,"23,320.00"
2020-08-03,2020080301015800,SHIVM,11,26,10,583.00,"5,830.00"
2020-08-03,2020080301015799,SHIVM,11,38,10,583.00,"5,830.00"
2020-08-03,2020080301016108,SHPC,28,7,200,220.00,"44,000.00"
2020-08-03,2020080301015874,SHPC,28,49,40,220.00,"8,800.00"
2020-08-03,2020080301016127,SICL,40,59,117,"1,213.00","141,921.00"
2020-08-03,2020080301016126,SICL,40,11,50,"1,213.00","60,650.00"
2020-08-03,2020080301016125,SICL,40,35,10,"1,212.00","12,120.00"
2020-08-03,2020080301016124,SICL,40,26,30,"1,212.00","36,360.00"
2020-08-03,2020080301016045,SIL,41,6,50,591.00,"29,550.00"
2020-08-03,2020080301016044,SIL,41,48,150,591.00,"88,650.00"
2020-08-03,2020080301015974,SJCL,3,42,20,135.00,"2,700.00"
2020-08-03,2020080301015746,SKBBL,10,22,50,"1,225.00","61,250.00"
2020-08-03,2020080301015984,SLBBL,1,34,75,817.00,"61,275.00"
2020-08-03,2020080301015859,SLBBL,42,34,25,817.00,"20,425.00"
2020-08-03,2020080301016109,SLBS,34,41,18,955.00,"17,190.00"
2020-08-03,2020080301015970,SLBS,45,25,50,940.00,"47,000.00"
2020-08-03,2020080301016077,SLICL,4,17,222,440.00,"97,680.00"
2020-08-03,2020080301016076,SLICL,4,48,100,439.00,"43,900.00"
2020-08-03,2020080301016075,SLICL,4,41,34,439.00,"14,926.00"
2020-08-03,2020080301015904,SLICL,33,17,230,440.00,"101,200.00"
2020-08-03,2020080301015747,SLICL,57,17,14,440.00,"6,160.00"
2020-08-03,2020080301016021,SMB,34,17,10,826.00,"8,260.00"
2020-08-03,2020080301016004,SMB,34,33,10,815.00,"8,150.00"
2020-08-03,2020080301016003,SMB,34,50,55,814.00,"44,770.00"
2020-08-03,2020080301016120,SPARS,50,32,26,810.00,"21,060.00"
2020-08-03,2020080301015905,SPDL,35,35,130,98.00,"12,740.00"
2020-08-03,2020080301015814,SPDL,35,52,15,98.00,"1,470.00"
2020-08-03,2020080301015909,SRBL,34,33,989,237.00,"234,393.00"
2020-08-03,2020080301015908,SRBL,25,33,11,238.00,"2,618.00"
2020-08-03,2020080301015867,UFL,34,28,200,179.00,"35,800.00"
2020-08-03,2020080301016097,UIC,52,17,300,363.00,"108,900.00"
2020-08-03,2020080301016051,UIC,53,35,150,364.00,"54,600.00"
2020-08-03,2020080301016009,UIC,53,17,250,363.00,"90,750.00"
2020-08-03,2020080301015990,UIC,32,17,50,363.00,"18,150.00"
2020-08-03,2020080301015769,UIC,57,54,50,362.00,"18,100.00"
2020-08-03,2020080301016059,UMHL,40,35,100,104.00,"10,400.00"
2020-08-03,2020080301016122,UPPER,52,52,40,227.00,"9,080.00"
2020-08-03,2020080301016061,UPPER,52,52,50,227.00,"11,350.00"
2020-08-03,2020080301015956,UPPER,52,52,50,227.00,"11,350.00"
2020-08-03,2020080301015855,UPPER,52,52,10,227.00,"2,270.00"
2020-08-03,2020080301015854,UPPER,1,52,30,227.00,"6,810.00"
2020-08-03,2020080301015703,UPPER,1,36,70,227.00,"15,890.00"
2020-08-03,2020080301015702,UPPER,8,36,70,227.00,"15,890.00"
2020-08-03,2020080301015674,UPPER,8,52,50,227.00,"11,350.00"
2020-08-03,2020080301016047,WOMI,34,46,25,905.00,"22,625.00"
2020-08-03,2020080301016046,WOMI,34,45,25,905.00,"22,625.00"
2020-08-03,2020080301015634,ACLBSL,57,20,10,654.00,"6,540.00"
2020-08-03,2020080301015537,AHPC,52,38,404,93.00,"37,572.00"
2020-08-03,2020080301015524,AHPC,13,6,469,94.00,"44,086.00"
2020-08-03,2020080301015372,ALBSL,5,42,11,695.00,"7,645.00"
2020-08-03,2020080301015599,ALICL,38,58,145,620.00,"89,900.00"
2020-08-03,2020080301015598,ALICL,57,58,45,621.00,"27,945.00"
2020-08-03,2020080301015591,ALICL,48,6,200,622.00,"124,400.00"
2020-08-03,2020080301015421,ALICL,57,21,55,621.00,"34,155.00"
2020-08-03,2020080301015420,ALICL,57,21,45,621.00,"27,945.00"
2020-08-03,2020080301015258,ALICL,57,38,455,621.00,"282,555.00"
2020-08-03,2020080301015257,ALICL,16,38,80,622.00,"49,760.00"
2020-08-03,2020080301015597,API,11,54,523,108.00,"56,484.00"
2020-08-03,2020080301015596,API,11,14,18,108.00,"1,944.00"
2020-08-03,2020080301015595,API,11,41,100,108.00,"10,800.00"
2020-08-03,2020080301015594,API,11,1,359,108.00,"38,772.00"
2020-08-03,2020080301015555,BARUN,22,42,10,85.00,850.00
2020-08-03,2020080301015377,BFC,14,51,160,100.00,"16,000.00"
2020-08-03,2020080301015606,BPCL,54,8,10,352.00,"3,520.00"
2020-08-03,2020080301015518,BPCL,6,38,24,351.00,"8,424.00"
2020-08-03,2020080301015417,BPCL,39,8,988,352.00,"347,776.00"
2020-08-03,2020080301015394,BPCL,39,42,12,352.00,"4,224.00"
2020-08-03,2020080301015437,CBBL,53,5,10,"1,065.00","10,650.00"
2020-08-03,2020080301015659,CBL,21,29,30,146.00,"4,380.00"
2020-08-03,2020080301015607,CBL,51,7,102,145.00,"14,790.00"
2020-08-03,2020080301015509,CCBL,4,29,100,175.00,"17,500.00"
2020-08-03,2020080301015402,CCBL,4,42,38,175.00,"6,650.00"
2020-08-03,2020080301015384,CCBL,4,6,91,175.00,"15,925.00"
2020-08-03,2020080301015383,CCBL,37,6,93,176.00,"16,368.00"
2020-08-03,2020080301015351,CCBL,37,51,135,176.00,"23,760.00"
2020-08-03,2020080301015350,CCBL,37,51,12,176.00,"2,112.00"
2020-08-03,2020080301015349,CCBL,37,51,11,176.00,"1,936.00"
2020-08-03,2020080301015348,CCBL,37,51,139,176.00,"24,464.00"
2020-08-03,2020080301015347,CCBL,37,14,500,176.00,"88,000.00"
2020-08-03,2020080301015346,CCBL,37,6,110,176.00,"19,360.00"
2020-08-03,2020080301015331,CCBL,4,50,390,175.00,"68,250.00"
2020-08-03,2020080301015299,CCBL,4,20,10,175.00,"1,750.00"
2020-08-03,2020080301015605,CHCL,1,50,527,381.00,"200,787.00"
2020-08-03,2020080301015604,CHCL,5,50,500,381.00,"190,500.00"
2020-08-03,2020080301015603,CHCL,47,50,100,382.00,"38,200.00"
2020-08-03,2020080301015602,CHCL,41,50,163,382.00,"62,266.00"
2020-08-03,2020080301015382,CHCL,41,1,100,382.00,"38,200.00"
2020-08-03,2020080301015623,CIT,42,25,35,"2,500.00","87,500.00"
2020-08-03,2020080301015277,CLBSL,43,39,50,675.00,"33,750.00"
2020-08-03,2020080301015459,CZBIL,4,29,147,195.00,"28,665.00"
2020-08-03,2020080301015419,CZBIL,48,56,63,196.00,"12,348.00"
2020-08-03,2020080301015369,CZBIL,21,56,25,196.00,"4,900.00"
2020-08-03,2020080301015640,DDBL,4,51,10,842.00,"8,420.00"
2020-08-03,2020080301015639,DDBL,4,35,200,842.00,"168,400.00"
2020-08-03,2020080301015638,DDBL,4,44,155,842.00,"130,510.00"
2020-08-03,2020080301015416,DDBL,16,44,200,842.00,"168,400.00"
2020-08-03,2020080301015642,DHPL,6,51,150,54.00,"8,100.00"
2020-08-03,2020080301015452,DHPL,6,43,400,54.00,"21,600.00"
2020-08-03,2020080301015516,EBL,44,19,"1,000",730.00,"730,000.00"
2020-08-03,2020080301015471,EBL,44,25,25,730.00,"18,250.00"
2020-08-03,2020080301015470,EBL,44,11,209,730.00,"152,570.00"
2020-08-03,2020080301015171,EBL,14,29,500,729.00,"364,500.00"
2020-08-03,2020080301015477,EIC,38,32,100,396.00,"39,600.00"
2020-08-03,2020080301015200,EIC,38,32,20,398.00,"7,960.00"
2020-08-03,2020080301015586,FMDBL,42,55,81,516.00,"41,796.00"
2020-08-03,2020080301015400,FMDBL,42,57,219,516.00,"113,004.00"
2020-08-03,2020080301015399,FMDBL,45,57,50,516.00,"25,800.00"
2020-08-03,2020080301015398,FMDBL,41,57,164,517.00,"84,788.00"
2020-08-03,2020080301015397,FMDBL,45,57,67,517.00,"34,639.00"
2020-08-03,2020080301015354,FMDBL,45,7,33,517.00,"17,061.00"
2020-08-03,2020080301015353,FMDBL,42,7,44,518.00,"22,792.00"
2020-08-03,2020080301015271,FMDBL,42,39,56,518.00,"29,008.00"
2020-08-03,2020080301015270,FMDBL,58,39,44,518.00,"22,792.00"
2020-08-03,2020080301015342,FOWAD,18,1,50,"1,510.00","75,500.00"
2020-08-03,2020080301015582,GBIME,49,42,53,250.00,"13,250.00"
2020-08-03,2020080301015529,GBIME,28,52,390,251.00,"97,890.00"
2020-08-03,2020080301015517,GBIME,39,52,"2,000",251.00,"502,000.00"
2020-08-03,2020080301015465,GBIME,56,52,35,251.00,"8,785.00"
2020-08-03,2020080301015440,GBIME,56,34,30,251.00,"7,530.00"
2020-08-03,2020080301015439,GBIME,56,52,325,251.00,"81,575.00"
2020-08-03,2020080301015357,GBIME,51,28,50,250.00,"12,500.00"
2020-08-03,2020080301015356,GBIME,45,28,10,250.00,"2,500.00"
2020-08-03,2020080301015238,GBIME,5,52,100,251.00,"25,100.00"
2020-08-03,2020080301015418,GBIME,49,42,44,250.00,"11,000.00"
2020-08-03,2020080301015362,GBIME,49,28,52,250.00,"13,000.00"
2020-08-03,2020080301015361,GBIME,45,28,51,250.00,"12,750.00"
2020-08-03,2020080301015360,GBIME,8,28,100,250.00,"25,000.00"
2020-08-03,2020080301015359,GBIME,56,28,100,250.00,"25,000.00"
2020-08-03,2020080301015358,GBIME,45,28,150,250.00,"37,500.00"
2020-08-03,2020080301015431,GHL,52,58,30,63.00,"1,890.00"
2020-08-03,2020080301015380,GHL,52,34,10,62.00,620.00
2020-08-03,2020080301015365,GHL,52,7,10,61.00,610.00
2020-08-03,2020080301015199,GHL,52,49,20,60.00,"1,200.00"
2020-08-03,2020080301015565,GILB,34,45,50,"1,218.00","60,900.00"
2020-08-03,2020080301015564,GILB,34,47,56,"1,217.00","68,152.00"
2020-08-03,2020080301015549,GLICL,58,49,50,454.00,"22,700.00"
2020-08-03,2020080301015265,GLICL,28,17,50,455.00,"22,750.00"
2020-08-03,2020080301015414,GMFBS,44,58,10,772.00,"7,720.00"
2020-08-03,2020080301015415,GMFIL,35,29,10,124.00,"1,240.00"
2020-08-03,2020080301015207,GRDBL,39,25,300,111.00,"33,300.00"
2020-08-03,2020080301015189,GRDBL,39,39,50,109.00,"5,450.00"
2020-08-03,2020080301015567,HDL,6,49,50,"1,662.00","83,100.00"
2020-08-03,2020080301015562,HDL,36,34,30,"1,660.00","49,800.00"
2020-08-03,2020080301015484,HGI,1,7,500,405.00,"202,500.00"
2020-08-03,2020080301015483,HGI,45,7,20,405.00,"8,100.00"
2020-08-03,2020080301015632,HPPL,1,52,10,135.00,"1,350.00"
2020-08-03,2020080301015534,HPPL,1,26,10,135.00,"1,350.00"
2020-08-03,2020080301015167,HURJA,14,17,10,97.00,970.00
2020-08-03,2020080301015666,IGI,6,32,50,436.00,"21,800.00"
2020-08-03,2020080301015665,IGI,36,32,50,436.00,"21,800.00"
2020-08-03,2020080301015230,ILBS,5,35,11,726.00,"7,986.00"
2020-08-03,2020080301015660,JBBL,49,20,17,172.00,"2,924.00"
2020-08-03,2020080301015474,JBBL,14,50,100,174.00,"17,400.00"
2020-08-03,2020080301015473,JBBL,14,53,21,173.00,"3,633.00"
2020-08-03,2020080301015451,JBBL,49,42,17,172.00,"2,924.00"
2020-08-03,2020080301015286,JBBL,49,47,40,172.00,"6,880.00"
2020-08-03,2020080301015259,JBBL,49,47,40,172.00,"6,880.00"
2020-08-03,2020080301015224,JBBL,49,47,40,172.00,"6,880.00"
2020-08-03,2020080301015589,JFL,28,29,300,167.00,"50,100.00"
2020-08-03,2020080301015460,KBL,41,42,79,192.00,"15,168.00"
2020-08-03,2020080301015228,KMCDB,1,34,10,780.00,"7,800.00"
2020-08-03,2020080301015288,KPCL,39,34,10,106.00,"1,060.00"
2020-08-03,2020080301015538,KPCL,39,26,10,106.00,"1,060.00"
2020-08-03,2020080301015515,KPCL,39,33,10,106.00,"1,060.00"
2020-08-03,2020080301015343,KPCL,39,58,10,106.00,"1,060.00"
2020-08-03,2020080301015311,KSBBL,45,33,200,148.00,"29,600.00"
2020-08-03,2020080301015310,KSBBL,6,33,700,148.00,"103,600.00"
2020-08-03,2020080301015309,KSBBL,40,33,100,148.00,"14,800.00"
2020-08-03,2020080301015308,KSBBL,29,33,"1,000",148.00,"148,000.00"
2020-08-03,2020080301015307,KSBBL,29,33,50,149.00,"7,450.00"
2020-08-03,2020080301015306,KSBBL,6,33,700,149.00,"104,300.00"
2020-08-03,2020080301015196,KSBBL,38,49,100,149.00,"14,900.00"
2020-08-03,2020080301015195,KSBBL,58,49,50,149.00,"7,450.00"
2020-08-03,2020080301015194,KSBBL,51,49,81,149.00,"12,069.00"
2020-08-03,2020080301015193,KSBBL,14,49,150,150.00,"22,500.00"
2020-08-03,2020080301015192,KSBBL,47,49,500,150.00,"75,000.00"
2020-08-03,2020080301015191,KSBBL,55,49,164,150.00,"24,600.00"
2020-08-03,2020080301015305,KSBBL,17,33,200,149.00,"29,800.00"
2020-08-03,2020080301015304,KSBBL,28,33,100,149.00,"14,900.00"
2020-08-03,2020080301015303,KSBBL,51,33,908,149.00,"135,292.00"
2020-08-03,2020080301015302,KSBBL,59,33,"1,000",149.00,"149,000.00"
2020-08-03,2020080301015198,KSBBL,51,49,92,149.00,"13,708.00"
2020-08-03,2020080301015197,KSBBL,33,49,200,149.00,"29,800.00"
2020-08-03,2020080301015497,LBL,34,56,958,230.00,"220,340.00"
2020-08-03,2020080301015496,LBL,14,56,500,230.00,"115,000.00"
2020-08-03,2020080301015495,LBL,47,56,"1,000",230.00,"230,000.00"
2020-08-03,2020080301015494,LBL,10,56,"1,442",230.00,"331,660.00"
2020-08-03,2020080301015464,LBL,35,56,17,231.00,"3,927.00"
2020-08-03,2020080301015463,LBL,45,56,"1,000",231.00,"231,000.00"
2020-08-03,2020080301015457,LBL,44,5,100,232.00,"23,200.00"
2020-08-03,2020080301015625,LICN,50,14,50,"1,420.00","71,000.00"
2020-08-03,2020080301015389,LLBS,39,19,65,"1,139.00","74,035.00"
2020-08-03,2020080301015388,LLBS,39,47,20,"1,139.00","22,780.00"
2020-08-03,2020080301015585,MDB,4,33,218,317.00,"69,106.00"
2020-08-03,2020080301015584,MDB,34,33,50,318.00,"15,900.00"
2020-08-03,2020080301015583,MDB,29,33,443,319.00,"141,317.00"
2020-08-03,2020080301015212,MDB,29,48,257,319.00,"81,983.00"
2020-08-03,2020080301015629,MEGA,7,49,350,222.00,"77,700.00"
2020-08-03,2020080301015626,MEGA,7,34,333,222.00,"73,926.00"
2020-08-03,2020080301015527,MEGA,34,51,229,223.00,"51,067.00"
2020-08-03,2020080301015488,MEGA,44,51,436,223.00,"97,228.00"
2020-08-03,2020080301015291,MEGA,19,58,110,224.00,"24,640.00"
2020-08-03,2020080301015204,MEGA,44,43,113,223.00,"25,199.00"
2020-08-03,2020080301015412,MERO,45,22,57,635.00,"36,195.00"
2020-08-03,2020080301015295,MLBBL,37,39,50,731.00,"36,550.00"
2020-08-03,2020080301015489,MLBL,35,42,23,192.00,"4,416.00"
2020-08-03,2020080301015223,MLBL,35,43,46,193.00,"8,878.00"
2020-08-03,2020080301015661,MMFDB,43,19,10,969.00,"9,690.00"
2020-08-03,2020080301015469,MMFDB,21,59,215,965.00,"207,475.00"
2020-08-03,2020080301015468,MMFDB,21,59,50,966.00,"48,300.00"
2020-08-03,2020080301015467,MMFDB,32,59,20,967.00,"19,340.00"
2020-08-03,2020080301015481,MNBBL,50,22,70,324.00,"22,680.00"
2020-08-03,2020080301015648,MSMBS,47,26,11,696.00,"7,656.00"
2020-08-03,2020080301015647,MSMBS,47,42,11,696.00,"7,656.00"
2020-08-03,2020080301015633,NABIL,13,41,100,821.00,"82,100.00"
2020-08-03,2020080301015579,NABIL,13,39,199,820.00,"163,180.00"
2020-08-03,2020080301015578,NABIL,42,39,250,820.00,"205,000.00"
2020-08-03,2020080301015577,NABIL,25,39,59,820.00,"48,380.00"
2020-08-03,2020080301015392,NABIL,25,21,141,820.00,"115,620.00"
2020-08-03,2020080301015391,NABIL,51,21,20,820.00,"16,400.00"
2020-08-03,2020080301015390,NABIL,57,21,39,820.00,"31,980.00"
2020-08-03,2020080301015179,NABIL,57,56,211,820.00,"173,020.00"
2020-08-03,2020080301015178,NABIL,49,56,100,820.00,"82,000.00"
2020-08-03,2020080301015177,NABIL,13,56,100,820.00,"82,000.00"
2020-08-03,2020080301015176,NABIL,34,56,40,820.00,"32,800.00"
2020-08-03,2020080301015175,NABIL,45,56,49,820.00,"40,180.00"
2020-08-03,2020080301015234,NBB,42,55,166,201.00,"33,366.00"
2020-08-03,2020080301015233,NBB,45,55,490,201.00,"98,490.00"
2020-08-03,2020080301015232,NBB,51,55,144,201.00,"28,944.00"
2020-08-03,2020080301015188,NBB,51,34,56,201.00,"11,256.00"
2020-08-03,2020080301015187,NBB,39,34,150,201.00,"30,150.00"
2020-08-03,2020080301015186,NBB,34,34,500,201.00,"100,500.00"
2020-08-03,2020080301015185,NBB,19,34,100,201.00,"20,100.00"
2020-08-03,2020080301015184,NBB,16,34,525,201.00,"105,525.00"
2020-08-03,2020080301015657,NBL,57,36,"1,000",252.00,"252,000.00"
2020-08-03,2020080301015656,NBL,57,47,34,252.00,"8,568.00"
2020-08-03,2020080301015655,NBL,57,47,43,252.00,"10,836.00"
2020-08-03,2020080301015654,NBL,57,47,50,252.00,"12,600.00"
2020-08-03,2020080301015653,NBL,57,47,45,252.00,"11,340.00"
2020-08-03,2020080301015652,NBL,57,47,150,252.00,"37,800.00"
2020-08-03,2020080301015172,NBL,58,47,54,251.00,"13,554.00"
2020-08-03,2020080301015651,NBL,57,49,396,252.00,"99,792.00"
2020-08-03,2020080301015554,NBL,19,49,50,252.00,"12,600.00"
2020-08-03,2020080301015553,NBL,19,4,950,252.00,"239,400.00"
2020-08-03,2020080301015480,NBL,39,4,"2,000",252.00,"504,000.00"
2020-08-03,2020080301015345,NBL,29,47,36,251.00,"9,036.00"
2020-08-03,2020080301015344,NBL,58,47,14,251.00,"3,514.00"
2020-08-03,2020080301015449,NCCB,49,46,115,193.00,"22,195.00"
2020-08-03,2020080301015376,NCCB,49,20,19,193.00,"3,667.00"
2020-08-03,2020080301015514,NHDL,49,42,10,132.00,"1,320.00"
2020-08-03,2020080301015622,NIB,36,50,100,455.00,"45,500.00"
2020-08-03,2020080301015621,NIB,36,1,200,455.00,"91,000.00"
2020-08-03,2020080301015620,NIB,36,57,"1,000",455.00,"455,000.00"
2020-08-03,2020080301015619,NIB,36,44,"1,000",455.00,"455,000.00"
2020-08-03,2020080301015618,NIB,36,36,300,455.00,"136,500.00"
2020-08-03,2020080301015617,NIB,36,25,150,455.00,"68,250.00"
2020-08-03,2020080301015476,NIB,17,17,3,444.00,"1,332.00"
2020-08-03,2020080301015447,NIB,17,17,3,444.00,"1,332.00"
2020-08-03,2020080301015413,NIB,51,33,42,453.00,"19,026.00"
2020-08-03,2020080301015385,NIB,17,17,3,444.00,"1,332.00"
2020-08-03,2020080301015373,NIB,51,51,50,453.00,"22,650.00"
2020-08-03,2020080301015283,NIB,51,22,49,453.00,"22,197.00"
2020-08-03,2020080301015616,NIB,36,17,100,455.00,"45,500.00"
2020-08-03,2020080301015615,NIB,36,38,44,455.00,"20,020.00"
2020-08-03,2020080301015614,NIB,29,34,19,454.00,"8,626.00"
2020-08-03,2020080301015613,NIB,29,52,80,454.00,"36,320.00"
2020-08-03,2020080301015612,NIB,29,4,224,454.00,"101,696.00"
2020-08-03,2020080301015490,NIB,11,4,20,454.00,"9,080.00"
2020-08-03,2020080301015479,NIBPO,56,4,"1,000",371.00,"371,000.00"
2020-08-03,2020080301015557,NICA,29,33,500,556.00,"278,000.00"
2020-08-03,2020080301015556,NICL,6,59,16,433.00,"6,928.00"
2020-08-03,2020080301015436,NICL,48,43,200,434.00,"86,800.00"
2020-08-03,2020080301015435,NICL,55,43,200,434.00,"86,800.00"
2020-08-03,2020080301015434,NICL,59,43,100,434.00,"43,400.00"
2020-08-03,2020080301015404,NICL,6,43,11,435.00,"4,785.00"
2020-08-03,2020080301015630,NICLBSL,54,18,10,787.00,"7,870.00"
2020-08-03,2020080301015611,NICLBSL,54,51,10,787.00,"7,870.00"
2020-08-03,2020080301015576,NICLBSL,54,29,10,787.00,"7,870.00"
2020-08-03,2020080301015570,NICLBSL,54,34,10,787.00,"7,870.00"
2020-08-03,2020080301015566,NICLBSL,54,33,10,786.00,"7,860.00"
2020-08-03,2020080301015559,NICLBSL,36,29,10,785.00,"7,850.00"
2020-08-03,2020080301015298,NICLBSL,57,58,10,786.00,"7,860.00"
2020-08-03,2020080301015289,NICLBSL,57,18,10,786.00,"7,860.00"
2020-08-03,2020080301015430,NICLBSL,28,32,10,788.00,"7,880.00"
2020-08-03,2020080301015429,NICLBSL,28,6,10,788.00,"7,880.00"
2020-08-03,2020080301015428,NICLBSL,28,5,10,788.00,"7,880.00"
2020-08-03,2020080301015427,NICLBSL,28,28,10,787.00,"7,870.00"
2020-08-03,2020080301015426,NICLBSL,28,26,10,787.00,"7,870.00"
2020-08-03,2020080301015324,NICLBSL,57,35,10,786.00,"7,860.00"
2020-08-03,2020080301015499,NICLBSL,42,48,10,788.00,"7,880.00"
2020-08-03,2020080301015498,NICLBSL,42,48,10,788.00,"7,880.00"
2020-08-03,2020080301015482,NICLBSL,46,34,10,786.00,"7,860.00"
2020-08-03,2020080301015456,NICLBSL,57,50,10,786.00,"7,860.00"
2020-08-03,2020080301015448,NICLBSL,7,17,10,788.00,"7,880.00"
2020-08-03,2020080301015445,NICLBSL,57,34,10,786.00,"7,860.00"
2020-08-03,2020080301015505,NICLBSL,42,48,10,788.00,"7,880.00"
2020-08-03,2020080301015504,NICLBSL,42,48,10,788.00,"7,880.00"
2020-08-03,2020080301015503,NICLBSL,42,48,10,788.00,"7,880.00"
2020-08-03,2020080301015502,NICLBSL,42,48,10,788.00,"7,880.00"
2020-08-03,2020080301015501,NICLBSL,42,48,10,788.00,"7,880.00"
2020-08-03,2020080301015500,NICLBSL,42,48,10,788.00,"7,880.00"
2020-08-03,2020080301015551,NICLBSL,46,42,10,786.00,"7,860.00"
2020-08-03,2020080301015536,NICLBSL,46,42,10,786.00,"7,860.00"
2020-08-03,2020080301015528,NICLBSL,46,34,10,786.00,"7,860.00"
2020-08-03,2020080301015521,NICLBSL,46,1,10,786.00,"7,860.00"
2020-08-03,2020080301015507,NICLBSL,42,48,10,788.00,"7,880.00"
2020-08-03,2020080301015506,NICLBSL,42,48,10,788.00,"7,880.00"
2020-08-03,2020080301015641,NIL,28,35,20,624.00,"12,480.00"
2020-08-03,2020080301015222,NIL,34,25,720,619.00,"445,680.00"
2020-08-03,2020080301015221,NIL,47,25,70,620.00,"43,400.00"
2020-08-03,2020080301015220,NIL,52,25,100,620.00,"62,000.00"
2020-08-03,2020080301015219,NIL,39,25,48,620.00,"29,760.00"
2020-08-03,2020080301015218,NIL,45,25,20,620.00,"12,400.00"
2020-08-03,2020080301015217,NIL,10,25,487,621.00,"302,427.00"
2020-08-03,2020080301015216,NIL,49,25,250,622.00,"155,500.00"
2020-08-03,2020080301015215,NIL,47,25,75,622.00,"46,650.00"
2020-08-03,2020080301015214,NIL,44,25,200,623.00,"124,600.00"
2020-08-03,2020080301015213,NIL,47,25,30,623.00,"18,690.00"
2020-08-03,2020080301015646,NLG,25,5,10,639.00,"6,390.00"
2020-08-03,2020080301015645,NLG,25,51,20,635.00,"12,700.00"
2020-08-03,2020080301015408,NLG,28,29,140,637.00,"89,180.00"
2020-08-03,2020080301015637,NLIC,44,34,22,"1,330.00","29,260.00"
2020-08-03,2020080301015636,NLIC,44,34,22,"1,330.00","29,260.00"
2020-08-03,2020080301015522,NLIC,25,43,300,"1,328.00","398,400.00"
2020-08-03,2020080301015462,NLIC,25,50,62,"1,328.00","82,336.00"
2020-08-03,2020080301015461,NLIC,39,50,128,"1,329.00","170,112.00"
2020-08-03,2020080301015396,NLIC,39,20,22,"1,329.00","29,238.00"
2020-08-03,2020080301015332,NLIC,39,38,50,"1,329.00","66,450.00"
2020-08-03,2020080301015315,NLIC,39,29,300,"1,329.00","398,700.00"
2020-08-03,2020080301015280,NLIC,25,38,186,"1,328.00","247,008.00"
2020-08-03,2020080301015209,NLIC,17,49,62,"1,327.00","82,274.00"
2020-08-03,2020080301015658,NLICL,26,14,200,671.00,"134,200.00"
2020-08-03,2020080301015379,NLICL,52,58,11,670.00,"7,370.00"
2020-08-03,2020080301015643,NMB,48,28,100,419.00,"41,900.00"
2020-08-03,2020080301015455,NMB,57,28,350,419.00,"146,650.00"
2020-08-03,2020080301015438,NMB,1,48,44,419.00,"18,436.00"
2020-08-03,2020080301015378,NMB,14,50,331,418.00,"138,358.00"
2020-08-03,2020080301015330,NMB,4,50,169,418.00,"70,642.00"
2020-08-03,2020080301015329,NMB,4,49,"1,000",418.00,"418,000.00"
2020-08-03,2020080301015328,NMB,4,46,221,418.00,"92,378.00"
2020-08-03,2020080301015327,NMB,4,28,200,418.00,"83,600.00"
2020-08-03,2020080301015326,NMB,4,14,105,418.00,"43,890.00"
2020-08-03,2020080301015325,NMB,4,28,305,418.00,"127,490.00"
2020-08-03,2020080301015285,NMB,57,28,500,417.00,"208,500.00"
2020-08-03,2020080301015284,NMB,36,28,"1,483",417.00,"618,411.00"
2020-08-03,2020080301015321,NMBMF,22,43,20,726.00,"14,520.00"
2020-08-03,2020080301015241,NMBMF,22,43,20,726.00,"14,520.00"
2020-08-03,2020080301015407,NMFBS,41,14,28,"1,540.00","43,120.00"
2020-08-03,2020080301015406,NMFBS,6,14,10,"1,540.00","15,400.00"
2020-08-03,2020080301015405,NMFBS,25,14,62,"1,540.00","95,480.00"
2020-08-03,2020080301015649,NRIC,54,40,114,587.00,"66,918.00"
2020-08-03,2020080301015601,NRIC,54,18,40,587.00,"23,480.00"
2020-08-03,2020080301015592,NRIC,54,29,40,587.00,"23,480.00"
2020-08-03,2020080301015581,NRIC,54,57,40,587.00,"23,480.00"
2020-08-03,2020080301015561,NRIC,54,42,40,587.00,"23,480.00"
2020-08-03,2020080301015560,NRIC,54,34,40,587.00,"23,480.00"
2020-08-03,2020080301015227,NRIC,28,34,40,587.00,"23,480.00"
2020-08-03,2020080301015206,NRIC,28,5,50,587.00,"29,350.00"
2020-08-03,2020080301015205,NRIC,28,21,40,587.00,"23,480.00"
2020-08-03,2020080301015202,NRIC,28,26,40,587.00,"23,480.00"
2020-08-03,2020080301015182,NRIC,28,42,40,587.00,"23,480.00"
2020-08-03,2020080301015276,NRIC,40,29,500,588.00,"294,000.00"
2020-08-03,2020080301015268,NRIC,40,57,176,587.00,"103,312.00"
2020-08-03,2020080301015267,NRIC,5,57,200,587.00,"117,400.00"
2020-08-03,2020080301015266,NRIC,28,57,129,587.00,"75,723.00"
2020-08-03,2020080301015256,NRIC,28,18,40,587.00,"23,480.00"
2020-08-03,2020080301015235,NRIC,28,21,40,587.00,"23,480.00"
2020-08-03,2020080301015297,NRIC,50,29,50,588.00,"29,400.00"
2020-08-03,2020080301015294,NRIC,40,33,150,587.00,"88,050.00"
2020-08-03,2020080301015282,NRIC,40,35,40,587.00,"23,480.00"
2020-08-03,2020080301015281,NRIC,40,32,10,587.00,"5,870.00"
2020-08-03,2020080301015279,NRIC,40,44,40,587.00,"23,480.00"
2020-08-03,2020080301015278,NRIC,40,26,40,587.00,"23,480.00"
2020-08-03,2020080301015424,NRIC,28,20,40,587.00,"23,480.00"
2020-08-03,2020080301015393,NRIC,28,40,100,587.00,"58,700.00"
2020-08-03,2020080301015387,NRIC,28,35,10,587.00,"5,870.00"
2020-08-03,2020080301015386,NRIC,48,35,30,587.00,"17,610.00"
2020-08-03,2020080301015381,NRIC,48,21,40,587.00,"23,480.00"
2020-08-03,2020080301015355,NRIC,40,26,40,587.00,"23,480.00"
2020-08-03,2020080301015454,NRIC,40,29,100,587.00,"58,700.00"
2020-08-03,2020080301015453,NRIC,37,29,10,587.00,"5,870.00"
2020-08-03,2020080301015444,NRIC,37,14,90,587.00,"52,830.00"
2020-08-03,2020080301015443,NRIC,29,14,100,587.00,"58,700.00"
2020-08-03,2020080301015442,NRIC,28,14,310,587.00,"181,970.00"
2020-08-03,2020080301015441,NRIC,28,21,40,587.00,"23,480.00"
2020-08-03,2020080301015512,NRIC,25,34,40,587.00,"23,480.00"
2020-08-03,2020080301015492,NRIC,25,1,40,587.00,"23,480.00"
2020-08-03,2020080301015485,NRIC,25,29,55,587.00,"32,285.00"
2020-08-03,2020080301015478,NRIC,32,29,10,587.00,"5,870.00"
2020-08-03,2020080301015475,NRIC,14,50,40,586.00,"23,440.00"
2020-08-03,2020080301015466,NRIC,14,42,10,586.00,"5,860.00"
2020-08-03,2020080301015540,NRIC,54,52,40,587.00,"23,480.00"
2020-08-03,2020080301015539,NRIC,54,29,40,587.00,"23,480.00"
2020-08-03,2020080301015532,NRIC,43,42,5,587.00,"2,935.00"
2020-08-03,2020080301015531,NRIC,43,16,40,587.00,"23,480.00"
2020-08-03,2020080301015519,NRIC,43,51,25,587.00,"14,675.00"
2020-08-03,2020080301015513,NRIC,25,51,15,587.00,"8,805.00"
2020-08-03,2020080301015568,NSEWA,57,50,10,690.00,"6,900.00"
2020-08-03,2020080301015511,NSEWA,57,50,50,690.00,"34,500.00"
2020-08-03,2020080301015287,NSEWA,47,11,80,690.00,"55,200.00"
2020-08-03,2020080301015260,NSEWA,47,34,20,690.00,"13,800.00"
2020-08-03,2020080301015544,NUBL,4,5,200,990.00,"198,000.00"
2020-08-03,2020080301015543,NUBL,4,44,60,990.00,"59,400.00"
2020-08-03,2020080301015542,NUBL,4,25,100,989.00,"98,900.00"
2020-08-03,2020080301015541,NUBL,4,34,80,989.00,"79,120.00"
2020-08-03,2020080301015664,PCBL,48,44,165,270.00,"44,550.00"
2020-08-03,2020080301015663,PCBL,48,13,35,270.00,"9,450.00"
2020-08-03,2020080301015628,PCBL,4,13,50,270.00,"13,500.00"
2020-08-03,2020080301015627,PCBL,39,13,"1,515",270.00,"409,050.00"
2020-08-03,2020080301015580,PCBL,39,42,39,270.00,"10,530.00"
2020-08-03,2020080301015571,PCBL,39,42,46,270.00,"12,420.00"
2020-08-03,2020080301015550,PCBL,39,50,400,270.00,"108,000.00"
2020-08-03,2020080301015493,PCBL,44,49,150,269.00,"40,350.00"
2020-08-03,2020080301015273,PCBL,33,46,156,270.00,"42,120.00"
2020-08-03,2020080301015545,PFL,35,42,28,150.00,"4,200.00"
2020-08-03,2020080301015170,PIC,1,26,50,622.00,"31,100.00"
2020-08-03,2020080301015169,PIC,6,26,39,622.00,"24,258.00"
2020-08-03,2020080301015168,PIC,6,26,10,622.00,"6,220.00"
2020-08-03,2020080301015588,PICL,35,14,15,442.00,"6,630.00"
2020-08-03,2020080301015587,PICL,58,14,10,443.00,"4,430.00"
2020-08-03,2020080301015472,PLIC,57,35,50,538.00,"26,900.00"
2020-08-03,2020080301015341,PLIC,57,35,111,538.00,"59,718.00"
2020-08-03,2020080301015340,PLIC,40,35,14,539.00,"7,546.00"
2020-08-03,2020080301015334,PLIC,40,5,36,539.00,"19,404.00"
2020-08-03,2020080301015333,PLIC,14,5,44,539.00,"23,716.00"
2020-08-03,2020080301015293,PLIC,14,35,90,539.00,"48,510.00"
2020-08-03,2020080301015264,PLIC,14,35,16,539.00,"8,624.00"
2020-08-03,2020080301015263,PLIC,49,35,34,540.00,"18,360.00"
2020-08-03,2020080301015231,PLIC,49,35,26,540.00,"14,040.00"
2020-08-03,2020080301015181,PLIC,49,35,40,540.00,"21,600.00"
2020-08-03,2020080301015180,PLIC,16,35,25,540.00,"13,500.00"
2020-08-03,2020080301015574,PRIN,36,44,20,483.00,"9,660.00"
2020-08-03,2020080301015335,PRVU,4,58,88,237.00,"20,856.00"
2020-08-03,2020080301015370,RADHI,38,38,10,180.00,"1,800.00"
2020-08-03,2020080301015292,RADHI,38,52,25,179.00,"4,475.00"
2020-08-03,2020080301015272,RADHI,38,38,10,176.00,"1,760.00"
2020-08-03,2020080301015229,RADHI,38,38,17,173.00,"2,941.00"
2020-08-03,2020080301015552,RBCL,35,43,50,"9,350.00","467,500.00"
2020-08-03,2020080301015624,RBCLPO,7,17,10,"8,015.00","80,150.00"
2020-08-03,2020080301015237,RHPC,14,43,82,82.00,"6,724.00"
2020-08-03,2020080301015573,RHPL,13,36,30,144.00,"4,320.00"
2020-08-03,2020080301015572,RHPL,13,57,20,144.00,"2,880.00"
2020-08-03,2020080301015525,RHPL,52,57,20,144.00,"2,880.00"
2020-08-03,2020080301015446,RHPL,36,20,10,143.00,"1,430.00"
2020-08-03,2020080301015250,RLFL,47,39,394,120.00,"47,280.00"
2020-08-03,2020080301015249,RLFL,43,39,25,120.00,"3,000.00"
2020-08-03,2020080301015248,RLFL,55,39,950,121.00,"114,950.00"
2020-08-03,2020080301015247,RLFL,35,39,100,121.00,"12,100.00"
2020-08-03,2020080301015246,RLFL,6,39,50,121.00,"6,050.00"
2020-08-03,2020080301015245,RLFL,42,39,60,121.00,"7,260.00"
2020-08-03,2020080301015244,RLFL,35,39,100,122.00,"12,200.00"
2020-08-03,2020080301015243,RLFL,18,39,650,122.00,"79,300.00"
2020-08-03,2020080301015242,RLFL,43,39,130,122.00,"15,860.00"
2020-08-03,2020080301015275,RMDC,19,43,55,722.00,"39,710.00"
2020-08-03,2020080301015520,RSDC,50,34,20,487.00,"9,740.00"
2020-08-03,2020080301015395,RSDC,17,1,15,490.00,"7,350.00"
2020-08-03,2020080301015363,RSDC,50,39,60,487.00,"29,220.00"
2020-08-03,2020080301015255,SABSL,22,59,11,744.00,"8,184.00"
2020-08-03,2020080301015254,SABSL,22,57,90,742.00,"66,780.00"
2020-08-03,2020080301015253,SABSL,22,54,44,741.00,"32,604.00"
2020-08-03,2020080301015252,SABSL,22,22,11,740.00,"8,140.00"
2020-08-03,2020080301015201,SAND2085,6,57,25,"1,005.00","25,125.00"
2020-08-03,2020080301015401,SANIMA,44,50,500,355.00,"177,500.00"
2020-08-03,2020080301015364,SANIMA,44,1,200,355.00,"71,000.00"
2020-08-03,2020080301015610,SBI,56,8,500,434.00,"217,000.00"
2020-08-03,2020080301015609,SBI,56,44,976,433.00,"422,608.00"
2020-08-03,2020080301015608,SBI,56,40,50,432.00,"21,600.00"
2020-08-03,2020080301015530,SBI,39,33,230,430.00,"98,900.00"
2020-08-03,2020080301015526,SBI,39,33,70,430.00,"30,100.00"
2020-08-03,2020080301015523,SBI,39,38,499,430.00,"214,570.00"
2020-08-03,2020080301015313,SBI,39,1,"1,931",430.00,"830,330.00"
2020-08-03,2020080301015312,SBI,49,1,10,433.00,"4,330.00"
2020-08-03,2020080301015375,SBL,22,50,40,300.00,"12,000.00"
2020-08-03,2020080301015374,SBL,28,50,360,300.00,"108,000.00"
2020-08-03,2020080301015173,SBL,34,40,21,301.00,"6,321.00"
2020-08-03,2020080301015458,SCB,14,20,20,656.00,"13,120.00"
2020-08-03,2020080301015432,SCB,14,58,30,656.00,"19,680.00"
2020-08-03,2020080301015508,SHPC,49,49,"3,000",220.00,"660,000.00"
2020-08-03,2020080301015371,SHPC,39,49,"3,452",220.00,"759,440.00"
2020-08-03,2020080301015320,SHPC,1,49,250,220.00,"55,000.00"
2020-08-03,2020080301015319,SHPC,47,49,50,220.00,"11,000.00"
2020-08-03,2020080301015318,SHPC,47,49,50,220.00,"11,000.00"
2020-08-03,2020080301015317,SHPC,53,49,"1,000",220.00,"220,000.00"
2020-08-03,2020080301015316,SHPC,53,49,198,220.00,"43,560.00"
2020-08-03,2020080301015590,SICL,13,26,100,"1,212.00","121,200.00"
2020-08-03,2020080301015548,SICL,44,19,410,"1,205.00","494,050.00"
2020-08-03,2020080301015547,SICL,7,19,50,"1,205.00","60,250.00"
2020-08-03,2020080301015546,SICL,49,19,50,"1,205.00","60,250.00"
2020-08-03,2020080301015450,SICL,33,50,200,"1,207.00","241,400.00"
2020-08-03,2020080301015290,SICL,52,10,22,"1,210.00","26,620.00"
2020-08-03,2020080301015203,SICL,52,42,28,"1,210.00","33,880.00"
2020-08-03,2020080301015183,SICL,14,10,50,"1,210.00","60,500.00"
2020-08-03,2020080301015403,SIL,49,34,70,590.00,"41,300.00"
2020-08-03,2020080301015236,SIL,35,34,14,590.00,"8,260.00"
2020-08-03,2020080301015491,SJCL,3,20,10,135.00,"1,350.00"
2020-08-03,2020080301015211,SJCL,3,51,10,135.00,"1,350.00"
2020-08-03,2020080301015210,SJCL,3,42,10,135.00,"1,350.00"
2020-08-03,2020080301015635,SKBBL,4,42,457,"1,222.00","558,454.00"
2020-08-03,2020080301015411,SKBBL,35,22,25,"1,225.00","30,625.00"
2020-08-03,2020080301015410,SKBBL,36,22,100,"1,225.00","122,500.00"
2020-08-03,2020080301015339,SKBBL,29,43,61,"1,226.00","74,786.00"
2020-08-03,2020080301015644,SLBBL,44,14,30,817.00,"24,510.00"
2020-08-03,2020080301015569,SLBS,51,21,12,945.00,"11,340.00"
2020-08-03,2020080301015423,SLBS,51,25,35,945.00,"33,075.00"
2020-08-03,2020080301015422,SLBS,48,25,50,945.00,"47,250.00"
2020-08-03,2020080301015487,SLICL,14,45,100,440.00,"44,000.00"
2020-08-03,2020080301015486,SLICL,14,32,100,440.00,"44,000.00"
2020-08-03,2020080301015433,SLICL,33,19,200,439.00,"87,800.00"
2020-08-03,2020080301015558,SMB,42,50,10,803.00,"8,030.00"
2020-08-03,2020080301015409,SMFBS,34,28,10,916.00,"9,160.00"
2020-08-03,2020080301015368,SMFBS,34,34,15,913.00,"13,695.00"
2020-08-03,2020080301015367,SMFBS,34,32,10,907.00,"9,070.00"
2020-08-03,2020080301015366,SMFBS,34,32,10,906.00,"9,060.00"
2020-08-03,2020080301015314,SMFBS,47,39,10,900.00,"9,000.00"
2020-08-03,2020080301015510,SPARS,16,20,10,805.00,"8,050.00"
2020-08-03,2020080301015352,SPARS,16,58,11,805.00,"8,855.00"
2020-08-03,2020080301015662,SPDL,35,52,15,98.00,"1,470.00"
2020-08-03,2020080301015274,SPDL,35,34,11,98.00,"1,078.00"
2020-08-03,2020080301015226,SPDL,35,42,29,98.00,"2,842.00"
2020-08-03,2020080301015225,SPDL,1,42,59,98.00,"5,782.00"
2020-08-03,2020080301015174,SPDL,1,42,15,98.00,"1,470.00"
2020-08-03,2020080301015600,SWBBL,25,50,500,"1,180.00","590,000.00"
2020-08-03,2020080301015631,TMDBL,51,42,33,162.00,"5,346.00"
2020-08-03,2020080301015240,TMDBL,51,42,19,162.00,"3,078.00"
2020-08-03,2020080301015239,TMDBL,53,42,150,162.00,"24,300.00"
2020-08-03,2020080301015296,UFL,50,28,292,179.00,"52,268.00"
2020-08-03,2020080301015301,UIC,49,17,500,363.00,"181,500.00"
2020-08-03,2020080301015300,UIC,43,17,200,363.00,"72,600.00"
2020-08-03,2020080301015563,UMHL,40,42,14,104.00,"1,456.00"
2020-08-03,2020080301015336,UMHL,40,34,57,104.00,"5,928.00"
2020-08-03,2020080301015269,UMHL,40,42,14,104.00,"1,456.00"
2020-08-03,2020080301015262,UMHL,40,7,11,104.00,"1,144.00"
2020-08-03,2020080301015338,UNHPL,28,34,25,57.00,"1,425.00"
2020-08-03,2020080301015337,UNHPL,42,34,25,57.00,"1,425.00"
2020-08-03,2020080301015650,UPPER,8,42,40,227.00,"9,080.00"
2020-08-03,2020080301015593,UPPER,34,44,120,228.00,"27,360.00"
2020-08-03,2020080301015575,UPPER,8,20,50,227.00,"11,350.00"
2020-08-03,2020080301015322,UPPER,36,42,31,227.00,"7,037.00"
2020-08-03,2020080301015261,UPPER,36,32,40,227.00,"9,080.00"
2020-08-03,2020080301015251,UPPER,36,38,50,227.00,"11,350.00"
2020-08-03,2020080301015190,UPPER,36,42,50,227.00,"11,350.00"
2020-08-03,2020080301015535,UPPER,8,20,40,227.00,"9,080.00"
2020-08-03,2020080301015533,UPPER,8,14,50,227.00,"11,350.00"
2020-08-03,2020080301015323,UPPER,43,42,9,227.00,"2,043.00"
2020-08-03,2020080301015425,WOMI,18,42,51,896.00,"45,696.00"
2020-08-03,2020080301015208,WOMI,59,42,51,897.00,"45,747.00"
2020-08-03,2020080301015153,ADBL,33,50,700,411.00,"287,700.00"
2020-08-03,2020080301015103,ADBL,57,50,200,411.00,"82,200.00"
2020-08-03,2020080301015082,ADBL,52,52,171,410.00,"70,110.00"
2020-08-03,2020080301015081,ADBL,47,52,10,410.00,"4,100.00"
2020-08-03,2020080301015080,ADBL,47,52,75,410.00,"30,750.00"
2020-08-03,2020080301014908,ADBL,7,7,"1,000",410.00,"410,000.00"
2020-08-03,2020080301014886,ADBL,19,57,50,410.00,"20,500.00"
2020-08-03,2020080301014729,ADBL,21,57,100,410.00,"41,000.00"
2020-08-03,2020080301014872,AHPC,29,38,70,94.00,"6,580.00"
2020-08-03,2020080301015008,AKPL,46,40,400,114.00,"45,600.00"
2020-08-03,2020080301015007,AKPL,55,40,"5,000",114.00,"570,000.00"
2020-08-03,2020080301014907,AKPL,55,14,"1,500",115.00,"172,500.00"
2020-08-03,2020080301014906,AKPL,55,40,"2,000",115.00,"230,000.00"
2020-08-03,2020080301014727,AKPL,10,42,10,113.00,"1,130.00"
2020-08-03,2020080301014726,AKPL,10,56,20,113.00,"2,260.00"
2020-08-03,2020080301014796,ALBSL,18,17,11,700.00,"7,700.00"
2020-08-03,2020080301015011,ALICL,57,6,200,624.00,"124,800.00"
2020-08-03,2020080301014902,ALICL,16,49,100,622.00,"62,200.00"
2020-08-03,2020080301014781,ALICL,16,29,20,622.00,"12,440.00"
2020-08-03,2020080301014738,API,40,42,30,107.00,"3,210.00"
2020-08-03,2020080301014913,BFC,11,51,90,100.00,"9,000.00"
2020-08-03,2020080301014912,BFC,11,38,10,100.00,"1,000.00"
2020-08-03,2020080301014831,BPCL,35,8,12,351.00,"4,212.00"
2020-08-03,2020080301014830,BPCL,55,8,50,351.00,"17,550.00"
2020-08-03,2020080301014829,BPCL,51,8,200,351.00,"70,200.00"
2020-08-03,2020080301014828,BPCL,25,8,200,351.00,"70,200.00"
2020-08-03,2020080301014827,BPCL,41,8,100,351.00,"35,100.00"
2020-08-03,2020080301014826,BPCL,33,8,38,351.00,"13,338.00"
2020-08-03,2020080301014749,BPCL,33,42,12,351.00,"4,212.00"
2020-08-03,2020080301015088,CBBL,59,16,23,"1,066.00","24,518.00"
2020-08-03,2020080301014879,CBBL,52,17,50,"1,065.00","53,250.00"
2020-08-03,2020080301015146,CBL,57,29,500,146.00,"73,000.00"
2020-08-03,2020080301015117,CBL,58,29,40,146.00,"5,840.00"
2020-08-03,2020080301014936,CBL,51,43,169,145.00,"24,505.00"
2020-08-03,2020080301014761,CBL,51,42,15,145.00,"2,175.00"
2020-08-03,2020080301015071,CCBL,50,29,1,172.00,172.00
2020-08-03,2020080301014989,CCBL,4,43,121,175.00,"21,175.00"
2020-08-03,2020080301014905,CCBL,4,5,226,175.00,"39,550.00"
2020-08-03,2020080301014807,CCBL,4,34,"1,000",175.00,"175,000.00"
2020-08-03,2020080301014784,CCBL,4,42,38,175.00,"6,650.00"
2020-08-03,2020080301014695,CCBL,4,33,"1,000",175.00,"175,000.00"
2020-08-03,2020080301015037,CHCL,41,43,237,382.00,"90,534.00"
2020-08-03,2020080301014911,CIT,55,49,40,"2,495.00","99,800.00"
2020-08-03,2020080301014910,CIT,32,49,40,"2,500.00","100,000.00"
2020-08-03,2020080301014684,CIT,32,39,50,"2,500.00","125,000.00"
2020-08-03,2020080301015085,CZBIL,4,43,241,195.00,"46,995.00"
2020-08-03,2020080301014849,CZBIL,1,56,160,196.00,"31,360.00"
2020-08-03,2020080301014848,CZBIL,1,46,340,196.00,"66,640.00"
2020-08-03,2020080301015035,DDBL,19,25,25,840.00,"21,000.00"
2020-08-03,2020080301015034,DDBL,51,25,20,840.00,"16,800.00"
2020-08-03,2020080301014991,DDBL,35,44,16,842.00,"13,472.00"
2020-08-03,2020080301015091,DHPL,6,43,450,54.00,"24,300.00"
2020-08-03,2020080301015090,DHPL,51,43,50,54.00,"2,700.00"
2020-08-03,2020080301015027,EBL,40,29,500,729.00,"364,500.00"
2020-08-03,2020080301014676,EBL,13,49,127,731.00,"92,837.00"
2020-08-03,2020080301014675,EBL,13,10,315,730.00,"229,950.00"
2020-08-03,2020080301014674,EBL,13,4,58,729.00,"42,282.00"
2020-08-03,2020080301015069,EIC,28,32,50,398.00,"19,900.00"
2020-08-03,2020080301014899,EIC,35,32,25,398.00,"9,950.00"
2020-08-03,2020080301014898,EIC,35,50,25,398.00,"9,950.00"
2020-08-03,2020080301015138,FMDBL,58,58,156,518.00,"80,808.00"
2020-08-03,2020080301015137,FMDBL,1,58,16,518.00,"8,288.00"
2020-08-03,2020080301015136,FMDBL,34,58,28,518.00,"14,504.00"
2020-08-03,2020080301014847,FMDBL,1,1,34,518.00,"17,612.00"
2020-08-03,2020080301015077,FOWAD,50,33,100,"1,506.00","150,600.00"
2020-08-03,2020080301014747,FOWAD,50,29,19,"1,506.00","28,614.00"
2020-08-03,2020080301015093,GBBL,21,29,400,233.00,"93,200.00"
2020-08-03,2020080301015092,GBBL,21,7,364,232.00,"84,448.00"
2020-08-03,2020080301015036,GBBL,36,49,655,231.00,"151,305.00"
2020-08-03,2020080301014800,GBBL,4,42,62,229.00,"14,198.00"
2020-08-03,2020080301014799,GBBL,47,42,32,229.00,"7,328.00"
2020-08-03,2020080301014779,GBBL,14,49,120,231.00,"27,720.00"
2020-08-03,2020080301014704,GBBL,47,49,140,231.00,"32,340.00"
2020-08-03,2020080301015145,GBIME,6,52,500,251.00,"125,500.00"
2020-08-03,2020080301015107,GBIME,45,43,90,250.00,"22,500.00"
2020-08-03,2020080301015106,GBIME,47,43,60,250.00,"15,000.00"
2020-08-03,2020080301015105,GBIME,6,43,20,250.00,"5,000.00"
2020-08-03,2020080301015104,GBIME,47,43,16,250.00,"4,000.00"
2020-08-03,2020080301015102,GBIME,42,52,75,251.00,"18,825.00"
2020-08-03,2020080301015101,GBIME,42,42,25,251.00,"6,275.00"
2020-08-03,2020080301015067,GBIME,47,11,52,250.00,"13,000.00"
2020-08-03,2020080301015066,GBIME,5,11,128,250.00,"32,000.00"
2020-08-03,2020080301014819,GBIME,35,42,25,251.00,"6,275.00"
2020-08-03,2020080301014818,GBIME,5,42,13,250.00,"3,250.00"
2020-08-03,2020080301014740,GBIME,5,58,200,250.00,"50,000.00"
2020-08-03,2020080301014986,GGBSL,47,26,10,806.00,"8,060.00"
2020-08-03,2020080301014823,GILB,45,42,45,"1,195.00","53,775.00"
2020-08-03,2020080301014815,GILB,37,41,155,"1,205.00","186,775.00"
2020-08-03,2020080301014814,GILB,41,41,50,"1,206.00","60,300.00"
2020-08-03,2020080301014870,GLBSL,46,42,10,852.00,"8,520.00"
2020-08-03,2020080301014803,GLBSL,46,57,10,852.00,"8,520.00"
2020-08-03,2020080301014780,GLBSL,46,11,10,852.00,"8,520.00"
2020-08-03,2020080301014762,GLBSL,46,42,22,855.00,"18,810.00"
2020-08-03,2020080301014681,GLBSL,6,42,10,855.00,"8,550.00"
2020-08-03,2020080301015029,GLICL,1,40,100,456.00,"45,600.00"
2020-08-03,2020080301014990,GMFIL,17,32,500,123.00,"61,500.00"
2020-08-03,2020080301015021,GRDBL,39,39,"12,814",107.00,"1,371,098.00"
2020-08-03,2020080301015020,GRDBL,37,39,200,107.00,"21,400.00"
2020-08-03,2020080301015019,GRDBL,42,39,100,107.00,"10,700.00"
2020-08-03,2020080301015018,GRDBL,57,39,200,107.00,"21,400.00"
2020-08-03,2020080301015017,GRDBL,59,39,200,108.00,"21,600.00"
2020-08-03,2020080301015016,GRDBL,57,39,100,108.00,"10,800.00"
2020-08-03,2020080301015015,GRDBL,35,39,984,108.00,"106,272.00"
2020-08-03,2020080301015014,GRDBL,37,39,500,109.00,"54,500.00"
2020-08-03,2020080301015013,GRDBL,56,39,100,109.00,"10,900.00"
2020-08-03,2020080301015012,GRDBL,13,39,50,109.00,"5,450.00"
2020-08-03,2020080301014929,HBL,13,8,470,546.00,"256,620.00"
2020-08-03,2020080301015126,HDL,41,25,20,"1,658.00","33,160.00"
2020-08-03,2020080301015125,HDL,45,25,80,"1,658.00","132,640.00"
2020-08-03,2020080301014691,HDL,45,56,50,"1,658.00","82,900.00"
2020-08-03,2020080301014690,HDL,34,56,50,"1,659.00","82,950.00"
2020-08-03,2020080301014791,HGI,55,19,100,407.00,"40,700.00"
2020-08-03,2020080301014754,HIDCL,35,44,18,130.00,"2,340.00"
2020-08-03,2020080301015147,JBBL,49,47,78,172.00,"13,416.00"
2020-08-03,2020080301014994,JBBL,49,47,60,172.00,"10,320.00"
2020-08-03,2020080301014882,JBBL,49,42,17,172.00,"2,924.00"
2020-08-03,2020080301014699,JOSHI,28,29,10,61.00,610.00
2020-08-03,2020080301014700,JSLBB,44,35,40,"1,425.00","57,000.00"
2020-08-03,2020080301014926,KBL,34,52,149,193.00,"28,757.00"
2020-08-03,2020080301014701,KBL,4,52,51,193.00,"9,843.00"
