Date,Transact. No.,Symbol,Buyer,Seller,Quantity,Rate,Amount
2019-08-28,2019082801005451,ADBL,26,58,872,425.00,"370,600.00"
2019-08-28,2019082801005446,ADBL,44,25,100,424.00,"42,400.00"
2019-08-28,2019082801005305,ADBL,44,40,19,424.00,"8,056.00"
2019-08-28,2019082801005142,ADBL,43,58,175,426.00,"74,550.00"
2019-08-28,2019082801005141,ADBL,43,38,150,425.00,"63,750.00"
2019-08-28,2019082801005140,ADBL,43,40,17,425.00,"7,225.00"
2019-08-28,2019082801005045,AKPL,55,49,427,151.00,"64,477.00"
2019-08-28,2019082801005028,AKPL,58,49,70,152.00,"10,640.00"
2019-08-28,2019082801005027,AKPL,53,49,35,152.00,"5,320.00"
2019-08-28,2019082801005448,ALBSL,7,58,70,447.00,"31,290.00"
2019-08-28,2019082801005447,ALBSL,58,58,30,447.00,"13,410.00"
2019-08-28,2019082801005193,ALBSL,58,21,20,447.00,"8,940.00"
2019-08-28,2019082801005161,ALICL,14,33,380,336.00,"127,680.00"
2019-08-28,2019082801005179,API,25,26,15,125.00,"1,875.00"
2019-08-28,2019082801005068,API,34,26,100,123.00,"12,300.00"
2019-08-28,2019082801005067,API,34,26,500,123.00,"61,500.00"
2019-08-28,2019082801005066,API,25,26,50,123.00,"6,150.00"
2019-08-28,2019082801005065,API,25,26,35,124.00,"4,340.00"
2019-08-28,2019082801005462,BOKL,41,44,128,254.00,"32,512.00"
2019-08-28,2019082801005461,BOKL,46,44,500,254.00,"127,000.00"
2019-08-28,2019082801005460,BOKL,54,44,172,254.00,"43,688.00"
2019-08-28,2019082801005345,BOKL,16,44,200,255.00,"51,000.00"
2019-08-28,2019082801005337,BPCL,33,56,22,388.00,"8,536.00"
2019-08-28,2019082801005336,BPCL,33,56,22,388.00,"8,536.00"
2019-08-28,2019082801005335,BPCL,33,56,22,388.00,"8,536.00"
2019-08-28,2019082801005334,BPCL,33,56,12,388.00,"4,656.00"
2019-08-28,2019082801005333,BPCL,33,56,10,388.00,"3,880.00"
2019-08-28,2019082801005231,BPCL,32,46,89,382.00,"33,998.00"
2019-08-28,2019082801005151,BPCL,5,43,250,383.00,"95,750.00"
2019-08-28,2019082801005050,BPCL,59,43,200,383.00,"76,600.00"
2019-08-28,2019082801005049,BPCL,34,43,50,383.00,"19,150.00"
2019-08-28,2019082801005268,BPCL,34,46,66,381.00,"25,146.00"
2019-08-28,2019082801005267,BPCL,43,46,50,381.00,"19,050.00"
2019-08-28,2019082801005266,BPCL,34,46,78,381.00,"29,718.00"
2019-08-28,2019082801005233,BPCL,45,46,100,382.00,"38,200.00"
2019-08-28,2019082801005232,BPCL,19,46,"1,000",382.00,"382,000.00"
2019-08-28,2019082801005110,CBBL,26,4,41,977.00,"40,057.00"
2019-08-28,2019082801005289,CBL,43,14,10,146.00,"1,460.00"
2019-08-28,2019082801005391,CCBL,45,52,50,156.00,"7,800.00"
2019-08-28,2019082801005369,CCBL,45,39,100,156.00,"15,600.00"
2019-08-28,2019082801005288,CCBL,45,39,100,156.00,"15,600.00"
2019-08-28,2019082801005139,CCBL,17,35,742,157.00,"116,494.00"
2019-08-28,2019082801005072,CCBL,17,35,"1,000",157.00,"157,000.00"
2019-08-28,2019082801005071,CCBL,17,45,452,157.00,"70,964.00"
2019-08-28,2019082801005070,CCBL,17,34,400,157.00,"62,800.00"
2019-08-28,2019082801005069,CCBL,17,48,406,157.00,"63,742.00"
2019-08-28,2019082801005457,CHCL,1,56,70,441.00,"30,870.00"
2019-08-28,2019082801005456,CHCL,42,56,130,442.00,"57,460.00"
2019-08-28,2019082801005320,CHCL,42,56,220,442.00,"97,240.00"
2019-08-28,2019082801005331,CHL,45,45,310,75.00,"23,250.00"
2019-08-28,2019082801005330,CHL,50,45,100,75.00,"7,500.00"
2019-08-28,2019082801005329,CHL,59,45,200,75.00,"15,000.00"
2019-08-28,2019082801005328,CHL,50,45,200,75.00,"15,000.00"
2019-08-28,2019082801005046,CHL,53,45,50,76.00,"3,800.00"
2019-08-28,2019082801005445,CIT,25,33,30,"2,360.00","70,800.00"
2019-08-28,2019082801005404,CIT,25,38,20,"2,360.00","47,200.00"
2019-08-28,2019082801005403,CIT,34,38,82,"2,360.00","193,520.00"
2019-08-28,2019082801005402,CIT,34,38,22,"2,360.00","51,920.00"
2019-08-28,2019082801005401,CIT,16,38,50,"2,361.00","118,050.00"
2019-08-28,2019082801005400,CIT,37,38,36,"2,361.00","84,996.00"
2019-08-28,2019082801005157,CIT,6,45,35,"2,365.00","82,775.00"
2019-08-28,2019082801005399,CIT,32,38,50,"2,361.00","118,050.00"
2019-08-28,2019082801005398,CIT,42,38,10,"2,362.00","23,620.00"
2019-08-28,2019082801005397,CIT,19,38,10,"2,364.00","23,640.00"
2019-08-28,2019082801005396,CIT,6,38,35,"2,375.00","83,125.00"
2019-08-28,2019082801005349,CIT,6,5,30,"2,375.00","71,250.00"
2019-08-28,2019082801005264,CIT,6,33,100,"2,365.00","236,500.00"
2019-08-28,2019082801005388,CZBIL,13,45,400,218.00,"87,200.00"
2019-08-28,2019082801005387,CZBIL,13,39,85,218.00,"18,530.00"
2019-08-28,2019082801005013,CZBIL,32,39,215,218.00,"46,870.00"
2019-08-28,2019082801005012,CZBIL,32,38,285,218.00,"62,130.00"
2019-08-28,2019082801005469,DBBL,3,38,10,133.00,"1,330.00"
2019-08-28,2019082801005459,DBBL,48,38,20,133.00,"2,660.00"
2019-08-28,2019082801005421,DDBL,38,51,100,745.00,"74,500.00"
2019-08-28,2019082801005425,EBL,58,28,50,644.00,"32,200.00"
2019-08-28,2019082801005424,EBL,47,28,100,644.00,"64,400.00"
2019-08-28,2019082801005423,EBL,19,28,10,644.00,"6,440.00"
2019-08-28,2019082801005312,EBL,38,34,100,645.00,"64,500.00"
2019-08-28,2019082801005056,EBL,43,58,25,646.00,"16,150.00"
2019-08-28,2019082801005192,EDBL,39,7,195,269.00,"52,455.00"
2019-08-28,2019082801005048,FOWAD,39,58,29,"1,330.00","38,570.00"
2019-08-28,2019082801005047,FOWAD,25,58,20,"1,330.00","26,600.00"
2019-08-28,2019082801005024,FOWAD,6,50,20,"1,335.00","26,700.00"
2019-08-28,2019082801005023,FOWAD,35,50,30,"1,335.00","40,050.00"
2019-08-28,2019082801005392,GBBL,4,13,181,211.00,"38,191.00"
2019-08-28,2019082801005160,GBBL,42,13,500,211.00,"105,500.00"
2019-08-28,2019082801005159,GBBL,53,13,184,211.00,"38,824.00"
2019-08-28,2019082801005287,GFCL,36,26,10,138.00,"1,380.00"
2019-08-28,2019082801004998,HBL,28,22,182,547.00,"99,554.00"
2019-08-28,2019082801005123,HDL,26,43,55,"1,550.00","85,250.00"
2019-08-28,2019082801005122,HDL,53,43,40,"1,568.00","62,720.00"
2019-08-28,2019082801005443,HIDCL,26,17,31,145.00,"4,495.00"
2019-08-28,2019082801005327,IGI,36,17,100,326.00,"32,600.00"
2019-08-28,2019082801005030,ILBS,45,25,50,452.00,"22,600.00"
2019-08-28,2019082801005380,JBBL,47,35,44,163.00,"7,172.00"
2019-08-28,2019082801005362,JBBL,47,39,306,162.00,"49,572.00"
2019-08-28,2019082801005361,JBBL,47,45,"2,000",162.00,"324,000.00"
2019-08-28,2019082801005458,KBL,44,58,10,203.00,"2,030.00"
2019-08-28,2019082801005442,KBL,32,58,100,203.00,"20,300.00"
2019-08-28,2019082801005301,KBL,48,36,52,202.00,"10,504.00"
2019-08-28,2019082801005300,KBL,22,36,500,202.00,"101,000.00"
2019-08-28,2019082801005299,KBL,7,36,500,202.00,"101,000.00"
2019-08-28,2019082801005298,KBL,22,36,100,202.00,"20,200.00"
2019-08-28,2019082801005196,KBL,10,59,200,202.00,"40,400.00"
2019-08-28,2019082801005076,KBL,53,58,50,203.00,"10,150.00"
2019-08-28,2019082801004988,KBL,7,58,100,203.00,"20,300.00"
2019-08-28,2019082801004971,KBL,22,58,10,203.00,"2,030.00"
2019-08-28,2019082801005291,KBL,48,36,160,202.00,"32,320.00"
2019-08-28,2019082801005265,KBL,32,58,100,203.00,"20,300.00"
2019-08-28,2019082801005200,KBL,48,59,40,202.00,"8,080.00"
2019-08-28,2019082801005199,KBL,6,59,200,202.00,"40,400.00"
2019-08-28,2019082801005198,KBL,40,59,50,202.00,"10,100.00"
2019-08-28,2019082801005197,KBL,8,59,10,202.00,"2,020.00"
2019-08-28,2019082801005297,KBL,58,36,250,202.00,"50,500.00"
2019-08-28,2019082801005296,KBL,49,36,500,202.00,"101,000.00"
2019-08-28,2019082801005295,KBL,41,36,50,202.00,"10,100.00"
2019-08-28,2019082801005294,KBL,17,36,150,202.00,"30,300.00"
2019-08-28,2019082801005293,KBL,14,36,100,202.00,"20,200.00"
2019-08-28,2019082801005292,KBL,48,36,200,202.00,"40,400.00"
2019-08-28,2019082801005411,KSBBL,6,39,100,143.00,"14,300.00"
2019-08-28,2019082801005273,KSBBL,6,39,100,143.00,"14,300.00"
2019-08-28,2019082801005035,KSBBL,8,13,375,144.00,"54,000.00"
2019-08-28,2019082801005263,LBL,49,14,140,210.00,"29,400.00"
2019-08-28,2019082801005262,LBL,57,14,450,211.00,"94,950.00"
2019-08-28,2019082801005261,LBL,51,14,250,211.00,"52,750.00"
2019-08-28,2019082801005211,LBL,51,21,20,211.00,"4,220.00"
2019-08-28,2019082801005173,LBL,51,36,30,211.00,"6,330.00"
2019-08-28,2019082801005172,LBL,14,36,200,211.00,"42,200.00"
2019-08-28,2019082801005091,LBL,44,46,20,212.00,"4,240.00"
2019-08-28,2019082801005090,LBL,40,46,100,212.00,"21,200.00"
2019-08-28,2019082801005089,LBL,57,46,500,212.00,"106,000.00"
2019-08-28,2019082801005088,LBL,14,46,200,212.00,"42,400.00"
2019-08-28,2019082801005087,LBL,32,46,500,212.00,"106,000.00"
2019-08-28,2019082801005086,LBL,43,46,50,212.00,"10,600.00"
2019-08-28,2019082801005097,LBL,14,46,300,212.00,"63,600.00"
2019-08-28,2019082801005096,LBL,45,46,50,212.00,"10,600.00"
2019-08-28,2019082801005095,LBL,32,46,500,212.00,"106,000.00"
2019-08-28,2019082801005094,LBL,3,46,100,212.00,"21,200.00"
2019-08-28,2019082801005093,LBL,25,46,500,212.00,"106,000.00"
2019-08-28,2019082801005092,LBL,14,46,100,212.00,"21,200.00"
2019-08-28,2019082801005165,LBL,44,36,200,211.00,"42,200.00"
2019-08-28,2019082801005164,LBL,25,36,190,211.00,"40,090.00"
2019-08-28,2019082801005163,LBL,40,36,500,211.00,"105,500.00"
2019-08-28,2019082801005162,LBL,43,36,100,211.00,"21,100.00"
2019-08-28,2019082801005135,LBL,14,14,420,212.00,"89,040.00"
2019-08-28,2019082801005098,LBL,14,46,80,212.00,"16,960.00"
2019-08-28,2019082801005171,LBL,57,36,500,211.00,"105,500.00"
2019-08-28,2019082801005170,LBL,22,36,30,211.00,"6,330.00"
2019-08-28,2019082801005169,LBL,38,36,100,211.00,"21,100.00"
2019-08-28,2019082801005168,LBL,52,36,500,211.00,"105,500.00"
2019-08-28,2019082801005167,LBL,38,36,500,211.00,"105,500.00"
2019-08-28,2019082801005166,LBL,53,36,150,211.00,"31,650.00"
2019-08-28,2019082801005216,LGIL,26,53,74,389.00,"28,786.00"
2019-08-28,2019082801005215,LGIL,46,53,500,389.00,"194,500.00"
2019-08-28,2019082801005214,LGIL,4,53,26,389.00,"10,114.00"
2019-08-28,2019082801005302,LLBS,10,28,55,736.00,"40,480.00"
2019-08-28,2019082801005408,MBL,34,17,10,253.00,"2,530.00"
2019-08-28,2019082801005420,MEGA,43,51,10,199.00,"1,990.00"
2019-08-28,2019082801005390,MEGA,11,39,50,197.00,"9,850.00"
2019-08-28,2019082801005367,MEGA,11,58,"1,000",197.00,"197,000.00"
2019-08-28,2019082801005350,MEGA,43,51,10,199.00,"1,990.00"
2019-08-28,2019082801005002,MEGA,38,57,100,197.00,"19,700.00"
2019-08-28,2019082801005001,MEGA,7,57,500,197.00,"98,500.00"
2019-08-28,2019082801005000,MEGA,51,57,200,197.00,"39,400.00"
2019-08-28,2019082801004999,MEGA,42,57,145,197.00,"28,565.00"
2019-08-28,2019082801005075,MEGA,39,58,200,198.00,"39,600.00"
2019-08-28,2019082801005004,MEGA,11,57,216,197.00,"42,552.00"
2019-08-28,2019082801005003,MEGA,45,57,10,197.00,"1,970.00"
2019-08-28,2019082801005314,MEGA,11,39,50,197.00,"9,850.00"
2019-08-28,2019082801005274,MEGA,11,58,"1,000",197.00,"197,000.00"
2019-08-28,2019082801005286,MERO,19,40,100,563.00,"56,300.00"
2019-08-28,2019082801005085,MERO,35,40,33,563.00,"18,579.00"
2019-08-28,2019082801005360,MLBL,14,13,200,209.00,"41,800.00"
2019-08-28,2019082801005359,MLBL,25,13,200,209.00,"41,800.00"
2019-08-28,2019082801005358,MLBL,52,13,200,209.00,"41,800.00"
2019-08-28,2019082801005357,MLBL,37,13,500,209.00,"104,500.00"
2019-08-28,2019082801005356,MLBL,14,13,476,209.00,"99,484.00"
2019-08-28,2019082801005332,MLBL,39,13,470,210.00,"98,700.00"
2019-08-28,2019082801005037,MLBL,35,13,30,210.00,"6,300.00"
2019-08-28,2019082801004974,MLBL,40,13,500,210.00,"105,000.00"
2019-08-28,2019082801005319,MLBL,14,50,24,209.00,"5,016.00"
2019-08-28,2019082801005318,MLBL,35,50,100,209.00,"20,900.00"
2019-08-28,2019082801005317,MLBL,14,50,894,209.00,"186,846.00"
2019-08-28,2019082801005277,MNBBL,49,33,10,326.00,"3,260.00"
2019-08-28,2019082801005379,NABIL,26,39,180,770.00,"138,600.00"
2019-08-28,2019082801005378,NABIL,8,39,50,770.00,"38,500.00"
2019-08-28,2019082801005377,NABIL,58,39,120,770.00,"92,400.00"
2019-08-28,2019082801005376,NABIL,44,39,50,770.00,"38,500.00"
2019-08-28,2019082801005375,NABIL,16,39,30,771.00,"23,130.00"
2019-08-28,2019082801005374,NABIL,42,39,70,771.00,"53,970.00"
2019-08-28,2019082801005052,NABIL,8,34,250,772.00,"193,000.00"
2019-08-28,2019082801004986,NABIL,8,6,70,772.00,"54,040.00"
2019-08-28,2019082801004985,NABIL,35,6,50,772.00,"38,600.00"
2019-08-28,2019082801005365,NABIL,5,40,15,772.00,"11,580.00"
2019-08-28,2019082801005355,NABIL,59,40,50,772.00,"38,600.00"
2019-08-28,2019082801005260,NABIL,42,57,180,771.00,"138,780.00"
2019-08-28,2019082801005259,NABIL,35,57,70,771.00,"53,970.00"
2019-08-28,2019082801005258,NABIL,1,57,50,771.00,"38,550.00"
2019-08-28,2019082801005079,NABIL,8,34,180,772.00,"138,960.00"
2019-08-28,2019082801005022,NAGRO,57,51,10,775.00,"7,750.00"
2019-08-28,2019082801005339,NBB,25,25,130,211.00,"27,430.00"
2019-08-28,2019082801005338,NBB,14,25,170,211.00,"35,870.00"
2019-08-28,2019082801005309,NBB,14,11,330,211.00,"69,630.00"
2019-08-28,2019082801005308,NBB,35,11,400,211.00,"84,400.00"
2019-08-28,2019082801005307,NBB,17,11,230,211.00,"48,530.00"
2019-08-28,2019082801005243,NBB,17,21,20,211.00,"4,220.00"
2019-08-28,2019082801005204,NBB,6,25,200,211.00,"42,200.00"
2019-08-28,2019082801005203,NBB,43,25,50,212.00,"10,600.00"
2019-08-28,2019082801005202,NBB,19,25,100,212.00,"21,200.00"
2019-08-28,2019082801005210,NBB,17,25,250,211.00,"52,750.00"
2019-08-28,2019082801005209,NBB,1,25,300,211.00,"63,300.00"
2019-08-28,2019082801005208,NBB,1,25,500,211.00,"105,500.00"
2019-08-28,2019082801005207,NBB,56,25,400,211.00,"84,400.00"
2019-08-28,2019082801005206,NBB,53,25,150,211.00,"31,650.00"
2019-08-28,2019082801005205,NBB,43,25,50,211.00,"10,550.00"
2019-08-28,2019082801005426,NBL,5,7,15,322.00,"4,830.00"
2019-08-28,2019082801005393,NBL,43,7,10,322.00,"3,220.00"
2019-08-28,2019082801005343,NBL,51,43,177,321.00,"56,817.00"
2019-08-28,2019082801005342,NBL,17,43,100,321.00,"32,100.00"
2019-08-28,2019082801005341,NBL,32,43,500,321.00,"160,500.00"
2019-08-28,2019082801005340,NBL,19,43,223,321.00,"71,583.00"
2019-08-28,2019082801005221,NBL,5,33,200,321.00,"64,200.00"
2019-08-28,2019082801005220,NBL,4,33,100,321.00,"32,100.00"
2019-08-28,2019082801005219,NBL,47,33,"2,843",321.00,"912,603.00"
2019-08-28,2019082801005032,NBL,47,43,157,321.00,"50,397.00"
2019-08-28,2019082801005031,NBL,43,43,843,321.00,"270,603.00"
2019-08-28,2019082801005279,NBL,45,7,100,322.00,"32,200.00"
2019-08-28,2019082801005278,NBL,45,43,200,322.00,"64,400.00"
2019-08-28,2019082801005238,NBL,19,14,277,321.00,"88,917.00"
2019-08-28,2019082801005237,NBL,59,14,200,321.00,"64,200.00"
2019-08-28,2019082801005236,NBL,28,14,523,321.00,"167,883.00"
2019-08-28,2019082801005222,NBL,28,33,477,321.00,"153,117.00"
2019-08-28,2019082801005468,NCCB,58,16,10,202.00,"2,020.00"
2019-08-28,2019082801005322,NCCB,32,16,70,202.00,"14,140.00"
2019-08-28,2019082801005321,NCCB,32,34,130,201.00,"26,130.00"
2019-08-28,2019082801005272,NCCB,55,34,500,201.00,"100,500.00"
2019-08-28,2019082801005271,NCCB,35,34,370,201.00,"74,370.00"
2019-08-28,2019082801005270,NCCB,35,34,630,201.00,"126,630.00"
2019-08-28,2019082801005269,NCCB,35,13,"1,000",201.00,"201,000.00"
2019-08-28,2019082801005059,NCCB,13,34,100,201.00,"20,100.00"
2019-08-28,2019082801005058,NCCB,34,34,50,201.00,"10,050.00"
2019-08-28,2019082801005224,NGPL,38,34,10,114.00,"1,140.00"
2019-08-28,2019082801005223,NGPL,1,34,12,114.00,"1,368.00"
2019-08-28,2019082801005450,NIB,49,11,102,463.00,"47,226.00"
2019-08-28,2019082801005449,NIB,14,11,50,463.00,"23,150.00"
2019-08-28,2019082801005410,NIB,45,11,200,464.00,"92,800.00"
2019-08-28,2019082801005409,NIB,36,11,343,464.00,"159,152.00"
2019-08-28,2019082801005201,NIB,36,41,100,464.00,"46,400.00"
2019-08-28,2019082801005113,NIB,39,11,100,465.00,"46,500.00"
2019-08-28,2019082801005073,NIB,36,34,100,464.00,"46,400.00"
2019-08-28,2019082801004984,NIB,36,44,59,464.00,"27,376.00"
2019-08-28,2019082801005040,NIBPO,28,28,304,430.00,"130,720.00"
2019-08-28,2019082801004973,NIBPO,28,28,157,430.00,"67,510.00"
2019-08-28,2019082801004972,NIBPO,28,28,256,430.00,"110,080.00"
2019-08-28,2019082801005470,NICA,13,48,95,439.00,"41,705.00"
2019-08-28,2019082801005467,NICA,43,4,100,438.00,"43,800.00"
2019-08-28,2019082801005455,NICA,41,48,100,439.00,"43,900.00"
2019-08-28,2019082801005422,NICA,13,48,160,439.00,"70,240.00"
2019-08-28,2019082801005412,NICA,13,28,100,440.00,"44,000.00"
2019-08-28,2019082801005368,NICA,13,4,140,439.00,"61,460.00"
2019-08-28,2019082801004978,NICA,22,4,20,438.00,"8,760.00"
2019-08-28,2019082801004977,NICA,14,4,100,438.00,"43,800.00"
2019-08-28,2019082801005099,NICA,46,4,70,438.00,"30,660.00"
2019-08-28,2019082801005033,NICA,41,28,100,439.00,"43,900.00"
2019-08-28,2019082801004982,NICA,46,4,30,438.00,"13,140.00"
2019-08-28,2019082801004981,NICA,34,4,50,438.00,"21,900.00"
2019-08-28,2019082801004980,NICA,57,4,100,438.00,"43,800.00"
2019-08-28,2019082801004979,NICA,45,4,200,438.00,"87,600.00"
2019-08-28,2019082801005105,NICA,37,4,20,438.00,"8,760.00"
2019-08-28,2019082801005104,NICA,35,4,100,438.00,"43,800.00"
2019-08-28,2019082801005103,NICA,45,4,100,438.00,"43,800.00"
2019-08-28,2019082801005102,NICA,32,4,50,438.00,"21,900.00"
2019-08-28,2019082801005101,NICA,49,4,50,438.00,"21,900.00"
2019-08-28,2019082801005100,NICA,40,4,40,438.00,"17,520.00"
2019-08-28,2019082801005246,NICA,51,4,70,438.00,"30,660.00"
2019-08-28,2019082801005194,NICA,51,38,60,438.00,"26,280.00"
2019-08-28,2019082801005109,NICA,51,4,70,438.00,"30,660.00"
2019-08-28,2019082801005108,NICA,59,4,200,438.00,"87,600.00"
2019-08-28,2019082801005107,NICA,33,4,100,438.00,"43,800.00"
2019-08-28,2019082801005106,NICA,8,4,100,438.00,"43,800.00"
2019-08-28,2019082801005252,NICA,52,4,400,438.00,"175,200.00"
2019-08-28,2019082801005251,NICA,41,4,20,438.00,"8,760.00"
2019-08-28,2019082801005250,NICA,59,4,500,438.00,"219,000.00"
2019-08-28,2019082801005249,NICA,19,4,100,438.00,"43,800.00"
2019-08-28,2019082801005248,NICA,19,4,50,438.00,"21,900.00"
2019-08-28,2019082801005247,NICA,47,4,100,438.00,"43,800.00"
2019-08-28,2019082801005324,NICA,55,36,360,438.00,"157,680.00"
2019-08-28,2019082801005304,NICA,42,28,250,439.00,"109,750.00"
2019-08-28,2019082801005290,NICA,57,28,100,439.00,"43,900.00"
2019-08-28,2019082801005282,NICA,55,34,480,438.00,"210,240.00"
2019-08-28,2019082801005254,NICA,55,4,160,438.00,"70,080.00"
2019-08-28,2019082801005253,NICA,33,4,100,438.00,"43,800.00"
2019-08-28,2019082801005354,NICA,7,4,300,439.00,"131,700.00"
2019-08-28,2019082801005353,NICA,26,4,60,439.00,"26,340.00"
2019-08-28,2019082801005352,NICA,26,54,100,439.00,"43,900.00"
2019-08-28,2019082801005351,NICA,26,28,40,439.00,"17,560.00"
2019-08-28,2019082801005326,NICA,43,36,90,438.00,"39,420.00"
2019-08-28,2019082801005325,NICA,29,36,50,438.00,"21,900.00"
2019-08-28,2019082801005316,NICL,43,38,10,291.00,"2,910.00"
2019-08-28,2019082801005149,NIL,34,39,61,392.00,"23,912.00"
2019-08-28,2019082801005148,NIL,57,39,228,393.00,"89,604.00"
2019-08-28,2019082801005366,NLG,25,34,10,619.00,"6,190.00"
2019-08-28,2019082801004975,NLG,6,11,198,600.00,"118,800.00"
2019-08-28,2019082801005315,NLG,25,58,13,612.00,"7,956.00"
2019-08-28,2019082801005464,NLIC,57,4,11,837.00,"9,207.00"
2019-08-28,2019082801005303,NLIC,32,4,100,837.00,"83,700.00"
2019-08-28,2019082801005137,NLIC,42,4,100,837.00,"83,700.00"
2019-08-28,2019082801005029,NLIC,57,4,100,837.00,"83,700.00"
2019-08-28,2019082801005407,NLICL,58,57,379,548.00,"207,692.00"
2019-08-28,2019082801005406,NLICL,46,57,10,548.00,"5,480.00"
2019-08-28,2019082801005405,NLICL,43,57,32,549.00,"17,568.00"
2019-08-28,2019082801005347,NLICL,43,56,68,549.00,"37,332.00"
2019-08-28,2019082801005061,NLICL,42,57,10,555.00,"5,550.00"
2019-08-28,2019082801005383,NUBL,57,33,60,861.00,"51,660.00"
2019-08-28,2019082801005382,NUBL,20,33,100,862.00,"86,200.00"
2019-08-28,2019082801005381,NUBL,58,33,25,865.00,"21,625.00"
2019-08-28,2019082801005156,PCBL,6,34,988,275.00,"271,700.00"
2019-08-28,2019082801005155,PCBL,38,34,500,275.00,"137,500.00"
2019-08-28,2019082801005154,PCBL,34,34,300,275.00,"82,500.00"
2019-08-28,2019082801005153,PCBL,38,34,30,275.00,"8,250.00"
2019-08-28,2019082801005152,PCBL,38,34,182,275.00,"50,050.00"
2019-08-28,2019082801005372,PFL,56,57,107,135.00,"14,445.00"
2019-08-28,2019082801005371,PFL,56,19,26,135.00,"3,510.00"
2019-08-28,2019082801005463,PIC,8,22,10,414.00,"4,140.00"
2019-08-28,2019082801005044,PLIC,44,45,255,406.00,"103,530.00"
2019-08-28,2019082801005043,PLIC,36,45,30,406.00,"12,180.00"
2019-08-28,2019082801005042,PLIC,45,45,15,407.00,"6,105.00"
2019-08-28,2019082801005041,PLIC,25,45,200,407.00,"81,400.00"
2019-08-28,2019082801004976,PLIC,25,34,300,407.00,"122,100.00"
2019-08-28,2019082801005190,PMHPL,16,40,60,100.00,"6,000.00"
2019-08-28,2019082801005189,PMHPL,16,57,10,100.00,"1,000.00"
2019-08-28,2019082801005188,PMHPL,16,21,10,100.00,"1,000.00"
2019-08-28,2019082801005187,PMHPL,16,44,10,100.00,"1,000.00"
2019-08-28,2019082801005186,PMHPL,16,44,10,100.00,"1,000.00"
2019-08-28,2019082801005185,PMHPL,16,44,10,100.00,"1,000.00"
2019-08-28,2019082801005184,PMHPL,16,44,10,100.00,"1,000.00"
2019-08-28,2019082801005183,PMHPL,16,44,10,100.00,"1,000.00"
2019-08-28,2019082801005182,PMHPL,16,54,10,100.00,"1,000.00"
2019-08-28,2019082801005181,PMHPL,16,44,10,100.00,"1,000.00"
2019-08-28,2019082801005128,PRIN,21,33,76,331.00,"25,156.00"
2019-08-28,2019082801005127,PRIN,11,33,30,332.00,"9,960.00"
2019-08-28,2019082801005126,PRIN,14,33,200,332.00,"66,400.00"
2019-08-28,2019082801005125,PRIN,47,33,50,332.00,"16,600.00"
2019-08-28,2019082801005055,PRIN,57,33,100,333.00,"33,300.00"
2019-08-28,2019082801005054,PRIN,45,33,50,333.00,"16,650.00"
2019-08-28,2019082801005053,PRIN,14,33,100,334.00,"33,400.00"
2019-08-28,2019082801004995,PRIN,52,33,25,335.00,"8,375.00"
2019-08-28,2019082801004994,PRIN,32,33,400,335.00,"134,000.00"
2019-08-28,2019082801004993,PRIN,7,33,200,336.00,"67,200.00"
2019-08-28,2019082801004992,PRIN,48,33,50,336.00,"16,800.00"
2019-08-28,2019082801005176,PROFL,8,57,200,105.00,"21,000.00"
2019-08-28,2019082801005138,PROFL,8,59,90,103.00,"9,270.00"
2019-08-28,2019082801005432,PRVU,32,58,641,263.00,"168,583.00"
2019-08-28,2019082801005431,PRVU,38,58,500,263.00,"131,500.00"
2019-08-28,2019082801005430,PRVU,42,58,500,263.00,"131,500.00"
2019-08-28,2019082801005429,PRVU,38,58,261,263.00,"68,643.00"
2019-08-28,2019082801005394,PRVU,16,58,180,264.00,"47,520.00"
2019-08-28,2019082801005370,PRVU,36,58,100,264.00,"26,400.00"
2019-08-28,2019082801005244,PRVU,16,58,300,264.00,"79,200.00"
2019-08-28,2019082801005158,PRVU,58,58,500,264.00,"132,000.00"
2019-08-28,2019082801005124,PRVU,56,58,50,264.00,"13,200.00"
2019-08-28,2019082801005060,PRVU,38,45,44,263.00,"11,572.00"
2019-08-28,2019082801005234,RBCL,58,19,10,"9,017.00","90,170.00"
2019-08-28,2019082801004996,RBCL,25,6,10,"9,018.00","90,180.00"
2019-08-28,2019082801005257,RBCLPO,39,25,10,"8,200.00","82,000.00"
2019-08-28,2019082801005213,RBCLPO,39,58,60,"8,200.00","492,000.00"
2019-08-28,2019082801005212,RBCLPO,6,58,10,"8,201.00","82,010.00"
2019-08-28,2019082801005180,RBCLPO,38,44,20,"8,202.00","164,040.00"
2019-08-28,2019082801005348,RHPL,14,25,20,185.00,"3,700.00"
2019-08-28,2019082801005311,RHPL,14,49,10,185.00,"1,850.00"
2019-08-28,2019082801005191,RHPL,14,49,10,185.00,"1,850.00"
2019-08-28,2019082801005150,RHPL,14,49,10,185.00,"1,850.00"
2019-08-28,2019082801005136,RHPL,26,49,10,185.00,"1,850.00"
2019-08-28,2019082801005120,RHPL,11,20,50,185.00,"9,250.00"
2019-08-28,2019082801005051,RHPL,14,20,50,185.00,"9,250.00"
2019-08-28,2019082801005009,RHPL,14,43,60,185.00,"11,100.00"
2019-08-28,2019082801005008,RHPL,51,43,100,185.00,"18,500.00"
2019-08-28,2019082801005007,RHPL,34,43,170,185.00,"31,450.00"
2019-08-28,2019082801005006,RHPL,14,43,100,186.00,"18,600.00"
2019-08-28,2019082801005005,RHPL,19,43,70,186.00,"13,020.00"
2019-08-28,2019082801005111,RHPL,14,44,40,185.00,"7,400.00"
2019-08-28,2019082801005082,RHPL,55,32,20,187.00,"3,740.00"
2019-08-28,2019082801005081,RHPL,55,32,40,187.00,"7,480.00"
2019-08-28,2019082801005080,RHPL,55,7,40,187.00,"7,480.00"
2019-08-28,2019082801005078,RHPL,14,20,40,185.00,"7,400.00"
2019-08-28,2019082801005064,RHPL,14,49,10,185.00,"1,850.00"
2019-08-28,2019082801005281,RRHP,47,45,80,102.00,"8,160.00"
2019-08-28,2019082801005077,SADBL,37,45,18,142.00,"2,556.00"
2019-08-28,2019082801005285,SANIMA,58,58,100,348.00,"34,800.00"
2019-08-28,2019082801005284,SANIMA,14,58,500,348.00,"174,000.00"
2019-08-28,2019082801005283,SANIMA,29,58,197,348.00,"68,556.00"
2019-08-28,2019082801005466,SBI,6,43,411,445.00,"182,895.00"
2019-08-28,2019082801005453,SBI,28,25,98,444.00,"43,512.00"
2019-08-28,2019082801005112,SBL,5,7,100,314.00,"31,400.00"
2019-08-28,2019082801005057,SBL,26,7,80,314.00,"25,120.00"
2019-08-28,2019082801005323,SCB,42,36,200,622.00,"124,400.00"
2019-08-28,2019082801004983,SCB,4,36,103,622.00,"64,066.00"
2019-08-28,2019082801005413,SDESI,40,49,10,645.00,"6,450.00"
2019-08-28,2019082801005389,SDESI,39,21,27,644.00,"17,388.00"
2019-08-28,2019082801005344,SDESI,40,39,30,636.00,"19,080.00"
2019-08-28,2019082801005256,SDESI,39,55,100,644.00,"64,400.00"
2019-08-28,2019082801005255,SDESI,39,21,10,642.00,"6,420.00"
2019-08-28,2019082801005465,SEF,3,47,"20,000",8.99,"179,800.00"
2019-08-28,2019082801005415,SEF,3,26,"20,000",8.98,"179,600.00"
2019-08-28,2019082801005175,SFFIL,22,6,700,260.00,"182,000.00"
2019-08-28,2019082801005084,SFFIL,35,6,30,260.00,"7,800.00"
2019-08-28,2019082801005364,SHIVM,32,17,67,573.00,"38,391.00"
2019-08-28,2019082801005363,SHIVM,32,52,33,571.00,"18,843.00"
2019-08-28,2019082801005428,SHL,44,17,300,228.00,"68,400.00"
2019-08-28,2019082801005427,SHL,44,29,100,227.00,"22,700.00"
2019-08-28,2019082801005147,SHL,34,34,111,225.00,"24,975.00"
2019-08-28,2019082801005146,SHL,32,34,200,225.00,"45,000.00"
2019-08-28,2019082801005145,SHL,8,34,404,225.00,"90,900.00"
2019-08-28,2019082801005144,SHL,53,34,100,225.00,"22,500.00"
2019-08-28,2019082801004990,SHL,26,29,300,227.00,"68,100.00"
2019-08-28,2019082801005143,SHL,45,34,100,225.00,"22,500.00"
2019-08-28,2019082801005017,SHL,58,17,"1,500",226.00,"339,000.00"
2019-08-28,2019082801005016,SHL,29,17,"1,000",226.00,"226,000.00"
2019-08-28,2019082801005015,SHL,10,17,100,226.00,"22,600.00"
2019-08-28,2019082801005014,SHL,53,17,100,226.00,"22,600.00"
2019-08-28,2019082801004991,SHL,52,29,100,227.00,"22,700.00"
2019-08-28,2019082801005275,SICL,26,41,85,751.00,"63,835.00"
2019-08-28,2019082801005386,SIFC,39,25,10,153.00,"1,530.00"
2019-08-28,2019082801005385,SIFC,36,25,200,153.00,"30,600.00"
2019-08-28,2019082801005384,SIFC,52,25,10,154.00,"1,540.00"
2019-08-28,2019082801005121,SIL,25,38,10,415.00,"4,150.00"
2019-08-28,2019082801005452,SJCL,5,45,50,206.00,"10,300.00"
2019-08-28,2019082801005395,SJCL,38,45,10,206.00,"2,060.00"
2019-08-28,2019082801005074,SJCL,51,49,10,206.00,"2,060.00"
2019-08-28,2019082801005039,SJCL,35,38,200,205.00,"41,000.00"
2019-08-28,2019082801005034,SJCL,35,43,400,205.00,"82,000.00"
2019-08-28,2019082801005132,SJCL,55,17,20,207.00,"4,140.00"
2019-08-28,2019082801005131,SJCL,55,17,10,207.00,"2,070.00"
2019-08-28,2019082801005130,SJCL,55,16,20,207.00,"4,140.00"
2019-08-28,2019082801005129,SJCL,55,16,20,207.00,"4,140.00"
2019-08-28,2019082801005119,SJCL,35,44,20,205.00,"4,100.00"
2019-08-28,2019082801005115,SJCL,35,49,10,205.00,"2,050.00"
2019-08-28,2019082801005218,SJCL,38,20,20,206.00,"4,120.00"
2019-08-28,2019082801005217,SJCL,38,20,20,206.00,"4,120.00"
2019-08-28,2019082801005195,SJCL,35,49,10,205.00,"2,050.00"
2019-08-28,2019082801005178,SJCL,35,49,10,205.00,"2,050.00"
2019-08-28,2019082801005134,SJCL,55,28,10,207.00,"2,070.00"
2019-08-28,2019082801005133,SJCL,55,43,20,207.00,"4,140.00"
2019-08-28,2019082801005313,SJCL,38,57,400,206.00,"82,400.00"
2019-08-28,2019082801005280,SJCL,38,49,10,206.00,"2,060.00"
2019-08-28,2019082801005245,SJCL,38,49,20,206.00,"4,120.00"
2019-08-28,2019082801005239,SJCL,38,20,20,206.00,"4,120.00"
2019-08-28,2019082801005346,SLBBL,17,45,40,562.00,"22,480.00"
2019-08-28,2019082801005310,SLBBL,17,6,10,562.00,"5,620.00"
2019-08-28,2019082801005235,SLBBL,1,45,11,562.00,"6,182.00"
2019-08-28,2019082801005441,SLBSL,26,18,130,741.00,"96,330.00"
2019-08-28,2019082801005440,SLBSL,45,18,10,741.00,"7,410.00"
2019-08-28,2019082801005439,SLBSL,57,18,50,742.00,"37,100.00"
2019-08-28,2019082801005438,SLBSL,7,18,40,743.00,"29,720.00"
2019-08-28,2019082801005437,SLBSL,19,18,50,743.00,"37,150.00"
2019-08-28,2019082801005436,SLBSL,14,18,10,743.00,"7,430.00"
2019-08-28,2019082801004987,SLBSL,22,44,10,750.00,"7,500.00"
2019-08-28,2019082801005435,SLBSL,51,18,20,744.00,"14,880.00"
2019-08-28,2019082801005434,SLBSL,25,18,30,744.00,"22,320.00"
2019-08-28,2019082801005433,SLBSL,22,18,10,745.00,"7,450.00"
2019-08-28,2019082801005276,SLBSL,22,6,10,745.00,"7,450.00"
2019-08-28,2019082801005241,SLBSL,22,44,80,745.00,"59,600.00"
2019-08-28,2019082801005240,SLBSL,6,44,10,745.00,"7,450.00"
2019-08-28,2019082801005174,SMATA,33,40,10,"1,350.00","13,500.00"
2019-08-28,2019082801005036,SMATA,33,7,22,"1,345.00","29,590.00"
2019-08-28,2019082801005454,SMFBS,34,6,10,814.00,"8,140.00"
2019-08-28,2019082801005373,SMFBS,34,21,10,810.00,"8,100.00"
2019-08-28,2019082801005063,SMFBS,34,34,140,800.00,"112,000.00"
2019-08-28,2019082801005038,SMFBS,34,34,360,801.00,"288,360.00"
2019-08-28,2019082801005026,SMFBS,34,34,40,801.00,"32,040.00"
2019-08-28,2019082801005025,SMFBS,22,34,10,802.00,"8,020.00"
2019-08-28,2019082801005414,SMFDB,41,10,50,540.00,"27,000.00"
2019-08-28,2019082801005083,SMFDB,41,43,50,540.00,"27,000.00"
2019-08-28,2019082801005062,SRBL,20,40,280,229.00,"64,120.00"
2019-08-28,2019082801005118,SWBBL,28,7,75,920.00,"69,000.00"
2019-08-28,2019082801005021,SWBBL,28,39,390,920.00,"358,800.00"
2019-08-28,2019082801005020,SWBBL,45,39,100,921.00,"92,100.00"
2019-08-28,2019082801005019,SWBBL,58,39,100,921.00,"92,100.00"
2019-08-28,2019082801005018,SWBBL,3,39,10,921.00,"9,210.00"
2019-08-28,2019082801005117,TRH,52,36,10,298.00,"2,980.00"
2019-08-28,2019082801005116,TRH,44,36,"1,790",298.00,"533,420.00"
2019-08-28,2019082801004989,TRH,44,45,200,298.00,"59,600.00"
2019-08-28,2019082801005177,UIC,21,21,40,298.00,"11,920.00"
2019-08-28,2019082801005419,UPPER,44,1,392,248.00,"97,216.00"
2019-08-28,2019082801005418,UPPER,51,1,100,248.00,"24,800.00"
2019-08-28,2019082801005417,UPPER,22,1,450,248.00,"111,600.00"
2019-08-28,2019082801005416,UPPER,41,1,58,248.00,"14,384.00"
2019-08-28,2019082801005010,UPPER,52,52,40,249.00,"9,960.00"
2019-08-28,2019082801005306,UPPER,41,19,158,248.00,"39,184.00"
2019-08-28,2019082801005242,UPPER,41,52,100,248.00,"24,800.00"
2019-08-28,2019082801005114,UPPER,19,19,42,249.00,"10,458.00"
2019-08-28,2019082801005011,UPPER,19,52,108,249.00,"26,892.00"
2019-08-28,2019082801005444,VLBS,57,57,10,583.00,"5,830.00"
2019-08-28,2019082801005230,VLBS,21,7,33,572.00,"18,876.00"
2019-08-28,2019082801005229,VLBS,50,7,47,573.00,"26,931.00"
2019-08-28,2019082801005228,VLBS,16,7,47,573.00,"26,931.00"
2019-08-28,2019082801005227,VLBS,22,7,200,575.00,"115,000.00"
2019-08-28,2019082801005226,VLBS,58,7,100,575.00,"57,500.00"
2019-08-28,2019082801005225,VLBS,21,7,60,578.00,"34,680.00"
2019-08-28,2019082801004997,VLBS,58,7,30,580.00,"17,400.00"
2019-08-28,2019082801004883,ADBL,44,38,450,424.00,"190,800.00"
2019-08-28,2019082801004824,ADBL,44,25,111,424.00,"47,064.00"
2019-08-28,2019082801004823,ADBL,35,25,200,424.00,"84,800.00"
2019-08-28,2019082801004822,ADBL,35,25,100,424.00,"42,400.00"
2019-08-28,2019082801004821,ADBL,26,25,500,424.00,"212,000.00"
2019-08-28,2019082801004820,ADBL,34,25,89,424.00,"37,736.00"
2019-08-28,2019082801004574,ADBL,6,21,106,425.00,"45,050.00"
2019-08-28,2019082801004813,ADBL,52,40,100,425.00,"42,500.00"
2019-08-28,2019082801004764,ADBL,22,40,200,425.00,"85,000.00"
2019-08-28,2019082801004763,ADBL,42,40,100,425.00,"42,500.00"
2019-08-28,2019082801004762,ADBL,36,40,24,425.00,"10,200.00"
2019-08-28,2019082801004761,ADBL,6,40,16,425.00,"6,800.00"
2019-08-28,2019082801004740,ADBL,38,58,10,426.00,"4,260.00"
2019-08-28,2019082801004898,AKJCL,22,22,20,62.00,"1,240.00"
2019-08-28,2019082801004843,ALBSL,1,42,10,446.00,"4,460.00"
2019-08-28,2019082801004666,ALBSL,22,38,150,448.00,"67,200.00"
2019-08-28,2019082801004616,ALBSL,38,38,10,445.00,"4,450.00"
2019-08-28,2019082801004554,ALBSL,38,38,10,445.00,"4,450.00"
2019-08-28,2019082801004545,ALBSL,38,38,10,445.00,"4,450.00"
2019-08-28,2019082801004511,ALBSL,38,38,10,445.00,"4,450.00"
2019-08-28,2019082801004491,ALBSL,38,38,10,445.00,"4,450.00"
2019-08-28,2019082801004477,ALBSL,38,38,10,445.00,"4,450.00"
2019-08-28,2019082801004872,ALICL,19,57,239,331.00,"79,109.00"
2019-08-28,2019082801004692,API,25,26,50,125.00,"6,250.00"
2019-08-28,2019082801004907,BFC,41,55,50,94.00,"4,700.00"
2019-08-28,2019082801004723,BFC,41,22,50,94.00,"4,700.00"
2019-08-28,2019082801004790,BOKL,54,40,28,254.00,"7,112.00"
2019-08-28,2019082801004789,BOKL,45,40,100,254.00,"25,400.00"
2019-08-28,2019082801004788,BOKL,42,40,30,255.00,"7,650.00"
2019-08-28,2019082801004705,BOKL,16,52,100,255.00,"25,500.00"
2019-08-28,2019082801004704,BOKL,28,52,100,255.00,"25,500.00"
2019-08-28,2019082801004703,BOKL,59,52,50,255.00,"12,750.00"
2019-08-28,2019082801004702,BOKL,26,52,28,255.00,"7,140.00"
2019-08-28,2019082801004701,BOKL,59,52,183,255.00,"46,665.00"
2019-08-28,2019082801004474,BOKL,40,13,352,257.00,"90,464.00"
2019-08-28,2019082801004473,BOKL,40,1,200,257.00,"51,400.00"
2019-08-28,2019082801004472,BOKL,40,13,414,257.00,"106,398.00"
2019-08-28,2019082801004471,BOKL,40,11,471,256.00,"120,576.00"
2019-08-28,2019082801004949,BPCL,34,17,389,383.00,"148,987.00"
2019-08-28,2019082801004948,BPCL,1,17,145,384.00,"55,680.00"
2019-08-28,2019082801004947,BPCL,25,17,10,384.00,"3,840.00"
2019-08-28,2019082801004946,BPCL,25,17,20,384.00,"7,680.00"
2019-08-28,2019082801004833,CBBL,19,22,500,979.00,"489,500.00"
2019-08-28,2019082801004768,CBBL,26,33,59,977.00,"57,643.00"
2019-08-28,2019082801004767,CBBL,38,33,20,977.00,"19,540.00"
2019-08-28,2019082801004766,CBBL,6,33,20,978.00,"19,560.00"
2019-08-28,2019082801004765,CBBL,26,33,50,978.00,"48,900.00"
2019-08-28,2019082801004926,CBL,58,19,685,145.00,"99,325.00"
2019-08-28,2019082801004649,CBL,10,14,50,146.00,"7,300.00"
2019-08-28,2019082801004745,CCBL,45,33,154,156.00,"24,024.00"
2019-08-28,2019082801004744,CCBL,59,33,10,156.00,"1,560.00"
2019-08-28,2019082801004595,CFCL,59,58,15,115.00,"1,725.00"
2019-08-28,2019082801004778,CHCL,1,43,69,441.00,"30,429.00"
2019-08-28,2019082801004696,CHCL,59,58,50,443.00,"22,150.00"
2019-08-28,2019082801004839,CIT,19,33,20,"2,364.00","47,280.00"
2019-08-28,2019082801004838,CIT,6,33,10,"2,365.00","23,650.00"
2019-08-28,2019082801004777,CIT,6,33,90,"2,365.00","212,850.00"
2019-08-28,2019082801004757,CIT,6,33,50,"2,365.00","118,250.00"
2019-08-28,2019082801004751,CIT,6,33,10,"2,365.00","23,650.00"
2019-08-28,2019082801004716,CIT,6,33,50,"2,365.00","118,250.00"
2019-08-28,2019082801004830,CZBIL,13,38,90,218.00,"19,620.00"
2019-08-28,2019082801004817,CZBIL,38,38,50,218.00,"10,900.00"
2019-08-28,2019082801004816,CZBIL,41,38,400,218.00,"87,200.00"
2019-08-28,2019082801004743,CZBIL,22,40,200,218.00,"43,600.00"
2019-08-28,2019082801004742,CZBIL,22,57,120,218.00,"26,160.00"
2019-08-28,2019082801004741,CZBIL,22,44,271,218.00,"59,078.00"
2019-08-28,2019082801004682,CZBIL,25,44,50,218.00,"10,900.00"
2019-08-28,2019082801004638,CZBIL,45,44,100,218.00,"21,800.00"
2019-08-28,2019082801004552,CZBIL,6,44,200,218.00,"43,600.00"
2019-08-28,2019082801004834,DBBL,8,40,88,131.00,"11,528.00"
2019-08-28,2019082801004643,DBBL,58,40,100,132.00,"13,200.00"
2019-08-28,2019082801004615,DBBL,42,45,200,131.00,"26,200.00"
2019-08-28,2019082801004614,DBBL,25,45,"1,000",131.00,"131,000.00"
2019-08-28,2019082801004613,DBBL,6,45,100,131.00,"13,100.00"
2019-08-28,2019082801004612,DBBL,49,45,"2,000",131.00,"262,000.00"
2019-08-28,2019082801004611,DBBL,41,45,69,131.00,"9,039.00"
2019-08-28,2019082801004782,DDBL,38,34,21,740.00,"15,540.00"
2019-08-28,2019082801004546,DDBL,38,47,177,740.00,"130,980.00"
2019-08-28,2019082801004480,DDBL,38,20,115,740.00,"85,100.00"
2019-08-28,2019082801004479,DDBL,38,20,85,740.00,"62,900.00"
2019-08-28,2019082801004558,EBL,34,49,10,647.00,"6,470.00"
2019-08-28,2019082801004725,EDBL,39,52,50,270.00,"13,500.00"
2019-08-28,2019082801004516,FMDBL,25,17,21,383.00,"8,043.00"
2019-08-28,2019082801004515,FMDBL,25,17,10,383.00,"3,830.00"
2019-08-28,2019082801004514,FMDBL,39,17,100,383.00,"38,300.00"
2019-08-28,2019082801004513,FMDBL,56,17,59,383.00,"22,597.00"
2019-08-28,2019082801004512,FMDBL,26,17,110,383.00,"42,130.00"
2019-08-28,2019082801004632,GBBL,53,13,16,211.00,"3,376.00"
2019-08-28,2019082801004631,GBBL,20,13,30,211.00,"6,330.00"
2019-08-28,2019082801004630,GBBL,34,13,101,211.00,"21,311.00"
2019-08-28,2019082801004629,GBBL,34,13,100,211.00,"21,100.00"
2019-08-28,2019082801004628,GBBL,42,13,30,211.00,"6,330.00"
2019-08-28,2019082801004627,GBBL,4,13,400,211.00,"84,400.00"
2019-08-28,2019082801004626,GBBL,42,13,30,211.00,"6,330.00"
2019-08-28,2019082801004625,GBBL,25,13,100,212.00,"21,200.00"
2019-08-28,2019082801004637,GBLBS,19,6,200,360.00,"72,000.00"
2019-08-28,2019082801004636,GBLBS,19,48,300,359.00,"107,700.00"
2019-08-28,2019082801004571,GDBL,54,13,607,204.00,"123,828.00"
2019-08-28,2019082801004509,GDBL,59,13,200,204.00,"40,800.00"
2019-08-28,2019082801004508,GDBL,42,13,145,204.00,"29,580.00"
2019-08-28,2019082801004507,GDBL,43,13,48,204.00,"9,792.00"
2019-08-28,2019082801004724,GFCL,42,11,10,140.00,"1,400.00"
2019-08-28,2019082801004920,GLICL,57,1,42,428.00,"17,976.00"
2019-08-28,2019082801004919,GLICL,38,1,15,429.00,"6,435.00"
2019-08-28,2019082801004525,GLICL,57,10,58,428.00,"24,824.00"
2019-08-28,2019082801004524,GLICL,21,10,150,428.00,"64,200.00"
2019-08-28,2019082801004523,GLICL,34,10,132,428.00,"56,496.00"
2019-08-28,2019082801004522,GLICL,41,10,20,429.00,"8,580.00"
2019-08-28,2019082801004521,GLICL,22,10,100,429.00,"42,900.00"
2019-08-28,2019082801004520,GLICL,35,10,64,429.00,"27,456.00"
2019-08-28,2019082801004519,GLICL,38,10,154,430.00,"66,220.00"
2019-08-28,2019082801004518,GRDBL,1,18,100,107.00,"10,700.00"
2019-08-28,2019082801004700,HBL,28,33,259,547.00,"141,673.00"
2019-08-28,2019082801004699,HBL,39,33,100,548.00,"54,800.00"
2019-08-28,2019082801004956,HDL,53,39,60,"1,568.00","94,080.00"
2019-08-28,2019082801004955,HDL,17,39,200,"1,568.00","313,600.00"
2019-08-28,2019082801004954,HDL,58,39,200,"1,569.00","313,800.00"
2019-08-28,2019082801004953,HDL,39,39,100,"1,570.00","157,000.00"
2019-08-28,2019082801004952,HDL,5,39,50,"1,570.00","78,500.00"
2019-08-28,2019082801004951,HDL,38,39,90,"1,571.00","141,390.00"
2019-08-28,2019082801004933,HDL,38,22,10,"1,571.00","15,710.00"
2019-08-28,2019082801004793,HGI,20,52,112,315.00,"35,280.00"
2019-08-28,2019082801004781,HGI,16,52,30,315.00,"9,450.00"
2019-08-28,2019082801004780,HGI,59,52,200,315.00,"63,000.00"
2019-08-28,2019082801004779,HGI,40,52,68,315.00,"21,420.00"
2019-08-28,2019082801004851,HIDCL,51,16,14,143.00,"2,002.00"
2019-08-28,2019082801004850,HIDCL,48,16,12,143.00,"1,716.00"
2019-08-28,2019082801004792,HIDCL,48,34,88,143.00,"12,584.00"
2019-08-28,2019082801004791,HIDCL,38,34,32,144.00,"4,608.00"
2019-08-28,2019082801004902,ILBS,6,17,100,450.00,"45,000.00"
2019-08-28,2019082801004901,ILBS,25,17,90,450.00,"40,500.00"
2019-08-28,2019082801004864,ILBS,25,42,10,450.00,"4,500.00"
2019-08-28,2019082801004873,JOSHI,7,22,20,67.00,"1,340.00"
2019-08-28,2019082801004934,KBL,10,8,200,202.00,"40,400.00"
2019-08-28,2019082801004910,KBL,20,58,264,203.00,"53,592.00"
2019-08-28,2019082801004909,KBL,20,59,236,203.00,"47,908.00"
2019-08-28,2019082801004863,KBL,58,59,170,203.00,"34,510.00"
2019-08-28,2019082801004862,KBL,33,59,500,203.00,"101,500.00"
2019-08-28,2019082801004861,KBL,19,59,10,203.00,"2,030.00"
2019-08-28,2019082801004490,KBL,34,16,100,203.00,"20,300.00"
2019-08-28,2019082801004860,KBL,36,59,84,203.00,"17,052.00"
2019-08-28,2019082801004722,KBL,36,34,116,203.00,"23,548.00"
2019-08-28,2019082801004670,KBL,36,13,300,203.00,"60,900.00"
2019-08-28,2019082801004669,KBL,58,13,100,203.00,"20,300.00"
2019-08-28,2019082801004668,KBL,25,13,100,203.00,"20,300.00"
2019-08-28,2019082801004506,KBL,22,49,261,203.00,"52,983.00"
2019-08-28,2019082801004894,KPCL,26,22,10,80.00,800.00
2019-08-28,2019082801004905,KSBBL,6,34,20,143.00,"2,860.00"
2019-08-28,2019082801004832,KSBBL,6,34,153,143.00,"21,879.00"
2019-08-28,2019082801004831,KSBBL,8,34,500,143.00,"71,500.00"
2019-08-28,2019082801004620,LBBL,46,13,155,176.00,"27,280.00"
2019-08-28,2019082801004619,LBBL,10,13,95,176.00,"16,720.00"
2019-08-28,2019082801004489,LBBL,36,13,100,177.00,"17,700.00"
2019-08-28,2019082801004624,LBBL,46,13,345,176.00,"60,720.00"
2019-08-28,2019082801004623,LBBL,1,13,600,176.00,"105,600.00"
2019-08-28,2019082801004622,LBBL,33,13,100,176.00,"17,600.00"
2019-08-28,2019082801004621,LBBL,14,13,"1,000",176.00,"176,000.00"
2019-08-28,2019082801004651,LGIL,46,48,300,390.00,"117,000.00"
2019-08-28,2019082801004828,MBL,28,41,159,252.00,"40,068.00"
2019-08-28,2019082801004827,MBL,56,41,100,252.00,"25,200.00"
2019-08-28,2019082801004826,MBL,21,41,150,252.00,"37,800.00"
2019-08-28,2019082801004825,MBL,57,41,91,252.00,"22,932.00"
2019-08-28,2019082801004775,MBL,57,28,19,252.00,"4,788.00"
2019-08-28,2019082801004774,MBL,17,28,"1,000",252.00,"252,000.00"
2019-08-28,2019082801004773,MBL,51,28,200,252.00,"50,400.00"
2019-08-28,2019082801004772,MBL,4,28,100,252.00,"25,200.00"
2019-08-28,2019082801004771,MBL,35,28,200,252.00,"50,400.00"
2019-08-28,2019082801004770,MBL,3,28,200,252.00,"50,400.00"
2019-08-28,2019082801004769,MBL,3,28,200,252.00,"50,400.00"
2019-08-28,2019082801004550,MDB,1,53,172,233.00,"40,076.00"
2019-08-28,2019082801004549,MDB,6,53,20,234.00,"4,680.00"
2019-08-28,2019082801004510,MDB,26,48,122,235.00,"28,670.00"
2019-08-28,2019082801004482,MEGA,51,49,225,197.00,"44,325.00"
2019-08-28,2019082801004487,MEGA,42,49,155,197.00,"30,535.00"
2019-08-28,2019082801004486,MEGA,49,49,100,197.00,"19,700.00"
2019-08-28,2019082801004485,MEGA,11,49,400,197.00,"78,800.00"
2019-08-28,2019082801004484,MEGA,25,49,100,197.00,"19,700.00"
2019-08-28,2019082801004483,MEGA,13,49,20,197.00,"3,940.00"
2019-08-28,2019082801004604,MEGA,58,57,476,199.00,"94,724.00"
2019-08-28,2019082801004603,MEGA,58,4,109,199.00,"21,691.00"
2019-08-28,2019082801004602,MEGA,58,33,400,198.00,"79,200.00"
2019-08-28,2019082801004601,MEGA,58,57,15,198.00,"2,970.00"
2019-08-28,2019082801004719,MEGA,40,40,107,198.00,"21,186.00"
2019-08-28,2019082801004970,MERO,42,56,85,560.00,"47,600.00"
2019-08-28,2019082801004969,MERO,52,56,10,560.00,"5,600.00"
2019-08-28,2019082801004968,MERO,33,56,11,560.00,"6,160.00"
2019-08-28,2019082801004882,MERO,33,45,279,560.00,"156,240.00"
2019-08-28,2019082801004881,MERO,7,45,700,561.00,"392,700.00"
2019-08-28,2019082801004880,MERO,7,45,30,561.00,"16,830.00"
2019-08-28,2019082801004879,MERO,17,45,10,564.00,"5,640.00"
2019-08-28,2019082801004944,MLBL,52,22,300,210.00,"63,000.00"
2019-08-28,2019082801004667,MLBL,14,22,90,209.00,"18,810.00"
2019-08-28,2019082801004566,MLBL,14,59,16,209.00,"3,344.00"
2019-08-28,2019082801004565,MLBL,40,59,14,209.00,"2,926.00"
2019-08-28,2019082801004476,MLBL,40,38,32,209.00,"6,688.00"
2019-08-28,2019082801004841,MNBBL,17,33,10,326.00,"3,260.00"
2019-08-28,2019082801004810,MNBBL,34,51,44,323.00,"14,212.00"
2019-08-28,2019082801004755,MNBBL,34,7,23,323.00,"7,429.00"
2019-08-28,2019082801004754,MNBBL,42,7,30,323.00,"9,690.00"
2019-08-28,2019082801004753,MNBBL,42,7,30,323.00,"9,690.00"
2019-08-28,2019082801004747,MNBBL,41,7,100,324.00,"32,400.00"
2019-08-28,2019082801004569,MNBBL,11,49,99,326.00,"32,274.00"
2019-08-28,2019082801004731,MNBBL,39,7,20,325.00,"6,500.00"
2019-08-28,2019082801004730,MNBBL,10,7,100,325.00,"32,500.00"
2019-08-28,2019082801004940,NABIL,29,18,30,773.00,"23,190.00"
2019-08-28,2019082801004939,NABIL,48,18,20,773.00,"15,460.00"
2019-08-28,2019082801004551,NABIL,34,6,10,776.00,"7,760.00"
2019-08-28,2019082801004891,NADEP,58,22,80,472.00,"37,760.00"
2019-08-28,2019082801004967,NAGRO,34,57,67,764.00,"51,188.00"
2019-08-28,2019082801004945,NAGRO,34,57,50,765.00,"38,250.00"
2019-08-28,2019082801004884,NBL,10,43,100,322.00,"32,200.00"
2019-08-28,2019082801004856,NBL,49,43,300,322.00,"96,600.00"
2019-08-28,2019082801004798,NBL,43,21,157,321.00,"50,397.00"
2019-08-28,2019082801004797,NBL,51,21,100,321.00,"32,100.00"
2019-08-28,2019082801004796,NBL,25,21,50,321.00,"16,050.00"
2019-08-28,2019082801004795,NBL,59,21,200,321.00,"64,200.00"
2019-08-28,2019082801004794,NBL,25,21,500,321.00,"160,500.00"
2019-08-28,2019082801004756,NBL,37,43,400,322.00,"128,800.00"
2019-08-28,2019082801004654,NBL,25,25,100,322.00,"32,200.00"
2019-08-28,2019082801004653,NBL,34,25,200,322.00,"64,400.00"
2019-08-28,2019082801004652,NBL,6,25,23,322.00,"7,406.00"
2019-08-28,2019082801004964,NCCB,34,34,200,201.00,"40,200.00"
2019-08-28,2019082801004963,NCCB,8,34,800,201.00,"160,800.00"
2019-08-28,2019082801004943,NCCB,58,34,10,202.00,"2,020.00"
2019-08-28,2019082801004899,NCCB,36,35,"1,755",201.00,"352,755.00"
2019-08-28,2019082801004877,NCCB,53,35,200,201.00,"40,200.00"
2019-08-28,2019082801004876,NCCB,16,35,25,201.00,"5,025.00"
2019-08-28,2019082801004875,NCCB,41,35,20,201.00,"4,020.00"
2019-08-28,2019082801004844,NCCB,48,34,200,202.00,"40,400.00"
2019-08-28,2019082801004644,NCCB,58,34,10,202.00,"2,020.00"
2019-08-28,2019082801004635,NCCB,32,34,651,201.00,"130,851.00"
2019-08-28,2019082801004557,NCCB,47,34,238,201.00,"47,838.00"
2019-08-28,2019082801004556,NCCB,47,58,762,201.00,"153,162.00"
2019-08-28,2019082801004915,NIB,36,34,10,464.00,"4,640.00"
2019-08-28,2019082801004870,NIB,48,11,100,465.00,"46,500.00"
2019-08-28,2019082801004868,NIB,43,11,50,465.00,"23,250.00"
2019-08-28,2019082801004735,NIB,36,13,388,464.00,"180,032.00"
2019-08-28,2019082801004734,NIB,48,13,73,464.00,"33,872.00"
2019-08-28,2019082801004691,NIB,38,11,20,465.00,"9,300.00"
2019-08-28,2019082801004664,NIB,48,29,13,464.00,"6,032.00"
2019-08-28,2019082801004663,NIB,39,11,41,465.00,"19,065.00"
2019-08-28,2019082801004547,NIB,40,48,438,465.00,"203,670.00"
2019-08-28,2019082801004914,NIBPO,28,28,700,430.00,"301,000.00"
2019-08-28,2019082801004587,NIBPO,28,17,130,430.00,"55,900.00"
2019-08-28,2019082801004938,NICA,33,43,500,439.00,"219,500.00"
2019-08-28,2019082801004937,NICA,21,43,10,439.00,"4,390.00"
2019-08-28,2019082801004936,NICA,45,43,150,439.00,"65,850.00"
2019-08-28,2019082801004935,NICA,42,43,263,439.00,"115,457.00"
2019-08-28,2019082801004912,NICA,42,43,37,439.00,"16,243.00"
2019-08-28,2019082801004911,NICA,51,43,63,439.00,"27,657.00"
2019-08-28,2019082801004500,NICA,51,4,700,439.00,"307,300.00"
2019-08-28,2019082801004499,NICA,3,4,50,439.00,"21,950.00"
2019-08-28,2019082801004498,NICA,36,4,20,439.00,"8,780.00"
2019-08-28,2019082801004497,NICA,59,4,500,439.00,"219,500.00"
2019-08-28,2019082801004496,NICA,43,4,461,439.00,"202,379.00"
2019-08-28,2019082801004527,NICA,32,4,50,440.00,"22,000.00"
2019-08-28,2019082801004505,NICA,10,4,19,439.00,"8,341.00"
2019-08-28,2019082801004504,NICA,48,4,100,439.00,"43,900.00"
2019-08-28,2019082801004503,NICA,22,4,50,439.00,"21,950.00"
2019-08-28,2019082801004502,NICA,41,4,500,439.00,"219,500.00"
2019-08-28,2019082801004501,NICA,29,4,100,439.00,"43,900.00"
2019-08-28,2019082801004715,NICA,55,28,50,440.00,"22,000.00"
2019-08-28,2019082801004714,NICA,55,4,950,440.00,"418,000.00"
2019-08-28,2019082801004564,NICA,33,4,169,439.00,"74,191.00"
2019-08-28,2019082801004563,NICA,22,4,50,439.00,"21,950.00"
2019-08-28,2019082801004562,NICA,10,4,81,439.00,"35,559.00"
2019-08-28,2019082801004528,NICA,18,4,"1,000",440.00,"440,000.00"
2019-08-28,2019082801004897,NICA,51,43,37,439.00,"16,243.00"
2019-08-28,2019082801004896,NICA,51,43,100,439.00,"43,900.00"
2019-08-28,2019082801004895,NICA,33,43,217,439.00,"95,263.00"
2019-08-28,2019082801004892,NICA,33,43,150,439.00,"65,850.00"
2019-08-28,2019082801004837,NICA,33,43,133,439.00,"58,387.00"
2019-08-28,2019082801004819,NICA,50,28,150,440.00,"66,000.00"
2019-08-28,2019082801004942,NICL,34,38,90,289.00,"26,010.00"
2019-08-28,2019082801004941,NICL,28,38,100,289.00,"28,900.00"
2019-08-28,2019082801004889,NICL,34,48,350,290.00,"101,500.00"
2019-08-28,2019082801004728,NICL,26,48,100,290.00,"29,000.00"
2019-08-28,2019082801004931,NIL,57,58,72,393.00,"28,296.00"
2019-08-28,2019082801004930,NIL,44,58,50,393.00,"19,650.00"
2019-08-28,2019082801004929,NIL,16,58,24,393.00,"9,432.00"
2019-08-28,2019082801004928,NIL,20,58,84,394.00,"33,096.00"
2019-08-28,2019082801004855,NIL,20,51,20,394.00,"7,880.00"
2019-08-28,2019082801004932,NLBBL,7,28,70,556.00,"38,920.00"
2019-08-28,2019082801004900,NLBBL,7,45,230,556.00,"127,880.00"
2019-08-28,2019082801004965,NLG,51,11,12,600.00,"7,200.00"
2019-08-28,2019082801004927,NLG,41,11,20,608.00,"12,160.00"
2019-08-28,2019082801004903,NLIC,41,4,200,838.00,"167,600.00"
2019-08-28,2019082801004842,NLIC,5,4,20,840.00,"16,800.00"
2019-08-28,2019082801004588,NLIC,19,4,30,840.00,"25,200.00"
2019-08-28,2019082801004526,NLIC,37,4,30,840.00,"25,200.00"
2019-08-28,2019082801004610,NMBMF,45,40,40,"1,056.00","42,240.00"
2019-08-28,2019082801004609,NMBMF,45,40,10,"1,060.00","10,600.00"
2019-08-28,2019082801004867,NMFBS,33,45,10,"1,490.00","14,900.00"
2019-08-28,2019082801004888,NSEWA,58,58,20,425.00,"8,500.00"
2019-08-28,2019082801004674,NTC,35,6,15,665.00,"9,975.00"
2019-08-28,2019082801004673,NTC,45,6,50,665.00,"33,250.00"
2019-08-28,2019082801004783,OHL,45,13,42,578.00,"24,276.00"
2019-08-28,2019082801004918,PCBL,38,39,50,275.00,"13,750.00"
2019-08-28,2019082801004815,PCBL,38,40,595,275.00,"163,625.00"
2019-08-28,2019082801004648,PCBL,56,57,50,276.00,"13,800.00"
2019-08-28,2019082801004958,PLIC,45,25,300,408.00,"122,400.00"
2019-08-28,2019082801004957,PLIC,47,25,100,408.00,"40,800.00"
2019-08-28,2019082801004787,PPCL,40,59,20,102.00,"2,040.00"
2019-08-28,2019082801004840,PRIN,32,33,50,337.00,"16,850.00"
2019-08-28,2019082801004733,PRIN,45,33,100,337.00,"33,700.00"
2019-08-28,2019082801004732,PRIN,25,33,50,337.00,"16,850.00"
2019-08-28,2019082801004913,PRVU,38,52,195,263.00,"51,285.00"
2019-08-28,2019082801004713,PRVU,32,29,100,263.00,"26,300.00"
2019-08-28,2019082801004694,PRVU,26,58,283,264.00,"74,712.00"
2019-08-28,2019082801004544,PRVU,29,58,"1,000",264.00,"264,000.00"
2019-08-28,2019082801004531,PRVU,28,58,"1,000",264.00,"264,000.00"
2019-08-28,2019082801004530,PRVU,49,58,"1,875",264.00,"495,000.00"
2019-08-28,2019082801004529,PRVU,26,58,61,264.00,"16,104.00"
2019-08-28,2019082801004537,PRVU,55,58,349,264.00,"92,136.00"
2019-08-28,2019082801004536,PRVU,48,58,500,264.00,"132,000.00"
2019-08-28,2019082801004535,PRVU,43,58,200,264.00,"52,800.00"
2019-08-28,2019082801004534,PRVU,28,58,"2,000",264.00,"528,000.00"
2019-08-28,2019082801004533,PRVU,3,58,100,264.00,"26,400.00"
2019-08-28,2019082801004532,PRVU,44,58,200,264.00,"52,800.00"
2019-08-28,2019082801004543,PRVU,47,58,500,264.00,"132,000.00"
2019-08-28,2019082801004542,PRVU,53,58,200,264.00,"52,800.00"
2019-08-28,2019082801004541,PRVU,26,58,"1,000",264.00,"264,000.00"
2019-08-28,2019082801004540,PRVU,28,58,"5,000",264.00,"1,320,000.00"
2019-08-28,2019082801004539,PRVU,46,58,"1,000",264.00,"264,000.00"
2019-08-28,2019082801004538,PRVU,26,58,500,264.00,"132,000.00"
2019-08-28,2019082801004617,RADHI,22,38,11,136.00,"1,496.00"
2019-08-28,2019082801004572,RBCL,34,33,30,"9,050.00","271,500.00"
2019-08-28,2019082801004887,RHPL,19,44,30,186.00,"5,580.00"
2019-08-28,2019082801004886,RHPL,19,44,10,186.00,"1,860.00"
2019-08-28,2019082801004885,RHPL,19,17,40,186.00,"7,440.00"
2019-08-28,2019082801004871,RHPL,34,40,10,185.00,"1,850.00"
2019-08-28,2019082801004818,RHPL,34,34,100,185.00,"18,500.00"
2019-08-28,2019082801004814,RHPL,45,44,30,186.00,"5,580.00"
2019-08-28,2019082801004481,RHPL,46,44,10,185.00,"1,850.00"
2019-08-28,2019082801004475,RHPL,59,18,50,185.00,"9,250.00"
2019-08-28,2019082801004597,RHPL,46,44,20,185.00,"3,700.00"
2019-08-28,2019082801004589,RHPL,46,44,40,185.00,"7,400.00"
2019-08-28,2019082801004568,RHPL,46,44,40,185.00,"7,400.00"
2019-08-28,2019082801004555,RHPL,46,44,40,185.00,"7,400.00"
2019-08-28,2019082801004517,RHPL,46,44,40,185.00,"7,400.00"
2019-08-28,2019082801004494,RHPL,46,44,10,185.00,"1,850.00"
2019-08-28,2019082801004650,RHPL,52,17,30,185.00,"5,550.00"
2019-08-28,2019082801004645,RHPL,52,44,40,185.00,"7,400.00"
2019-08-28,2019082801004640,RHPL,52,44,30,185.00,"5,550.00"
2019-08-28,2019082801004639,RHPL,56,34,40,185.00,"7,400.00"
2019-08-28,2019082801004600,RHPL,56,34,40,185.00,"7,400.00"
2019-08-28,2019082801004598,RHPL,56,44,20,185.00,"3,700.00"
2019-08-28,2019082801004690,RHPL,14,29,40,185.00,"7,400.00"
2019-08-28,2019082801004681,RHPL,14,17,50,185.00,"9,250.00"
2019-08-28,2019082801004672,RHPL,14,44,20,185.00,"3,700.00"
2019-08-28,2019082801004671,RHPL,52,44,20,185.00,"3,700.00"
2019-08-28,2019082801004662,RHPL,52,44,40,185.00,"7,400.00"
2019-08-28,2019082801004661,RHPL,52,34,40,185.00,"7,400.00"
2019-08-28,2019082801004727,RHPL,26,44,10,185.00,"1,850.00"
2019-08-28,2019082801004726,RHPL,14,44,30,185.00,"5,550.00"
2019-08-28,2019082801004711,RHPL,14,44,40,185.00,"7,400.00"
2019-08-28,2019082801004710,RHPL,14,34,40,185.00,"7,400.00"
2019-08-28,2019082801004709,RHPL,14,44,40,185.00,"7,400.00"
2019-08-28,2019082801004695,RHPL,14,17,40,185.00,"7,400.00"
2019-08-28,2019082801004784,RHPL,5,17,50,186.00,"9,300.00"
2019-08-28,2019082801004760,RHPL,34,44,20,185.00,"3,700.00"
2019-08-28,2019082801004759,RHPL,45,44,20,186.00,"3,720.00"
2019-08-28,2019082801004749,RHPL,45,22,10,186.00,"1,860.00"
2019-08-28,2019082801004748,RHPL,45,16,50,186.00,"9,300.00"
2019-08-28,2019082801004739,RHPL,26,44,40,185.00,"7,400.00"
2019-08-28,2019082801004495,RLFL,49,1,20,123.00,"2,460.00"
2019-08-28,2019082801004890,RRHP,47,22,10,102.00,"1,020.00"
2019-08-28,2019082801004573,RRHP,47,38,10,102.00,"1,020.00"
2019-08-28,2019082801004606,SADBL,6,34,300,143.00,"42,900.00"
2019-08-28,2019082801004807,SANIMA,29,58,803,348.00,"279,444.00"
2019-08-28,2019082801004806,SANIMA,47,58,500,348.00,"174,000.00"
2019-08-28,2019082801004805,SANIMA,34,58,"1,000",348.00,"348,000.00"
2019-08-28,2019082801004804,SANIMA,45,58,400,348.00,"139,200.00"
2019-08-28,2019082801004803,SANIMA,59,58,150,348.00,"52,200.00"
2019-08-28,2019082801004802,SANIMA,41,58,10,348.00,"3,480.00"
2019-08-28,2019082801004801,SANIMA,33,58,50,349.00,"17,450.00"
2019-08-28,2019082801004800,SANIMA,58,58,200,349.00,"69,800.00"
2019-08-28,2019082801004799,SANIMA,47,58,228,349.00,"79,572.00"
2019-08-28,2019082801004738,SBI,28,48,400,444.00,"177,600.00"
2019-08-28,2019082801004737,SBI,57,48,100,444.00,"44,400.00"
2019-08-28,2019082801004689,SBI,6,43,589,445.00,"262,105.00"
2019-08-28,2019082801004593,SBI,6,46,411,445.00,"182,895.00"
2019-08-28,2019082801004592,SBI,25,46,200,445.00,"89,000.00"
2019-08-28,2019082801004591,SBI,6,46,50,445.00,"22,250.00"
2019-08-28,2019082801004590,SBI,1,46,339,446.00,"151,194.00"
2019-08-28,2019082801004599,SBL,18,7,100,314.00,"31,400.00"
2019-08-28,2019082801004560,SBL,13,13,81,315.00,"25,515.00"
2019-08-28,2019082801004559,SBL,13,7,19,315.00,"5,985.00"
2019-08-28,2019082801004859,SCB,56,36,73,622.00,"45,406.00"
2019-08-28,2019082801004809,SCB,19,36,20,622.00,"12,440.00"
2019-08-28,2019082801004642,SDESI,40,1,79,642.00,"50,718.00"
2019-08-28,2019082801004641,SDESI,40,43,100,641.00,"64,100.00"
2019-08-28,2019082801004567,SDESI,25,38,23,635.00,"14,605.00"
2019-08-28,2019082801004553,SDESI,25,38,23,635.00,"14,605.00"
2019-08-28,2019082801004959,SHIVM,20,45,30,570.00,"17,100.00"
2019-08-28,2019082801004924,SHIVM,5,45,200,570.00,"114,000.00"
2019-08-28,2019082801004923,SHIVM,59,45,70,570.00,"39,900.00"
2019-08-28,2019082801004917,SHIVM,59,20,30,570.00,"17,100.00"
2019-08-28,2019082801004916,SHIVM,21,20,30,570.00,"17,100.00"
2019-08-28,2019082801004904,SHIVM,21,20,60,570.00,"34,200.00"
2019-08-28,2019082801004548,SHIVM,57,57,100,570.00,"57,000.00"
2019-08-28,2019082801004866,SHIVM,21,20,10,570.00,"5,700.00"
2019-08-28,2019082801004865,SHIVM,47,20,50,570.00,"28,500.00"
2019-08-28,2019082801004962,SHL,43,53,100,227.00,"22,700.00"
2019-08-28,2019082801004961,SHL,16,53,225,227.00,"51,075.00"
2019-08-28,2019082801004960,SHL,10,53,100,227.00,"22,700.00"
2019-08-28,2019082801004893,SHL,41,29,200,228.00,"45,600.00"
2019-08-28,2019082801004586,SHPC,43,38,82,218.00,"17,876.00"
2019-08-28,2019082801004647,SICL,16,33,500,753.00,"376,500.00"
2019-08-28,2019082801004808,SICL,34,43,300,750.00,"225,000.00"
2019-08-28,2019082801004680,SICL,34,14,12,750.00,"9,000.00"
2019-08-28,2019082801004679,SICL,56,14,200,750.00,"150,000.00"
2019-08-28,2019082801004678,SICL,14,14,100,751.00,"75,100.00"
2019-08-28,2019082801004677,SICL,26,14,20,752.00,"15,040.00"
2019-08-28,2019082801004676,SICL,1,14,18,752.00,"13,536.00"
2019-08-28,2019082801004874,SICL,46,7,154,752.00,"115,808.00"
2019-08-28,2019082801004869,SICL,40,7,70,752.00,"52,640.00"
2019-08-28,2019082801004836,SICL,34,33,115,750.00,"86,250.00"
2019-08-28,2019082801004835,SICL,35,33,30,751.00,"22,530.00"
2019-08-28,2019082801004561,SIL,25,25,12,408.00,"4,896.00"
2019-08-28,2019082801004858,SJCL,35,40,10,205.00,"2,050.00"
2019-08-28,2019082801004857,SJCL,35,44,20,205.00,"4,100.00"
2019-08-28,2019082801004849,SJCL,35,52,130,205.00,"26,650.00"
2019-08-28,2019082801004848,SJCL,32,52,200,205.00,"41,000.00"
2019-08-28,2019082801004847,SJCL,41,52,90,205.00,"18,450.00"
2019-08-28,2019082801004846,SJCL,11,52,50,206.00,"10,300.00"
2019-08-28,2019082801004488,SJCL,32,18,10,205.00,"2,050.00"
2019-08-28,2019082801004605,SJCL,1,17,20,205.00,"4,100.00"
2019-08-28,2019082801004570,SJCL,1,44,20,205.00,"4,100.00"
2019-08-28,2019082801004665,SJCL,41,34,20,205.00,"4,100.00"
2019-08-28,2019082801004660,SJCL,41,42,20,205.00,"4,100.00"
2019-08-28,2019082801004659,SJCL,41,44,20,205.00,"4,100.00"
2019-08-28,2019082801004646,SJCL,1,34,20,205.00,"4,100.00"
2019-08-28,2019082801004618,SJCL,1,34,20,205.00,"4,100.00"
2019-08-28,2019082801004608,SJCL,1,44,20,205.00,"4,100.00"
2019-08-28,2019082801004758,SJCL,41,22,10,205.00,"2,050.00"
2019-08-28,2019082801004746,SJCL,41,44,20,205.00,"4,100.00"
2019-08-28,2019082801004721,SJCL,41,44,20,205.00,"4,100.00"
2019-08-28,2019082801004720,SJCL,41,34,20,205.00,"4,100.00"
2019-08-28,2019082801004693,SJCL,41,44,10,205.00,"2,050.00"
2019-08-28,2019082801004845,SJCL,5,52,30,206.00,"6,180.00"
2019-08-28,2019082801004829,SJCL,5,44,20,206.00,"4,120.00"
2019-08-28,2019082801004812,SJCL,45,45,10,207.00,"2,070.00"
2019-08-28,2019082801004786,SJCL,45,39,20,206.00,"4,120.00"
2019-08-28,2019082801004785,SJCL,45,44,10,206.00,"2,060.00"
2019-08-28,2019082801004776,SJCL,41,44,20,205.00,"4,100.00"
2019-08-28,2019082801004712,SLBBL,39,43,10,565.00,"5,650.00"
2019-08-28,2019082801004493,SLBBL,1,38,39,562.00,"21,918.00"
2019-08-28,2019082801004492,SLBBL,51,38,261,562.00,"146,682.00"
2019-08-28,2019082801004925,SLBSL,52,58,100,750.00,"75,000.00"
2019-08-28,2019082801004906,SLBSL,19,57,20,749.00,"14,980.00"
2019-08-28,2019082801004878,SLBSL,22,57,60,749.00,"44,940.00"
2019-08-28,2019082801004854,SLBSL,19,44,10,748.00,"7,480.00"
2019-08-28,2019082801004853,SLBSL,19,44,10,748.00,"7,480.00"
2019-08-28,2019082801004852,SLBSL,19,44,10,748.00,"7,480.00"
2019-08-28,2019082801004594,SLBSL,42,38,100,743.00,"74,300.00"
2019-08-28,2019082801004966,SMATA,33,22,19,"1,335.00","25,365.00"
2019-08-28,2019082801004908,SMATA,6,22,10,"1,311.00","13,110.00"
2019-08-28,2019082801004707,SMATA,6,28,100,"1,337.00","133,700.00"
2019-08-28,2019082801004706,SMATA,25,28,10,"1,337.00","13,370.00"
2019-08-28,2019082801004688,SMATA,47,28,40,"1,338.00","53,520.00"
2019-08-28,2019082801004687,SMATA,7,28,20,"1,340.00","26,800.00"
2019-08-28,2019082801004686,SMATA,19,28,20,"1,340.00","26,800.00"
2019-08-28,2019082801004685,SMATA,39,28,50,"1,341.00","67,050.00"
2019-08-28,2019082801004684,SMATA,35,28,30,"1,343.00","40,290.00"
2019-08-28,2019082801004683,SMATA,33,28,50,"1,345.00","67,250.00"
2019-08-28,2019082801004718,SMB,54,47,10,490.00,"4,900.00"
2019-08-28,2019082801004717,SMB,54,10,10,490.00,"4,900.00"
2019-08-28,2019082801004752,SMFBS,34,22,10,802.00,"8,020.00"
2019-08-28,2019082801004675,SPARS,25,34,10,596.00,"5,960.00"
2019-08-28,2019082801004950,SRBL,25,40,500,229.00,"114,500.00"
2019-08-28,2019082801004708,SRBL,50,46,"1,000",229.00,"229,000.00"
2019-08-28,2019082801004585,SRBL,38,33,50,230.00,"11,500.00"
2019-08-28,2019082801004584,SRBL,3,33,50,230.00,"11,500.00"
2019-08-28,2019082801004583,SRBL,21,33,50,230.00,"11,500.00"
2019-08-28,2019082801004582,SRBL,22,33,404,230.00,"92,920.00"
2019-08-28,2019082801004922,TRH,44,22,10,298.00,"2,980.00"
2019-08-28,2019082801004811,UFL,22,41,20,187.00,"3,740.00"
2019-08-28,2019082801004698,UIC,52,10,100,297.00,"29,700.00"
2019-08-28,2019082801004697,UIC,36,10,200,297.00,"59,400.00"
2019-08-28,2019082801004921,UPPER,52,33,50,249.00,"12,450.00"
2019-08-28,2019082801004750,UPPER,38,38,10,250.00,"2,500.00"
2019-08-28,2019082801004736,UPPER,38,45,10,250.00,"2,500.00"
2019-08-28,2019082801004729,UPPER,38,45,19,250.00,"4,750.00"
2019-08-28,2019082801004478,UPPER,28,19,828,249.00,"206,172.00"
2019-08-28,2019082801004578,UPPER,1,53,50,248.00,"12,400.00"
2019-08-28,2019082801004577,UPPER,41,53,100,248.00,"24,800.00"
2019-08-28,2019082801004576,UPPER,43,53,50,249.00,"12,450.00"
2019-08-28,2019082801004575,UPPER,28,53,16,249.00,"3,984.00"
2019-08-28,2019082801004634,UPPER,49,45,10,250.00,"2,500.00"
2019-08-28,2019082801004633,UPPER,49,42,40,250.00,"10,000.00"
2019-08-28,2019082801004607,UPPER,49,34,50,250.00,"12,500.00"
2019-08-28,2019082801004581,UPPER,41,53,184,248.00,"45,632.00"
2019-08-28,2019082801004580,UPPER,8,53,50,248.00,"12,400.00"
2019-08-28,2019082801004579,UPPER,1,53,50,248.00,"12,400.00"
2019-08-28,2019082801004596,VLBS,54,33,13,582.00,"7,566.00"
2019-08-28,2019082801004658,VLBS,25,7,10,580.00,"5,800.00"
2019-08-28,2019082801004657,VLBS,57,7,50,580.00,"29,000.00"
2019-08-28,2019082801004656,VLBS,45,7,300,581.00,"174,300.00"
2019-08-28,2019082801004655,VLBS,54,7,74,582.00,"43,068.00"
2019-08-28,2019082801004273,ADBL,6,40,28,425.00,"11,900.00"
2019-08-28,2019082801004272,ADBL,50,40,430,425.00,"182,750.00"
2019-08-28,2019082801004271,ADBL,34,40,72,425.00,"30,600.00"
2019-08-28,2019082801004238,ADBL,34,45,28,425.00,"11,900.00"
2019-08-28,2019082801004237,ADBL,34,45,100,425.00,"42,500.00"
2019-08-28,2019082801004236,ADBL,59,45,62,425.00,"26,350.00"
2019-08-28,2019082801004156,ADBL,39,58,"3,000",425.00,"1,275,000.00"
2019-08-28,2019082801004155,ADBL,39,17,"1,394",425.00,"592,450.00"
2019-08-28,2019082801004137,ADBL,39,28,"1,501",425.00,"637,925.00"
2019-08-28,2019082801004100,ADBL,39,17,338,425.00,"143,650.00"
2019-08-28,2019082801003974,ADBL,39,53,650,425.00,"276,250.00"
2019-08-28,2019082801004182,ADBL,59,17,38,425.00,"16,150.00"
2019-08-28,2019082801004181,ADBL,46,17,100,425.00,"42,500.00"
2019-08-28,2019082801004179,ADBL,50,17,296,425.00,"125,800.00"
2019-08-28,2019082801004178,ADBL,11,17,100,425.00,"42,500.00"
2019-08-28,2019082801004177,ADBL,45,17,10,425.00,"4,250.00"
2019-08-28,2019082801004176,ADBL,39,17,241,425.00,"102,425.00"
2019-08-28,2019082801004011,AHPC,21,37,"1,000",101.00,"101,000.00"
2019-08-28,2019082801004050,AKPL,53,21,13,152.00,"1,976.00"
2019-08-28,2019082801003987,AKPL,53,21,13,152.00,"1,976.00"
2019-08-28,2019082801004244,AKPL,41,40,130,154.00,"20,020.00"
2019-08-28,2019082801004162,AKPL,25,40,12,154.00,"1,848.00"
2019-08-28,2019082801004249,AKPL,41,57,10,155.00,"1,550.00"
2019-08-28,2019082801004248,AKPL,41,45,13,155.00,"2,015.00"
2019-08-28,2019082801004247,AKPL,41,1,386,155.00,"59,830.00"
2019-08-28,2019082801004246,AKPL,41,21,20,155.00,"3,100.00"
2019-08-28,2019082801004245,AKPL,41,49,84,155.00,"13,020.00"
2019-08-28,2019082801004456,ALBSL,38,38,10,445.00,"4,450.00"
2019-08-28,2019082801004432,ALBSL,29,7,25,445.00,"11,125.00"
2019-08-28,2019082801004431,ALBSL,21,7,100,445.00,"44,500.00"
2019-08-28,2019082801004430,ALBSL,41,7,10,445.00,"4,450.00"
2019-08-28,2019082801004374,ALBSL,38,38,10,446.00,"4,460.00"
2019-08-28,2019082801004358,ALBSL,38,38,10,446.00,"4,460.00"
2019-08-28,2019082801004055,ALBSL,6,38,20,446.00,"8,920.00"
2019-08-28,2019082801004054,ALBSL,35,38,50,447.00,"22,350.00"
2019-08-28,2019082801004053,ALBSL,42,38,30,447.00,"13,410.00"
2019-08-28,2019082801004243,ALBSL,38,38,10,446.00,"4,460.00"
2019-08-28,2019082801004222,ALBSL,38,38,10,446.00,"4,460.00"
2019-08-28,2019082801004188,ALBSL,38,38,10,446.00,"4,460.00"
2019-08-28,2019082801004169,ALBSL,38,38,10,446.00,"4,460.00"
2019-08-28,2019082801004259,ALBSL,38,38,10,446.00,"4,460.00"
2019-08-28,2019082801004344,ALBSL,38,38,70,446.00,"31,220.00"
2019-08-28,2019082801004342,ALBSL,38,38,10,446.00,"4,460.00"
2019-08-28,2019082801004327,ALBSL,38,38,10,446.00,"4,460.00"
2019-08-28,2019082801004301,ALBSL,38,38,10,446.00,"4,460.00"
2019-08-28,2019082801004282,ALBSL,7,7,300,447.00,"134,100.00"
2019-08-28,2019082801004268,ALBSL,7,7,200,448.00,"89,600.00"
2019-08-28,2019082801004340,ALICL,57,48,40,330.00,"13,200.00"
2019-08-28,2019082801004339,ALICL,25,48,100,330.00,"33,000.00"
2019-08-28,2019082801004338,ALICL,55,48,20,330.00,"6,600.00"
2019-08-28,2019082801004134,ALICL,35,35,28,331.00,"9,268.00"
2019-08-28,2019082801004109,ALICL,35,35,80,331.00,"26,480.00"
2019-08-28,2019082801004108,ALICL,16,35,100,331.00,"33,100.00"
2019-08-28,2019082801004107,ALICL,35,35,20,332.00,"6,640.00"
2019-08-28,2019082801004106,ALICL,35,35,150,332.00,"49,800.00"
2019-08-28,2019082801004105,ALICL,57,35,300,332.00,"99,600.00"
2019-08-28,2019082801004104,ALICL,5,35,50,334.00,"16,700.00"
2019-08-28,2019082801004103,ALICL,45,35,100,335.00,"33,500.00"
2019-08-28,2019082801004286,API,25,56,28,125.00,"3,500.00"
2019-08-28,2019082801004256,API,25,26,18,124.00,"2,232.00"
2019-08-28,2019082801004216,API,52,53,80,122.00,"9,760.00"
2019-08-28,2019082801004215,API,7,53,"1,000",122.00,"122,000.00"
2019-08-28,2019082801004214,API,26,53,200,122.00,"24,400.00"
2019-08-28,2019082801004213,API,22,53,20,123.00,"2,460.00"
2019-08-28,2019082801004074,API,36,45,250,122.00,"30,500.00"
2019-08-28,2019082801004073,API,35,45,500,122.00,"61,000.00"
2019-08-28,2019082801004072,API,3,45,100,122.00,"12,200.00"
2019-08-28,2019082801004071,API,38,45,300,122.00,"36,600.00"
2019-08-28,2019082801004070,API,22,45,33,122.00,"4,026.00"
2019-08-28,2019082801003997,API,22,21,17,122.00,"2,074.00"
2019-08-28,2019082801004152,API,38,32,10,124.00,"1,240.00"
2019-08-28,2019082801004078,API,34,45,375,122.00,"45,750.00"
2019-08-28,2019082801004077,API,39,45,200,122.00,"24,400.00"
2019-08-28,2019082801004076,API,22,45,"1,000",122.00,"122,000.00"
2019-08-28,2019082801004075,API,25,45,200,122.00,"24,400.00"
2019-08-28,2019082801004422,BOKL,4,11,200,256.00,"51,200.00"
2019-08-28,2019082801004291,CBBL,26,45,50,978.00,"48,900.00"
2019-08-28,2019082801004207,CBBLPO,49,58,"10,000",472.00,"4,720,000.00"
2019-08-28,2019082801004261,CBL,58,41,667,145.00,"96,715.00"
2019-08-28,2019082801004260,CBL,53,41,333,145.00,"48,285.00"
2019-08-28,2019082801004231,CBL,59,7,483,146.00,"70,518.00"
2019-08-28,2019082801004230,CBL,59,7,"1,000",146.00,"146,000.00"
2019-08-28,2019082801004229,CBL,59,58,122,146.00,"17,812.00"
2019-08-28,2019082801004312,CFCL,44,58,300,113.00,"33,900.00"
2019-08-28,2019082801004017,CHCL,6,58,"1,130",442.00,"499,460.00"
2019-08-28,2019082801004016,CHCL,25,58,50,442.00,"22,100.00"
2019-08-28,2019082801004015,CHCL,45,58,100,442.00,"44,200.00"
2019-08-28,2019082801004014,CHCL,59,58,200,443.00,"88,600.00"
2019-08-28,2019082801004013,CHCL,53,58,450,443.00,"199,350.00"
2019-08-28,2019082801004012,CHCL,41,58,20,443.00,"8,860.00"
2019-08-28,2019082801004330,CHL,21,45,90,76.00,"6,840.00"
2019-08-28,2019082801004329,CHL,50,45,50,77.00,"3,850.00"
2019-08-28,2019082801004005,CIT,49,38,30,"2,365.00","70,950.00"
2019-08-28,2019082801004004,CIT,6,38,50,"2,365.00","118,250.00"
2019-08-28,2019082801004003,CIT,41,38,50,"2,365.00","118,250.00"
2019-08-28,2019082801004002,CIT,41,38,50,"2,365.00","118,250.00"
2019-08-28,2019082801004001,CIT,32,38,50,"2,366.00","118,300.00"
2019-08-28,2019082801004380,CZBIL,13,44,500,218.00,"109,000.00"
2019-08-28,2019082801004202,CZBIL,48,44,100,218.00,"21,800.00"
2019-08-28,2019082801004201,CZBIL,1,44,25,218.00,"5,450.00"
2019-08-28,2019082801004200,CZBIL,1,44,25,218.00,"5,450.00"
2019-08-28,2019082801004199,CZBIL,1,44,25,218.00,"5,450.00"
2019-08-28,2019082801004198,CZBIL,17,44,204,218.00,"44,472.00"
2019-08-28,2019082801004191,CZBIL,17,17,162,218.00,"35,316.00"
2019-08-28,2019082801003999,CZBIL,17,13,134,218.00,"29,212.00"
2019-08-28,2019082801003998,CZBIL,16,13,"1,366",218.00,"297,788.00"
2019-08-28,2019082801004470,DBBL,41,32,131,131.00,"17,161.00"
2019-08-28,2019082801004457,DBBL,59,51,100,131.00,"13,100.00"
2019-08-28,2019082801004210,DBBL,38,32,200,132.00,"26,400.00"
2019-08-28,2019082801004060,DDBL,38,40,215,740.00,"159,100.00"
2019-08-28,2019082801004059,DDBL,38,40,35,740.00,"25,900.00"
2019-08-28,2019082801004049,EBL,38,58,201,646.00,"129,846.00"
2019-08-28,2019082801004299,EIC,11,58,20,312.00,"6,240.00"
2019-08-28,2019082801004298,EIC,11,57,55,312.00,"17,160.00"
2019-08-28,2019082801004437,FMDBL,26,56,90,383.00,"34,470.00"
2019-08-28,2019082801004367,FMDBL,57,56,50,384.00,"19,200.00"
2019-08-28,2019082801004366,FMDBL,42,56,38,384.00,"14,592.00"
2019-08-28,2019082801004365,FMDBL,36,56,20,386.00,"7,720.00"
2019-08-28,2019082801003977,FOWAD,33,33,10,"1,345.00","13,450.00"
2019-08-28,2019082801003982,GDBL,43,48,52,204.00,"10,608.00"
2019-08-28,2019082801003981,GDBL,34,48,148,204.00,"30,192.00"
2019-08-28,2019082801004461,GLICL,33,22,100,431.00,"43,100.00"
2019-08-28,2019082801004079,GMFBS,11,34,50,526.00,"26,300.00"
2019-08-28,2019082801004009,GMFBS,10,11,10,523.00,"5,230.00"
2019-08-28,2019082801004454,HBL,34,33,10,550.00,"5,500.00"
2019-08-28,2019082801004167,HBL,39,22,100,548.00,"54,800.00"
2019-08-28,2019082801004166,HBL,47,22,100,548.00,"54,800.00"
2019-08-28,2019082801003985,HBL,33,33,10,550.00,"5,500.00"
2019-08-28,2019082801003983,HBL,6,13,200,548.00,"109,600.00"
2019-08-28,2019082801004036,HGI,42,52,30,316.00,"9,480.00"
2019-08-28,2019082801004468,HIDCL,51,16,30,144.00,"4,320.00"
2019-08-28,2019082801004306,HIDCL,45,16,10,145.00,"1,450.00"
2019-08-28,2019082801004062,HIDCL,51,21,11,144.00,"1,584.00"
2019-08-28,2019082801004326,ICFC,48,58,200,159.00,"31,800.00"
2019-08-28,2019082801004052,ILBS,25,48,110,450.00,"49,500.00"
2019-08-28,2019082801004051,ILBS,42,48,90,450.00,"40,500.00"
2019-08-28,2019082801004289,JBBL,47,45,319,161.00,"51,359.00"
2019-08-28,2019082801004274,JBBL,47,45,81,162.00,"13,122.00"
2019-08-28,2019082801004270,JBBL,47,41,500,162.00,"81,000.00"
2019-08-28,2019082801004265,JBBL,47,6,200,162.00,"32,400.00"
2019-08-28,2019082801004132,JBBL,47,46,719,162.00,"116,478.00"
2019-08-28,2019082801004131,JBBL,47,56,200,162.00,"32,400.00"
2019-08-28,2019082801004130,JBBL,47,38,300,162.00,"48,600.00"
2019-08-28,2019082801003980,JBBL,47,7,229,161.00,"36,869.00"
2019-08-28,2019082801004436,KBL,59,16,100,203.00,"20,300.00"
2019-08-28,2019082801004435,KBL,59,59,100,203.00,"20,300.00"
2019-08-28,2019082801004423,KBL,22,59,100,203.00,"20,300.00"
2019-08-28,2019082801004317,KBL,22,59,200,203.00,"40,600.00"
2019-08-28,2019082801004235,KBL,44,38,47,203.00,"9,541.00"
2019-08-28,2019082801004161,KBL,44,59,300,203.00,"60,900.00"
2019-08-28,2019082801004040,KBL,19,59,100,203.00,"20,300.00"
2019-08-28,2019082801004039,KBL,34,59,300,203.00,"60,900.00"
2019-08-28,2019082801004038,KBL,6,59,14,203.00,"2,842.00"
2019-08-28,2019082801004007,KBL,6,48,42,203.00,"8,526.00"
2019-08-28,2019082801004141,KBL,22,59,50,203.00,"10,150.00"
2019-08-28,2019082801004140,KBL,36,59,150,203.00,"30,450.00"
2019-08-28,2019082801004139,KBL,59,59,50,203.00,"10,150.00"
2019-08-28,2019082801004138,KBL,8,59,434,203.00,"88,102.00"
2019-08-28,2019082801004042,KBL,8,59,"3,566",203.00,"723,898.00"
2019-08-28,2019082801004041,KBL,42,59,20,203.00,"4,060.00"
2019-08-28,2019082801004469,KPCL,43,59,10,81.00,810.00
2019-08-28,2019082801004209,LBBL,10,34,250,176.00,"44,000.00"
2019-08-28,2019082801004275,LBL,16,22,480,213.00,"102,240.00"
2019-08-28,2019082801004217,LBL,22,22,20,213.00,"4,260.00"
2019-08-28,2019082801004068,LBL,16,41,"1,000",213.00,"213,000.00"
2019-08-28,2019082801003994,LBL,16,11,"1,000",213.00,"213,000.00"
2019-08-28,2019082801003993,LBL,16,11,650,213.00,"138,450.00"
2019-08-28,2019082801004296,LGIL,4,49,29,389.00,"11,281.00"
2019-08-28,2019082801004444,LICN,34,17,20,"1,075.00","21,500.00"
2019-08-28,2019082801004343,LICN,25,25,10,"1,074.00","10,740.00"
2019-08-28,2019082801004190,LICN,8,56,60,"1,060.00","63,600.00"
2019-08-28,2019082801004335,MBL,29,17,214,253.00,"54,142.00"
2019-08-28,2019082801003986,MEGA,19,50,100,198.00,"19,800.00"
2019-08-28,2019082801004034,MEGA,1,21,15,197.00,"2,955.00"
2019-08-28,2019082801004063,MEGA,50,50,100,198.00,"19,800.00"
2019-08-28,2019082801004196,MEGA,51,54,275,197.00,"54,175.00"
2019-08-28,2019082801004195,MEGA,1,54,25,197.00,"4,925.00"
2019-08-28,2019082801004403,MERO,33,45,210,560.00,"117,600.00"
2019-08-28,2019082801004402,MERO,53,45,45,560.00,"25,200.00"
2019-08-28,2019082801004025,MERO,39,45,844,564.00,"476,016.00"
2019-08-28,2019082801004401,MERO,6,45,10,560.00,"5,600.00"
2019-08-28,2019082801004400,MERO,38,45,20,560.00,"11,200.00"
2019-08-28,2019082801004399,MERO,32,45,15,561.00,"8,415.00"
2019-08-28,2019082801004398,MERO,14,45,100,562.00,"56,200.00"
2019-08-28,2019082801004144,MERO,42,56,350,562.00,"196,700.00"
2019-08-28,2019082801004143,MERO,6,56,20,563.00,"11,260.00"
2019-08-28,2019082801004460,MLBL,40,38,54,209.00,"11,286.00"
2019-08-28,2019082801004448,MLBL,34,22,200,210.00,"42,000.00"
2019-08-28,2019082801004065,MLBL,41,13,500,210.00,"105,000.00"
2019-08-28,2019082801004064,MLBL,48,13,139,210.00,"29,190.00"
2019-08-28,2019082801004447,MNBBL,32,33,100,326.00,"32,600.00"
2019-08-28,2019082801004383,MNBBL,45,49,100,326.00,"32,600.00"
2019-08-28,2019082801004382,MNBBL,6,49,20,326.00,"6,520.00"
2019-08-28,2019082801004381,MNBBL,45,49,31,326.00,"10,106.00"
2019-08-28,2019082801003992,MNBBL,17,51,100,327.00,"32,700.00"
2019-08-28,2019082801003991,MNBBL,29,51,10,327.00,"3,270.00"
2019-08-28,2019082801004069,MSMBS,51,21,11,494.00,"5,434.00"
2019-08-28,2019082801004467,NABIL,48,49,30,773.00,"23,190.00"
2019-08-28,2019082801004466,NABIL,49,49,100,773.00,"77,300.00"
2019-08-28,2019082801004465,NABIL,37,49,500,774.00,"387,000.00"
2019-08-28,2019082801004464,NABIL,36,49,100,774.00,"77,400.00"
2019-08-28,2019082801004463,NABIL,20,49,50,775.00,"38,750.00"
2019-08-28,2019082801004375,NABIL,6,6,20,776.00,"15,520.00"
2019-08-28,2019082801004212,NADEP,45,38,220,470.00,"103,400.00"
2019-08-28,2019082801004160,NADEP,6,22,10,472.00,"4,720.00"
2019-08-28,2019082801004417,NBB,14,11,300,212.00,"63,600.00"
2019-08-28,2019082801004416,NBB,22,11,"1,000",212.00,"212,000.00"
2019-08-28,2019082801004415,NBB,28,11,100,212.00,"21,200.00"
2019-08-28,2019082801004414,NBB,43,11,200,212.00,"42,400.00"
2019-08-28,2019082801004413,NBB,55,11,88,212.00,"18,656.00"
2019-08-28,2019082801004412,NBB,25,11,"1,000",212.00,"212,000.00"
2019-08-28,2019082801004266,NBB,22,53,20,213.00,"4,260.00"
2019-08-28,2019082801004405,NBB,22,11,100,212.00,"21,200.00"
2019-08-28,2019082801004404,NBB,51,11,105,212.00,"22,260.00"
2019-08-28,2019082801004315,NBB,25,11,50,213.00,"10,650.00"
2019-08-28,2019082801004267,NBB,51,53,95,212.00,"20,140.00"
2019-08-28,2019082801004411,NBB,44,11,244,212.00,"51,728.00"
2019-08-28,2019082801004410,NBB,45,11,90,212.00,"19,080.00"
2019-08-28,2019082801004409,NBB,1,11,100,212.00,"21,200.00"
2019-08-28,2019082801004408,NBB,44,11,20,212.00,"4,240.00"
2019-08-28,2019082801004407,NBB,58,11,200,212.00,"42,400.00"
2019-08-28,2019082801004406,NBB,41,11,31,212.00,"6,572.00"
2019-08-28,2019082801004129,NBL,6,17,17,322.00,"5,474.00"
2019-08-28,2019082801004128,NBL,38,17,100,322.00,"32,200.00"
2019-08-28,2019082801004127,NBL,48,17,500,322.00,"161,000.00"
2019-08-28,2019082801004126,NBL,19,17,500,322.00,"161,000.00"
2019-08-28,2019082801004125,NBL,6,17,200,322.00,"64,400.00"
2019-08-28,2019082801004124,NBL,39,17,380,322.00,"122,360.00"
2019-08-28,2019082801004449,NCCB,39,58,160,201.00,"32,160.00"
2019-08-28,2019082801004361,NCCB,39,52,340,201.00,"68,340.00"
2019-08-28,2019082801004360,NCCB,46,52,100,201.00,"20,100.00"
2019-08-28,2019082801004359,NCCB,5,52,388,201.00,"77,988.00"
2019-08-28,2019082801004324,NCCB,5,17,112,201.00,"22,512.00"
2019-08-28,2019082801004323,NCCB,32,17,"1,000",201.00,"201,000.00"
2019-08-28,2019082801004092,NCCB,41,58,300,201.00,"60,300.00"
2019-08-28,2019082801004091,NCCB,22,58,30,201.00,"6,030.00"
2019-08-28,2019082801004090,NCCB,34,58,200,201.00,"40,200.00"
2019-08-28,2019082801004089,NCCB,41,58,10,201.00,"2,010.00"
2019-08-28,2019082801004088,NCCB,32,58,300,201.00,"60,300.00"
2019-08-28,2019082801004087,NCCB,25,58,138,201.00,"27,738.00"
2019-08-28,2019082801004098,NCCB,52,58,500,201.00,"100,500.00"
2019-08-28,2019082801004097,NCCB,55,58,30,201.00,"6,030.00"
2019-08-28,2019082801004096,NCCB,58,58,200,201.00,"40,200.00"
2019-08-28,2019082801004095,NCCB,36,58,"1,000",201.00,"201,000.00"
2019-08-28,2019082801004094,NCCB,36,58,"1,000",201.00,"201,000.00"
2019-08-28,2019082801004093,NCCB,48,58,"1,000",201.00,"201,000.00"
2019-08-28,2019082801004290,NCCB,58,58,10,202.00,"2,020.00"
2019-08-28,2019082801004221,NCCB,58,41,272,201.00,"54,672.00"
2019-08-28,2019082801004220,NCCB,57,41,20,201.00,"4,020.00"
2019-08-28,2019082801004219,NCCB,34,41,"1,208",201.00,"242,808.00"
2019-08-28,2019082801004154,NCCB,58,58,10,202.00,"2,020.00"
2019-08-28,2019082801004099,NCCB,34,58,792,201.00,"159,192.00"
2019-08-28,2019082801004462,NIB,37,48,62,465.00,"28,830.00"
2019-08-28,2019082801004428,NIB,37,51,200,465.00,"93,000.00"
2019-08-28,2019082801004373,NIB,37,48,179,465.00,"83,235.00"
2019-08-28,2019082801004165,NIB,37,48,321,465.00,"149,265.00"
2019-08-28,2019082801003988,NIB,37,48,76,465.00,"35,340.00"
2019-08-28,2019082801004459,NICA,11,37,667,440.00,"293,480.00"
2019-08-28,2019082801004458,NICA,11,28,335,440.00,"147,400.00"
2019-08-28,2019082801004419,NICA,14,28,100,440.00,"44,000.00"
2019-08-28,2019082801004346,NICA,14,28,300,440.00,"132,000.00"
2019-08-28,2019082801004322,NICA,58,28,100,440.00,"44,000.00"
2019-08-28,2019082801004297,NICA,19,28,50,440.00,"22,000.00"
2019-08-28,2019082801004030,NICA,56,40,50,440.00,"22,000.00"
2019-08-28,2019082801004029,NICA,38,40,50,440.00,"22,000.00"
2019-08-28,2019082801004028,NICA,5,40,25,440.00,"11,000.00"
2019-08-28,2019082801004027,NICA,22,40,210,440.00,"92,400.00"
2019-08-28,2019082801004066,NICA,49,59,100,440.00,"44,000.00"
2019-08-28,2019082801004048,NICA,51,59,100,440.00,"44,000.00"
2019-08-28,2019082801004047,NICA,6,59,50,440.00,"22,000.00"
2019-08-28,2019082801004046,NICA,42,59,100,440.00,"44,000.00"
2019-08-28,2019082801004045,NICA,10,59,35,440.00,"15,400.00"
2019-08-28,2019082801004031,NICA,10,40,165,440.00,"72,600.00"
2019-08-28,2019082801004115,NICA,57,59,145,439.00,"63,655.00"
2019-08-28,2019082801004114,NICA,44,59,100,439.00,"43,900.00"
2019-08-28,2019082801004113,NICA,33,59,50,439.00,"21,950.00"
2019-08-28,2019082801004112,NICA,53,59,150,439.00,"65,850.00"
2019-08-28,2019082801004111,NICA,54,59,100,439.00,"43,900.00"
2019-08-28,2019082801004110,NICA,45,59,70,439.00,"30,730.00"
2019-08-28,2019082801004226,NICA,52,11,250,439.00,"109,750.00"
2019-08-28,2019082801004204,NICA,43,28,100,440.00,"44,000.00"
2019-08-28,2019082801004203,NICA,52,51,150,439.00,"65,850.00"
2019-08-28,2019082801004187,NICA,52,42,100,439.00,"43,900.00"
2019-08-28,2019082801004148,NICA,57,42,50,439.00,"21,950.00"
2019-08-28,2019082801004116,NICA,58,28,15,440.00,"6,600.00"
2019-08-28,2019082801004255,NICA,43,34,39,439.00,"17,121.00"
2019-08-28,2019082801004254,NICA,25,34,300,439.00,"131,700.00"
2019-08-28,2019082801004253,NICA,35,34,100,439.00,"43,900.00"
2019-08-28,2019082801004252,NICA,45,34,461,439.00,"202,379.00"
2019-08-28,2019082801004228,NICA,45,11,39,439.00,"17,121.00"
2019-08-28,2019082801004227,NICA,51,11,100,439.00,"43,900.00"
2019-08-28,2019082801004434,NICL,25,48,40,290.00,"11,600.00"
2019-08-28,2019082801004300,NICL,34,45,60,289.00,"17,340.00"
2019-08-28,2019082801004172,NICL,1,48,10,290.00,"2,900.00"
2019-08-28,2019082801004311,NIL,20,49,18,394.00,"7,092.00"
2019-08-28,2019082801004242,NLG,29,10,20,608.00,"12,160.00"
2019-08-28,2019082801004241,NLG,6,10,100,608.00,"60,800.00"
2019-08-28,2019082801004240,NLG,16,10,100,613.00,"61,300.00"
2019-08-28,2019082801004239,NLG,53,10,50,613.00,"30,650.00"
2019-08-28,2019082801004303,NLIC,51,4,50,840.00,"42,000.00"
2019-08-28,2019082801004171,NLIC,57,4,10,840.00,"8,400.00"
2019-08-28,2019082801004170,NLIC,57,4,40,840.00,"33,600.00"
2019-08-28,2019082801004057,NLIC,33,6,15,839.00,"12,585.00"
2019-08-28,2019082801004056,NLIC,33,6,10,839.00,"8,390.00"
2019-08-28,2019082801004341,NLICL,43,16,100,549.00,"54,900.00"
2019-08-28,2019082801004452,NSEWA,39,36,10,432.00,"4,320.00"
2019-08-28,2019082801004006,NSEWA,11,21,10,424.00,"4,240.00"
2019-08-28,2019082801003971,NTC,25,26,30,665.00,"19,950.00"
2019-08-28,2019082801004397,NTC,35,26,10,665.00,"6,650.00"
2019-08-28,2019082801004362,NTC,6,26,20,665.00,"13,300.00"
2019-08-28,2019082801004234,NUBL,58,33,15,865.00,"12,975.00"
2019-08-28,2019082801004233,NUBL,6,33,20,865.00,"17,300.00"
2019-08-28,2019082801004232,NUBL,35,33,25,865.00,"21,625.00"
2019-08-28,2019082801004443,PCBL,38,35,173,275.00,"47,575.00"
2019-08-28,2019082801004442,PCBL,46,35,150,275.00,"41,250.00"
2019-08-28,2019082801004441,PCBL,38,35,"1,000",275.00,"275,000.00"
2019-08-28,2019082801004440,PCBL,52,35,"2,477",275.00,"681,175.00"
2019-08-28,2019082801004277,PFL,49,57,20,135.00,"2,700.00"
2019-08-28,2019082801004352,PIC,22,40,19,407.00,"7,733.00"
2019-08-28,2019082801004351,PIC,52,40,100,407.00,"40,700.00"
2019-08-28,2019082801004350,PIC,8,40,100,408.00,"40,800.00"
2019-08-28,2019082801004349,PIC,56,40,31,408.00,"12,648.00"
2019-08-28,2019082801004348,PIC,41,40,200,409.00,"81,800.00"
2019-08-28,2019082801004347,PIC,26,40,100,409.00,"40,900.00"
2019-08-28,2019082801004325,PIC,34,54,100,410.00,"41,000.00"
2019-08-28,2019082801004223,PMHPL,49,34,10,99.00,990.00
2019-08-28,2019082801004043,PMHPL,49,43,10,99.00,990.00
2019-08-28,2019082801004142,PPCL,4,59,500,102.00,"51,000.00"
2019-08-28,2019082801004379,PRIN,25,38,50,337.00,"16,850.00"
2019-08-28,2019082801004378,PRIN,51,38,10,337.00,"3,370.00"
2019-08-28,2019082801004377,PRIN,28,38,40,337.00,"13,480.00"
2019-08-28,2019082801004353,PRIN,36,51,200,338.00,"67,600.00"
2019-08-28,2019082801004295,PRIN,28,51,100,338.00,"33,800.00"
2019-08-28,2019082801004294,PRIN,52,51,100,338.00,"33,800.00"
2019-08-28,2019082801004293,PRIN,38,51,100,338.00,"33,800.00"
2019-08-28,2019082801004420,PRVU,58,58,200,265.00,"53,000.00"
2019-08-28,2019082801004336,PRVU,50,58,100,265.00,"26,500.00"
2019-08-28,2019082801004257,PRVU,38,58,700,265.00,"185,500.00"
2019-08-28,2019082801004164,PRVU,47,58,200,265.00,"53,000.00"
2019-08-28,2019082801004158,PRVU,47,28,800,265.00,"212,000.00"
2019-08-28,2019082801004157,PRVU,14,28,200,265.00,"53,000.00"
2019-08-28,2019082801004151,RADHI,22,59,11,136.00,"1,496.00"
2019-08-28,2019082801004278,RBCL,25,6,10,"9,016.00","90,160.00"
2019-08-28,2019082801004225,RBCL,35,52,10,"9,017.00","90,170.00"
2019-08-28,2019082801003972,RHPC,47,16,18,85.00,"1,530.00"
2019-08-28,2019082801004451,RHPL,59,33,10,185.00,"1,850.00"
2019-08-28,2019082801004450,RHPL,59,44,10,185.00,"1,850.00"
2019-08-28,2019082801004446,RHPL,59,18,30,185.00,"5,550.00"
2019-08-28,2019082801004445,RHPL,59,18,20,185.00,"3,700.00"
2019-08-28,2019082801004418,RHPL,59,26,10,185.00,"1,850.00"
2019-08-28,2019082801004396,RHPL,59,18,10,185.00,"1,850.00"
2019-08-28,2019082801004018,RHPL,45,40,10,185.00,"1,850.00"
2019-08-28,2019082801004010,RHPL,45,26,10,185.00,"1,850.00"
2019-08-28,2019082801003989,RHPL,45,44,40,185.00,"7,400.00"
2019-08-28,2019082801003984,RHPL,45,40,50,185.00,"9,250.00"
2019-08-28,2019082801003973,RHPL,45,44,40,185.00,"7,400.00"
2019-08-28,2019082801004102,RHPL,48,52,10,185.00,"1,850.00"
2019-08-28,2019082801004101,RHPL,48,41,630,185.00,"116,550.00"
2019-08-28,2019082801004061,RHPL,42,34,10,186.00,"1,860.00"
2019-08-28,2019082801004044,RHPL,48,44,40,185.00,"7,400.00"
2019-08-28,2019082801004020,RHPL,48,44,40,185.00,"7,400.00"
2019-08-28,2019082801004019,RHPL,48,40,30,185.00,"5,550.00"
2019-08-28,2019082801004189,RHPL,48,44,40,185.00,"7,400.00"
2019-08-28,2019082801004168,RHPL,48,44,40,185.00,"7,400.00"
2019-08-28,2019082801004159,RHPL,48,44,40,185.00,"7,400.00"
2019-08-28,2019082801004149,RHPL,48,40,40,185.00,"7,400.00"
2019-08-28,2019082801004145,RHPL,48,59,10,185.00,"1,850.00"
2019-08-28,2019082801004117,RHPL,48,44,40,185.00,"7,400.00"
2019-08-28,2019082801004258,RHPL,11,44,40,185.00,"7,400.00"
2019-08-28,2019082801004251,RHPL,11,34,30,185.00,"5,550.00"
2019-08-28,2019082801004250,RHPL,43,34,20,185.00,"3,700.00"
2019-08-28,2019082801004218,RHPL,43,26,10,185.00,"1,850.00"
2019-08-28,2019082801004206,RHPL,43,34,10,185.00,"1,850.00"
2019-08-28,2019082801004205,RHPL,48,34,40,185.00,"7,400.00"
2019-08-28,2019082801004304,RHPL,34,26,10,185.00,"1,850.00"
2019-08-28,2019082801004288,RHPL,34,44,40,185.00,"7,400.00"
2019-08-28,2019082801004283,RHPL,34,26,10,185.00,"1,850.00"
2019-08-28,2019082801004280,RHPL,34,44,30,185.00,"5,550.00"
2019-08-28,2019082801004279,RHPL,11,44,10,185.00,"1,850.00"
2019-08-28,2019082801004269,RHPL,11,35,20,185.00,"3,700.00"
2019-08-28,2019082801004376,RHPL,34,26,10,185.00,"1,850.00"
2019-08-28,2019082801004345,RHPL,34,26,10,185.00,"1,850.00"
2019-08-28,2019082801004334,RHPL,34,26,10,185.00,"1,850.00"
2019-08-28,2019082801004316,RHPL,46,17,20,186.00,"3,720.00"
2019-08-28,2019082801004313,RHPL,34,6,10,185.00,"1,850.00"
2019-08-28,2019082801004307,RHPL,34,44,40,185.00,"7,400.00"
2019-08-28,2019082801004395,RHPL,34,18,30,185.00,"5,550.00"
2019-08-28,2019082801004389,RHPL,46,6,50,186.00,"9,300.00"
2019-08-28,2019082801004388,RHPL,46,37,30,186.00,"5,580.00"
2019-08-28,2019082801004387,RHPL,46,43,40,186.00,"7,440.00"
2019-08-28,2019082801004386,RHPL,46,17,30,186.00,"5,580.00"
2019-08-28,2019082801004385,RHPL,46,17,30,186.00,"5,580.00"
2019-08-28,2019082801004308,RRHP,22,22,200,104.00,"20,800.00"
2019-08-28,2019082801004175,SANIMA,47,13,272,349.00,"94,928.00"
2019-08-28,2019082801004174,SANIMA,56,13,72,349.00,"25,128.00"
2019-08-28,2019082801004173,SANIMA,14,13,156,349.00,"54,444.00"
2019-08-28,2019082801003990,SANIMA,14,48,94,349.00,"32,806.00"
2019-08-28,2019082801004208,SBI,1,17,514,446.00,"229,244.00"
2019-08-28,2019082801004186,SBI,1,19,147,446.00,"65,562.00"
2019-08-28,2019082801004185,SBI,45,19,10,446.00,"4,460.00"
2019-08-28,2019082801004184,SBI,17,19,10,446.00,"4,460.00"
2019-08-28,2019082801004183,SBI,52,19,153,447.00,"68,391.00"
2019-08-28,2019082801004357,SBL,8,17,195,314.00,"61,230.00"
2019-08-28,2019082801004356,SBL,6,17,170,314.00,"53,380.00"
2019-08-28,2019082801004355,SBL,52,17,35,314.00,"10,990.00"
2019-08-28,2019082801004067,SBL,52,14,300,314.00,"94,200.00"
2019-08-28,2019082801004333,SCB,56,42,27,620.00,"16,740.00"
2019-08-28,2019082801004332,SCB,58,42,100,621.00,"62,100.00"
2019-08-28,2019082801004331,SCB,39,42,380,621.00,"235,980.00"
2019-08-28,2019082801004310,SCB,39,14,20,621.00,"12,420.00"
2019-08-28,2019082801004153,SCB,39,13,100,622.00,"62,200.00"
2019-08-28,2019082801004085,SDESI,45,47,85,633.00,"53,805.00"
2019-08-28,2019082801004084,SDESI,45,47,100,633.00,"63,300.00"
2019-08-28,2019082801004083,SDESI,1,47,10,633.00,"6,330.00"
2019-08-28,2019082801004082,SDESI,45,47,70,640.00,"44,800.00"
2019-08-28,2019082801004081,SDESI,6,47,40,642.00,"25,680.00"
2019-08-28,2019082801004080,SDESI,40,47,104,643.00,"66,872.00"
2019-08-28,2019082801004026,SDESI,40,52,27,643.00,"17,361.00"
2019-08-28,2019082801003976,SDESI,40,48,45,643.00,"28,935.00"
2019-08-28,2019082801003975,SDESI,45,48,20,645.00,"12,900.00"
2019-08-28,2019082801004035,SEF,3,55,100,9.00,900.00
2019-08-28,2019082801004427,SHIVM,49,17,10,570.00,"5,700.00"
2019-08-28,2019082801004426,SHIVM,39,17,100,570.00,"57,000.00"
2019-08-28,2019082801004425,SHIVM,48,17,60,570.00,"34,200.00"
2019-08-28,2019082801004424,SHIVM,29,17,30,570.00,"17,100.00"
2019-08-28,2019082801004321,SHIVM,58,52,200,571.00,"114,200.00"
2019-08-28,2019082801004320,SHIVM,38,52,50,571.00,"28,550.00"
2019-08-28,2019082801004319,SHIVM,45,52,100,571.00,"57,100.00"
2019-08-28,2019082801004318,SHIVM,48,52,100,571.00,"57,100.00"
2019-08-28,2019082801004305,SHIVM,48,45,50,571.00,"28,550.00"
2019-08-28,2019082801004264,SHIVM,48,56,170,571.00,"97,070.00"
2019-08-28,2019082801004135,SHIVM,48,33,400,571.00,"228,400.00"
2019-08-28,2019082801004285,SHL,44,51,600,229.00,"137,400.00"
2019-08-28,2019082801004284,SHL,44,13,500,229.00,"114,500.00"
2019-08-28,2019082801004433,SHPC,34,38,200,218.00,"43,600.00"
2019-08-28,2019082801004394,SHPC,17,38,500,218.00,"109,000.00"
2019-08-28,2019082801004393,SHPC,22,38,50,218.00,"10,900.00"
2019-08-28,2019082801004392,SHPC,58,38,100,218.00,"21,800.00"
2019-08-28,2019082801004391,SHPC,42,38,50,219.00,"10,950.00"
2019-08-28,2019082801004390,SHPC,36,38,18,219.00,"3,942.00"
2019-08-28,2019082801004439,SICL,36,43,100,755.00,"75,500.00"
2019-08-28,2019082801004438,SICL,33,43,100,756.00,"75,600.00"
2019-08-28,2019082801004372,SIL,41,11,195,400.00,"78,000.00"
2019-08-28,2019082801004371,SIL,22,11,200,400.00,"80,000.00"
2019-08-28,2019082801004370,SIL,22,11,20,401.00,"8,020.00"
2019-08-28,2019082801004369,SIL,20,11,100,401.00,"40,100.00"
2019-08-28,2019082801004368,SIL,7,11,40,401.00,"16,040.00"
2019-08-28,2019082801004455,SJCL,32,33,10,205.00,"2,050.00"
2019-08-28,2019082801004453,SJCL,32,18,20,205.00,"4,100.00"
2019-08-28,2019082801004429,SJCL,32,18,20,205.00,"4,100.00"
2019-08-28,2019082801004421,SJCL,32,26,10,205.00,"2,050.00"
2019-08-28,2019082801004384,SJCL,32,26,10,205.00,"2,050.00"
2019-08-28,2019082801004354,SJCL,32,26,10,205.00,"2,050.00"
2019-08-28,2019082801003979,SJCL,22,44,20,206.00,"4,120.00"
2019-08-28,2019082801003978,SJCL,22,40,20,206.00,"4,120.00"
2019-08-28,2019082801004033,SJCL,38,44,10,206.00,"2,060.00"
2019-08-28,2019082801004032,SJCL,22,44,10,206.00,"2,060.00"
2019-08-28,2019082801004024,SJCL,22,26,10,206.00,"2,060.00"
2019-08-28,2019082801003996,SJCL,22,40,10,206.00,"2,060.00"
2019-08-28,2019082801003995,SJCL,22,44,20,206.00,"4,120.00"
2019-08-28,2019082801004120,SJCL,19,41,50,206.00,"10,300.00"
2019-08-28,2019082801004119,SJCL,40,41,200,206.00,"41,200.00"
2019-08-28,2019082801004118,SJCL,38,41,60,206.00,"12,360.00"
2019-08-28,2019082801004086,SJCL,38,52,10,206.00,"2,060.00"
2019-08-28,2019082801004058,SJCL,38,44,20,206.00,"4,120.00"
2019-08-28,2019082801004147,SJCL,32,40,20,205.00,"4,100.00"
2019-08-28,2019082801004136,SJCL,43,59,10,206.00,"2,060.00"
2019-08-28,2019082801004133,SJCL,43,44,20,206.00,"4,120.00"
2019-08-28,2019082801004123,SJCL,43,41,10,206.00,"2,060.00"
2019-08-28,2019082801004122,SJCL,45,41,200,206.00,"41,200.00"
2019-08-28,2019082801004121,SJCL,17,41,200,206.00,"41,200.00"
2019-08-28,2019082801004194,SJCL,11,44,20,206.00,"4,120.00"
2019-08-28,2019082801004180,SJCL,11,44,20,206.00,"4,120.00"
2019-08-28,2019082801004163,SJCL,11,44,20,206.00,"4,120.00"
2019-08-28,2019082801004150,SJCL,32,21,20,205.00,"4,100.00"
2019-08-28,2019082801004281,SJCL,32,44,20,205.00,"4,100.00"
2019-08-28,2019082801004276,SJCL,32,35,20,205.00,"4,100.00"
2019-08-28,2019082801004263,SJCL,32,44,10,205.00,"2,050.00"
2019-08-28,2019082801004224,SJCL,32,26,10,205.00,"2,050.00"
2019-08-28,2019082801004211,SJCL,11,34,20,206.00,"4,120.00"
2019-08-28,2019082801004197,SJCL,11,49,20,206.00,"4,120.00"
2019-08-28,2019082801004337,SJCL,32,26,10,205.00,"2,050.00"
2019-08-28,2019082801004314,SJCL,59,44,10,206.00,"2,060.00"
2019-08-28,2019082801004309,SJCL,59,26,10,206.00,"2,060.00"
2019-08-28,2019082801004302,SJCL,59,34,20,206.00,"4,120.00"
2019-08-28,2019082801004292,SJCL,32,44,20,205.00,"4,100.00"
2019-08-28,2019082801004287,SJCL,32,26,10,205.00,"2,050.00"
2019-08-28,2019082801004262,SKBBL,44,7,120,975.00,"117,000.00"
2019-08-28,2019082801004037,SKBBL,43,17,120,969.00,"116,280.00"
2019-08-28,2019082801004023,SKBBL,43,17,80,969.00,"77,520.00"
2019-08-28,2019082801004022,SKBBL,11,17,100,970.00,"97,000.00"
2019-08-28,2019082801004021,SKBBL,5,17,20,970.00,"19,400.00"
2019-08-28,2019082801004000,SKBBL,26,48,14,971.00,"13,594.00"
2019-08-28,2019082801004146,SLBSL,38,52,10,742.00,"7,420.00"
2019-08-28,2019082801004193,SMFDB,53,10,500,540.00,"270,000.00"
2019-08-28,2019082801004192,SMFDB,25,10,10,544.00,"5,440.00"
2019-08-28,2019082801004328,SRBL,22,5,578,230.00,"132,940.00"
2019-08-28,2019082801004364,UIC,43,29,25,300.00,"7,500.00"
2019-08-28,2019082801004363,UIC,43,52,25,300.00,"7,500.00"
2019-08-28,2019082801004008,UPCL,56,56,20,78.00,"1,560.00"
2019-08-28,2019082801003894,ADBL,39,5,100,425.00,"42,500.00"
2019-08-28,2019082801003876,ADBL,14,17,10,426.00,"4,260.00"
2019-08-28,2019082801003838,ADBL,39,48,53,425.00,"22,525.00"
2019-08-28,2019082801003707,ADBL,47,17,100,426.00,"42,600.00"
2019-08-28,2019082801003697,ADBL,39,16,70,425.00,"29,750.00"
2019-08-28,2019082801003640,AKJCL,22,38,485,63.00,"30,555.00"
2019-08-28,2019082801003886,AKPL,53,21,11,152.00,"1,672.00"
2019-08-28,2019082801003660,ALBSL,22,7,100,447.00,"44,700.00"
2019-08-28,2019082801003659,ALBSL,58,7,130,448.00,"58,240.00"
2019-08-28,2019082801003924,API,57,26,100,123.00,"12,300.00"
2019-08-28,2019082801003882,API,57,26,50,123.00,"6,150.00"
2019-08-28,2019082801003789,API,55,26,300,123.00,"36,900.00"
2019-08-28,2019082801003562,API,7,26,500,123.00,"61,500.00"
2019-08-28,2019082801003561,API,34,26,"2,000",123.00,"246,000.00"
2019-08-28,2019082801003560,API,45,26,50,124.00,"6,200.00"
2019-08-28,2019082801003559,API,48,26,100,124.00,"12,400.00"
2019-08-28,2019082801003765,API,25,26,200,123.00,"24,600.00"
2019-08-28,2019082801003566,API,38,26,500,123.00,"61,500.00"
2019-08-28,2019082801003565,API,26,26,300,123.00,"36,900.00"
2019-08-28,2019082801003564,API,52,26,100,123.00,"12,300.00"
2019-08-28,2019082801003563,API,56,26,282,123.00,"34,686.00"
2019-08-28,2019082801003908,BOKL,59,44,207,255.00,"52,785.00"
2019-08-28,2019082801003907,BOKL,1,44,500,255.00,"127,500.00"
2019-08-28,2019082801003906,BOKL,4,44,200,255.00,"51,000.00"
2019-08-28,2019082801003905,BOKL,39,44,93,255.00,"23,715.00"
2019-08-28,2019082801003889,BOKL,39,44,407,255.00,"103,785.00"
2019-08-28,2019082801003888,BOKL,45,44,10,255.00,"2,550.00"
2019-08-28,2019082801003695,BOKL,49,11,200,256.00,"51,200.00"
2019-08-28,2019082801003549,BOKL,45,11,229,256.00,"58,624.00"
2019-08-28,2019082801003503,BOKL,45,44,271,256.00,"69,376.00"
2019-08-28,2019082801003887,BOKL,16,44,583,255.00,"148,665.00"
2019-08-28,2019082801003732,BOKL,16,6,417,255.00,"106,335.00"
2019-08-28,2019082801003731,BOKL,22,6,500,255.00,"127,500.00"
2019-08-28,2019082801003730,BOKL,51,6,100,255.00,"25,500.00"
2019-08-28,2019082801003729,BOKL,13,6,360,255.00,"91,800.00"
2019-08-28,2019082801003728,BOKL,4,6,289,255.00,"73,695.00"
2019-08-28,2019082801003513,BPCL,22,22,22,384.00,"8,448.00"
2019-08-28,2019082801003920,CBL,53,5,55,145.00,"7,975.00"
2019-08-28,2019082801003585,CBL,58,58,100,146.00,"14,600.00"
2019-08-28,2019082801003567,CBL,53,58,336,145.00,"48,720.00"
2019-08-28,2019082801003484,CBL,53,13,72,145.00,"10,440.00"
2019-08-28,2019082801003875,CCBL,42,48,300,157.00,"47,100.00"
2019-08-28,2019082801003874,CCBL,40,48,294,157.00,"46,158.00"
2019-08-28,2019082801003586,CCBL,40,4,206,157.00,"32,342.00"
2019-08-28,2019082801003915,CHCL,28,43,231,444.00,"102,564.00"
2019-08-28,2019082801003708,CHCL,6,33,370,444.00,"164,280.00"
2019-08-28,2019082801003656,CHCL,36,33,200,444.00,"88,800.00"
2019-08-28,2019082801003655,CHCL,6,33,486,444.00,"215,784.00"
2019-08-28,2019082801003502,CHCL,11,39,200,445.00,"89,000.00"
2019-08-28,2019082801003501,CHCL,22,39,145,445.00,"64,525.00"
2019-08-28,2019082801003945,CIT,33,5,10,"2,375.00","23,750.00"
2019-08-28,2019082801003858,CIT,51,5,10,"2,375.00","23,750.00"
2019-08-28,2019082801003504,CIT,41,5,50,"2,375.00","118,750.00"
2019-08-28,2019082801003480,CIT,35,38,20,"2,360.00","47,200.00"
2019-08-28,2019082801003479,CIT,35,38,100,"2,360.00","236,000.00"
2019-08-28,2019082801003478,CIT,22,38,10,"2,362.00","23,620.00"
2019-08-28,2019082801003477,CIT,16,38,20,"2,362.00","47,240.00"
2019-08-28,2019082801003476,CIT,10,38,100,"2,363.00","236,300.00"
2019-08-28,2019082801003475,CIT,6,38,100,"2,365.00","236,500.00"
2019-08-28,2019082801003474,CIT,46,38,50,"2,365.00","118,250.00"
2019-08-28,2019082801003672,CLBSL,22,42,16,501.00,"8,016.00"
2019-08-28,2019082801003744,CZBIL,57,25,74,219.00,"16,206.00"
2019-08-28,2019082801003957,DBBL,33,38,10,133.00,"1,330.00"
2019-08-28,2019082801003523,DBBL,32,38,100,133.00,"13,300.00"
2019-08-28,2019082801003681,DDBL,38,50,165,740.00,"122,100.00"
2019-08-28,2019082801003680,DDBL,14,50,10,740.00,"7,400.00"
2019-08-28,2019082801003679,DDBL,38,50,300,740.00,"222,000.00"
2019-08-28,2019082801003678,DDBL,25,50,20,740.00,"14,800.00"
2019-08-28,2019082801003947,EDBL,6,7,100,269.00,"26,900.00"
2019-08-28,2019082801003946,EDBL,39,7,130,269.00,"34,970.00"
2019-08-28,2019082801003777,GBLBS,1,52,51,357.00,"18,207.00"
2019-08-28,2019082801003505,GBLBS,44,22,10,356.00,"3,560.00"
2019-08-28,2019082801003641,GDBL,48,36,92,205.00,"18,860.00"
2019-08-28,2019082801003642,GDBL,34,36,852,204.00,"173,808.00"
2019-08-28,2019082801003537,GHL,13,42,30,75.00,"2,250.00"
2019-08-28,2019082801003939,GILB,28,11,20,750.00,"15,000.00"
2019-08-28,2019082801003834,GLBSL,51,38,65,474.00,"30,810.00"
2019-08-28,2019082801003833,GLBSL,42,38,30,474.00,"14,220.00"
2019-08-28,2019082801003832,GLBSL,51,38,10,475.00,"4,750.00"
2019-08-28,2019082801003831,GLBSL,58,38,50,476.00,"23,800.00"
2019-08-28,2019082801003830,GLBSL,11,38,40,477.00,"19,080.00"
2019-08-28,2019082801003829,GLBSL,17,38,40,478.00,"19,120.00"
2019-08-28,2019082801003491,GLBSL,11,11,10,477.00,"4,770.00"
2019-08-28,2019082801003921,GLICL,59,59,1,422.00,422.00
2019-08-28,2019082801003764,GLICL,38,35,16,430.00,"6,880.00"
2019-08-28,2019082801003763,GLICL,54,35,147,430.00,"63,210.00"
2019-08-28,2019082801003762,GLICL,42,35,100,431.00,"43,100.00"
2019-08-28,2019082801003761,GLICL,34,35,37,431.00,"15,947.00"
2019-08-28,2019082801003522,GLICL,34,10,263,431.00,"113,353.00"
2019-08-28,2019082801003923,GMFBS,11,11,10,524.00,"5,240.00"
2019-08-28,2019082801003768,GMFBS,51,49,10,522.00,"5,220.00"
2019-08-28,2019082801003738,GMFBS,21,43,10,529.00,"5,290.00"
2019-08-28,2019082801003717,GMFBS,6,34,150,525.00,"78,750.00"
2019-08-28,2019082801003519,GMFBS,58,34,40,523.00,"20,920.00"
2019-08-28,2019082801003817,GUFL,3,46,"3,015",117.00,"352,755.00"
2019-08-28,2019082801003718,GUFL,3,46,900,117.00,"105,300.00"
2019-08-28,2019082801003675,GUFL,3,42,100,117.00,"11,700.00"
2019-08-28,2019082801003944,HBL,6,53,500,548.00,"274,000.00"
2019-08-28,2019082801003644,HBL,6,35,132,548.00,"72,336.00"
2019-08-28,2019082801003670,HIDCL,51,17,28,144.00,"4,032.00"
2019-08-28,2019082801003669,HIDCL,55,17,33,144.00,"4,752.00"
2019-08-28,2019082801003577,HIDCL,55,32,50,144.00,"7,200.00"
2019-08-28,2019082801003968,ILBS,42,58,10,450.00,"4,500.00"
2019-08-28,2019082801003967,ILBS,1,58,50,451.00,"22,550.00"
2019-08-28,2019082801003966,ILBS,41,58,100,451.00,"45,100.00"
2019-08-28,2019082801003965,ILBS,22,58,150,451.00,"67,650.00"
2019-08-28,2019082801003964,ILBS,42,58,10,451.00,"4,510.00"
2019-08-28,2019082801003963,ILBS,42,58,280,452.00,"126,560.00"
2019-08-28,2019082801003955,ILBS,42,52,20,452.00,"9,040.00"
2019-08-28,2019082801003954,ILBS,34,52,50,452.00,"22,600.00"
2019-08-28,2019082801003953,ILBS,35,52,30,452.00,"13,560.00"
2019-08-28,2019082801003952,ILBS,49,52,40,452.00,"18,080.00"
2019-08-28,2019082801003813,ILBS,58,49,10,453.00,"4,530.00"
2019-08-28,2019082801003538,ILBS,58,42,10,453.00,"4,530.00"
2019-08-28,2019082801003540,JOSHI,7,42,20,67.00,"1,340.00"
2019-08-28,2019082801003823,JSLBB,10,17,90,955.00,"85,950.00"
2019-08-28,2019082801003696,JSLBB,49,34,78,955.00,"74,490.00"
2019-08-28,2019082801003648,JSLBB,49,58,20,955.00,"19,100.00"
2019-08-28,2019082801003647,JSLBB,55,58,10,956.00,"9,560.00"
2019-08-28,2019082801003646,JSLBB,47,58,100,956.00,"95,600.00"
2019-08-28,2019082801003951,KBL,6,21,13,203.00,"2,639.00"
2019-08-28,2019082801003857,KBL,46,59,25,204.00,"5,100.00"
2019-08-28,2019082801003774,KBL,22,59,200,204.00,"40,800.00"
2019-08-28,2019082801003773,KBL,22,59,300,204.00,"61,200.00"
2019-08-28,2019082801003758,KBL,22,59,200,204.00,"40,800.00"
2019-08-28,2019082801003757,KBL,22,43,400,204.00,"81,600.00"
2019-08-28,2019082801003756,KBL,22,59,400,204.00,"81,600.00"
2019-08-28,2019082801003684,KBL,57,59,100,204.00,"20,400.00"
