Date,Transact. No.,Symbol,Buyer,Seller,Quantity,Rate,Amount
2020-10-11,2020101104002257,CMF1,5,13,"2,720",9.52,"25,894.40"
2020-10-11,2020101104002256,CMF1,43,13,"2,500",9.53,"23,825.00"
2020-10-11,2020101104002255,CMF1,34,13,"1,500",9.55,"14,325.00"
2020-10-11,2020101104002254,CMF1,29,13,"5,000",9.55,"47,750.00"
2020-10-11,2020101104002253,CMF1,25,13,"2,400",9.55,"22,920.00"
2020-10-11,2020101104002252,CMF1,43,13,"2,500",9.56,"23,900.00"
2020-10-11,2020101104002125,CMF1,43,7,"1,500",9.56,"14,340.00"
2020-10-11,2020101104002217,GIMES1,45,34,"5,000",9.76,"48,800.00"
2020-10-11,2020101104001944,GIMES1,34,34,"5,000",9.80,"49,000.00"
2020-10-11,2020101104001837,GIMES1,34,7,"1,410",9.80,"13,818.00"
2020-10-11,2020101104002100,LUK,17,51,200,8.72,"1,744.00"
2020-10-11,2020101104002064,LUK,35,16,300,8.75,"2,625.00"
2020-10-11,2020101104002063,LUK,53,16,170,8.76,"1,489.20"
2020-10-11,2020101104001860,LUK,35,32,200,8.75,"1,750.00"
2020-10-11,2020101104002199,NBF2,16,48,100,9.01,901.00
2020-10-11,2020101104002114,NBF2,16,48,100,9.01,901.00
2020-10-11,2020101104002103,NBF2,16,40,200,9.01,"1,802.00"
2020-10-11,2020101104001856,NBF2,16,6,500,9.01,"4,505.00"
2020-10-11,2020101104002198,NEF,58,36,"2,299",8.87,"20,392.13"
2020-10-11,2020101104001973,NEF,34,8,123,8.89,"1,093.47"
2020-10-11,2020101104001904,NEF,58,25,287,8.87,"2,545.69"
2020-10-11,2020101104001882,NEF,58,36,"2,414",8.87,"21,412.18"
2020-10-11,2020101104001851,NEF,49,25,"1,000",8.90,"8,900.00"
2020-10-11,2020101104001850,NEF,16,25,"5,000",8.90,"44,500.00"
2020-10-11,2020101104001849,NEF,13,25,"5,000",9.00,"45,000.00"
2020-10-11,2020101104001848,NEF,29,25,517,9.01,"4,658.17"
2020-10-11,2020101104001847,NEF,34,25,"1,231",9.02,"11,103.62"
2020-10-11,2020101104001846,NEF,42,25,"1,000",9.02,"9,020.00"
2020-10-11,2020101104002207,NIBLPF,49,32,"1,010",9.03,"9,120.30"
2020-10-11,2020101104001861,NIBLPF,34,43,"1,495",9.03,"13,499.85"
2020-10-11,2020101104002127,NIBPO,49,49,"6,870",358.00,"2,459,460.00"
2020-10-11,2020101104002126,NIBPO,49,13,216,357.00,"77,112.00"
2020-10-11,2020101104002118,NIBPO,22,13,100,357.00,"35,700.00"
2020-10-11,2020101104002117,NIBPO,11,13,184,357.00,"65,688.00"
2020-10-11,2020101104002104,NIBPO,49,49,"6,871",358.00,"2,459,818.00"
2020-10-11,2020101104002091,NIBPO,11,4,86,357.00,"30,702.00"
2020-10-11,2020101104001798,NIBPO,43,4,922,357.00,"329,154.00"
2020-10-11,2020101104001775,NIBPO,43,43,78,357.00,"27,846.00"
2020-10-11,2020101104001768,NIBPO,43,43,150,357.00,"53,550.00"
2020-10-11,2020101104001855,NIBPO,32,44,62,360.00,"22,320.00"
2020-10-11,2020101104001843,NIBPO,32,58,832,359.00,"298,688.00"
2020-10-11,2020101104001842,NIBPO,32,47,308,358.00,"110,264.00"
2020-10-11,2020101104001841,NIBPO,32,47,11,357.00,"3,927.00"
2020-10-11,2020101104001836,NIBPO,46,47,20,357.00,"7,140.00"
2020-10-11,2020101104001835,NIBPO,46,4,78,357.00,"27,846.00"
2020-10-11,2020101104001911,NIBSF1,45,11,"1,799",9.82,"17,666.18"
2020-10-11,2020101104001910,NIBSF1,17,11,"1,701",9.82,"16,703.82"
2020-10-11,2020101104001784,NIBSF1,17,29,500,9.82,"4,910.00"
2020-10-11,2020101104001802,NICAD8283,47,58,500,"1,080.00","540,000.00"
2020-10-11,2020101104001916,NICGF,11,38,"3,000",9.55,"28,650.00"
2020-10-11,2020101104001845,NICGF,35,45,"1,500",9.50,"14,250.00"
2020-10-11,2020101104002201,NMBHF1,41,36,"2,923",9.34,"27,300.82"
2020-10-11,2020101104002097,NMBHF1,39,56,"20,000",9.35,"187,000.00"
2020-10-11,2020101104001970,NMBHF1,39,56,"10,123",9.39,"95,054.97"
2020-10-11,2020101104001906,NMBHF1,17,56,"5,839",9.40,"54,886.60"
2020-10-11,2020101104001890,NMBHF1,17,36,"4,161",9.40,"39,113.40"
2020-10-11,2020101104002085,RBCLPO,28,17,90,"10,350.00","931,500.00"
2020-10-11,2020101104002079,RBCLPO,28,48,10,"10,350.00","103,500.00"
2020-10-11,2020101104001789,RBCLPO,33,58,100,"10,383.00","1,038,300.00"
2020-10-11,2020101104001788,RBCLPO,33,8,40,"10,382.00","415,280.00"
2020-10-11,2020101104001787,RBCLPO,33,16,30,"10,380.00","311,400.00"
2020-10-11,2020101104001786,RBCLPO,33,33,10,"10,380.00","103,800.00"
2020-10-11,2020101104002264,RLI,11,58,10,608.00,"6,080.00"
2020-10-11,2020101104002263,RLI,11,4,10,608.00,"6,080.00"
2020-10-11,2020101104002262,RLI,11,58,10,608.00,"6,080.00"
2020-10-11,2020101104002261,RLI,11,38,10,608.00,"6,080.00"
2020-10-11,2020101104002260,RLI,11,38,10,608.00,"6,080.00"
2020-10-11,2020101104002259,RLI,11,40,10,608.00,"6,080.00"
2020-10-11,2020101104001770,RLI,21,29,10,608.00,"6,080.00"
2020-10-11,2020101104001769,RLI,21,17,10,608.00,"6,080.00"
2020-10-11,2020101104001767,RLI,21,17,10,608.00,"6,080.00"
2020-10-11,2020101104001766,RLI,21,29,10,608.00,"6,080.00"
2020-10-11,2020101104001765,RLI,1,51,20,609.00,"12,180.00"
2020-10-11,2020101104001777,RLI,45,17,10,608.00,"6,080.00"
2020-10-11,2020101104001776,RLI,21,21,10,608.00,"6,080.00"
2020-10-11,2020101104001774,RLI,21,17,10,608.00,"6,080.00"
2020-10-11,2020101104001773,RLI,21,17,10,608.00,"6,080.00"
2020-10-11,2020101104001772,RLI,21,32,10,608.00,"6,080.00"
2020-10-11,2020101104001771,RLI,21,21,10,608.00,"6,080.00"
2020-10-11,2020101104001783,RLI,45,58,10,608.00,"6,080.00"
2020-10-11,2020101104001782,RLI,45,21,10,608.00,"6,080.00"
2020-10-11,2020101104001781,RLI,45,43,10,608.00,"6,080.00"
2020-10-11,2020101104001780,RLI,45,38,10,608.00,"6,080.00"
2020-10-11,2020101104001779,RLI,45,21,10,608.00,"6,080.00"
2020-10-11,2020101104001778,RLI,45,17,10,608.00,"6,080.00"
2020-10-11,2020101104001797,RLI,45,11,10,608.00,"6,080.00"
2020-10-11,2020101104001793,RLI,45,36,10,608.00,"6,080.00"
2020-10-11,2020101104001792,RLI,45,47,10,608.00,"6,080.00"
2020-10-11,2020101104001791,RLI,45,49,10,608.00,"6,080.00"
2020-10-11,2020101104001790,RLI,45,32,10,608.00,"6,080.00"
2020-10-11,2020101104001785,RLI,45,17,10,608.00,"6,080.00"
2020-10-11,2020101104001807,RLI,45,35,35,608.00,"21,280.00"
2020-10-11,2020101104001806,RLI,45,40,10,608.00,"6,080.00"
2020-10-11,2020101104001803,RLI,45,50,10,608.00,"6,080.00"
2020-10-11,2020101104001801,RLI,45,19,10,608.00,"6,080.00"
2020-10-11,2020101104001800,RLI,45,32,10,608.00,"6,080.00"
2020-10-11,2020101104001799,RLI,45,45,10,608.00,"6,080.00"
2020-10-11,2020101104001813,RLI,16,13,10,607.00,"6,070.00"
2020-10-11,2020101104001812,RLI,16,40,10,607.00,"6,070.00"
2020-10-11,2020101104001811,RLI,16,17,10,607.00,"6,070.00"
2020-10-11,2020101104001810,RLI,16,32,10,607.00,"6,070.00"
2020-10-11,2020101104001809,RLI,44,35,10,608.00,"6,080.00"
2020-10-11,2020101104001808,RLI,42,35,50,608.00,"30,400.00"
2020-10-11,2020101104001819,RLI,16,32,10,607.00,"6,070.00"
2020-10-11,2020101104001818,RLI,16,7,10,607.00,"6,070.00"
2020-10-11,2020101104001817,RLI,16,38,10,607.00,"6,070.00"
2020-10-11,2020101104001816,RLI,16,17,10,607.00,"6,070.00"
2020-10-11,2020101104001815,RLI,16,1,10,607.00,"6,070.00"
2020-10-11,2020101104001814,RLI,16,17,10,607.00,"6,070.00"
2020-10-11,2020101104001825,RLI,16,28,10,607.00,"6,070.00"
2020-10-11,2020101104001824,RLI,16,39,10,607.00,"6,070.00"
2020-10-11,2020101104001823,RLI,16,32,10,607.00,"6,070.00"
2020-10-11,2020101104001822,RLI,16,29,10,607.00,"6,070.00"
2020-10-11,2020101104001821,RLI,16,26,10,607.00,"6,070.00"
2020-10-11,2020101104001820,RLI,16,38,10,607.00,"6,070.00"
2020-10-11,2020101104001831,RLI,16,13,10,607.00,"6,070.00"
2020-10-11,2020101104001830,RLI,16,41,10,607.00,"6,070.00"
2020-10-11,2020101104001829,RLI,16,38,10,607.00,"6,070.00"
2020-10-11,2020101104001828,RLI,38,35,30,608.00,"18,240.00"
2020-10-11,2020101104001827,RLI,16,40,10,607.00,"6,070.00"
2020-10-11,2020101104001826,RLI,16,19,10,607.00,"6,070.00"
2020-10-11,2020101104001844,RLI,16,32,10,607.00,"6,070.00"
2020-10-11,2020101104001840,RLI,16,39,10,607.00,"6,070.00"
2020-10-11,2020101104001839,RLI,16,16,10,607.00,"6,070.00"
2020-10-11,2020101104001838,RLI,16,59,10,607.00,"6,070.00"
2020-10-11,2020101104001834,RLI,16,32,10,607.00,"6,070.00"
2020-10-11,2020101104001833,RLI,16,32,10,607.00,"6,070.00"
2020-10-11,2020101104001862,RLI,16,43,10,607.00,"6,070.00"
2020-10-11,2020101104001859,RLI,16,36,10,607.00,"6,070.00"
2020-10-11,2020101104001857,RLI,16,32,10,607.00,"6,070.00"
2020-10-11,2020101104001854,RLI,16,36,10,607.00,"6,070.00"
2020-10-11,2020101104001853,RLI,16,41,10,607.00,"6,070.00"
2020-10-11,2020101104001852,RLI,57,35,100,608.00,"60,800.00"
2020-10-11,2020101104001868,RLI,16,21,10,607.00,"6,070.00"
2020-10-11,2020101104001867,RLI,16,41,10,607.00,"6,070.00"
2020-10-11,2020101104001866,RLI,16,59,10,607.00,"6,070.00"
2020-10-11,2020101104001865,RLI,16,7,10,607.00,"6,070.00"
2020-10-11,2020101104001864,RLI,16,46,10,607.00,"6,070.00"
2020-10-11,2020101104001863,RLI,16,32,10,607.00,"6,070.00"
2020-10-11,2020101104001874,RLI,16,59,10,607.00,"6,070.00"
2020-10-11,2020101104001873,RLI,16,22,10,607.00,"6,070.00"
2020-10-11,2020101104001872,RLI,16,39,10,607.00,"6,070.00"
2020-10-11,2020101104001871,RLI,16,38,10,607.00,"6,070.00"
2020-10-11,2020101104001870,RLI,16,59,10,607.00,"6,070.00"
2020-10-11,2020101104001869,RLI,14,35,90,608.00,"54,720.00"
2020-10-11,2020101104001880,RLI,16,13,10,607.00,"6,070.00"
2020-10-11,2020101104001879,RLI,16,49,10,607.00,"6,070.00"
2020-10-11,2020101104001878,RLI,16,14,10,607.00,"6,070.00"
2020-10-11,2020101104001877,RLI,16,36,10,607.00,"6,070.00"
2020-10-11,2020101104001876,RLI,16,4,10,607.00,"6,070.00"
2020-10-11,2020101104001875,RLI,16,56,10,607.00,"6,070.00"
2020-10-11,2020101104001887,RLI,38,35,40,608.00,"24,320.00"
2020-10-11,2020101104001886,RLI,16,58,10,607.00,"6,070.00"
2020-10-11,2020101104001885,RLI,16,14,10,607.00,"6,070.00"
2020-10-11,2020101104001884,RLI,16,22,10,607.00,"6,070.00"
2020-10-11,2020101104001883,RLI,16,58,10,607.00,"6,070.00"
2020-10-11,2020101104001881,RLI,16,57,10,607.00,"6,070.00"
2020-10-11,2020101104001894,RLI,20,46,245,608.00,"148,960.00"
2020-10-11,2020101104001893,RLI,20,1,10,608.00,"6,080.00"
2020-10-11,2020101104001892,RLI,20,35,145,608.00,"88,160.00"
2020-10-11,2020101104001891,RLI,16,14,10,607.00,"6,070.00"
2020-10-11,2020101104001889,RLI,16,59,10,607.00,"6,070.00"
2020-10-11,2020101104001888,RLI,16,14,10,607.00,"6,070.00"
2020-10-11,2020101104001900,RLI,16,14,10,607.00,"6,070.00"
2020-10-11,2020101104001899,RLI,19,46,50,608.00,"30,400.00"
2020-10-11,2020101104001898,RLI,16,52,10,607.00,"6,070.00"
2020-10-11,2020101104001897,RLI,16,14,10,607.00,"6,070.00"
2020-10-11,2020101104001896,RLI,16,58,10,607.00,"6,070.00"
2020-10-11,2020101104001895,RLI,16,49,10,607.00,"6,070.00"
2020-10-11,2020101104001913,RLI,16,22,10,607.00,"6,070.00"
2020-10-11,2020101104001912,RLI,16,55,10,607.00,"6,070.00"
2020-10-11,2020101104001909,RLI,16,34,10,607.00,"6,070.00"
2020-10-11,2020101104001908,RLI,45,46,200,608.00,"121,600.00"
2020-10-11,2020101104001907,RLI,16,14,10,607.00,"6,070.00"
2020-10-11,2020101104001905,RLI,16,58,10,607.00,"6,070.00"
2020-10-11,2020101104001920,RLI,16,16,10,607.00,"6,070.00"
2020-10-11,2020101104001919,RLI,16,20,10,607.00,"6,070.00"
2020-10-11,2020101104001918,RLI,16,29,10,607.00,"6,070.00"
2020-10-11,2020101104001917,RLI,16,43,10,607.00,"6,070.00"
2020-10-11,2020101104001915,RLI,16,40,10,607.00,"6,070.00"
2020-10-11,2020101104001914,RLI,16,4,10,607.00,"6,070.00"
2020-10-11,2020101104001926,RLI,19,46,5,608.00,"3,040.00"
2020-10-11,2020101104001925,RLI,19,22,10,608.00,"6,080.00"
2020-10-11,2020101104001924,RLI,19,34,10,608.00,"6,080.00"
2020-10-11,2020101104001923,RLI,16,45,10,607.00,"6,070.00"
2020-10-11,2020101104001922,RLI,16,29,10,607.00,"6,070.00"
2020-10-11,2020101104001921,RLI,16,20,10,607.00,"6,070.00"
2020-10-11,2020101104001932,RLI,45,1,50,607.00,"30,350.00"
2020-10-11,2020101104001931,RLI,16,1,30,607.00,"18,210.00"
2020-10-11,2020101104001930,RLI,54,1,100,607.00,"60,700.00"
2020-10-11,2020101104001929,RLI,16,44,10,607.00,"6,070.00"
2020-10-11,2020101104001928,RLI,16,41,10,607.00,"6,070.00"
2020-10-11,2020101104001927,RLI,16,4,10,607.00,"6,070.00"
2020-10-11,2020101104001938,RLI,26,29,10,607.00,"6,070.00"
2020-10-11,2020101104001937,RLI,26,1,50,607.00,"30,350.00"
2020-10-11,2020101104001936,RLI,11,1,50,607.00,"30,350.00"
2020-10-11,2020101104001935,RLI,50,1,70,607.00,"42,490.00"
2020-10-11,2020101104001934,RLI,11,1,50,607.00,"30,350.00"
2020-10-11,2020101104001933,RLI,16,1,100,607.00,"60,700.00"
2020-10-11,2020101104001946,RLI,19,45,10,607.00,"6,070.00"
2020-10-11,2020101104001945,RLI,26,59,10,607.00,"6,070.00"
2020-10-11,2020101104001943,RLI,26,16,10,607.00,"6,070.00"
2020-10-11,2020101104001942,RLI,26,29,10,607.00,"6,070.00"
2020-10-11,2020101104001941,RLI,42,17,10,608.00,"6,080.00"
2020-10-11,2020101104001940,RLI,26,16,10,607.00,"6,070.00"
2020-10-11,2020101104001952,RLI,51,8,10,607.00,"6,070.00"
2020-10-11,2020101104001951,RLI,33,8,100,607.00,"60,700.00"
2020-10-11,2020101104001950,RLI,6,8,100,607.00,"60,700.00"
2020-10-11,2020101104001949,RLI,44,8,10,607.00,"6,070.00"
2020-10-11,2020101104001948,RLI,34,8,10,607.00,"6,070.00"
2020-10-11,2020101104001947,RLI,19,8,90,607.00,"54,630.00"
2020-10-11,2020101104001958,RLI,35,8,100,607.00,"60,700.00"
2020-10-11,2020101104001957,RLI,51,8,30,607.00,"18,210.00"
2020-10-11,2020101104001956,RLI,56,8,20,607.00,"12,140.00"
2020-10-11,2020101104001955,RLI,58,8,10,607.00,"6,070.00"
2020-10-11,2020101104001954,RLI,57,8,10,607.00,"6,070.00"
2020-10-11,2020101104001953,RLI,49,8,200,607.00,"121,400.00"
2020-10-11,2020101104001964,RLI,35,59,10,607.00,"6,070.00"
2020-10-11,2020101104001963,RLI,35,42,10,607.00,"6,070.00"
2020-10-11,2020101104001962,RLI,35,47,10,607.00,"6,070.00"
2020-10-11,2020101104001961,RLI,35,36,10,607.00,"6,070.00"
2020-10-11,2020101104001960,RLI,35,29,10,607.00,"6,070.00"
2020-10-11,2020101104001959,RLI,35,8,310,607.00,"188,170.00"
2020-10-11,2020101104001971,RLI,13,17,70,608.00,"42,560.00"
2020-10-11,2020101104001969,RLI,35,22,10,607.00,"6,070.00"
2020-10-11,2020101104001968,RLI,35,56,10,607.00,"6,070.00"
2020-10-11,2020101104001967,RLI,35,52,10,607.00,"6,070.00"
2020-10-11,2020101104001966,RLI,35,58,10,607.00,"6,070.00"
2020-10-11,2020101104001965,RLI,35,20,10,607.00,"6,070.00"
2020-10-11,2020101104001978,RLI,35,51,40,607.00,"24,280.00"
2020-10-11,2020101104001977,RLI,35,29,10,607.00,"6,070.00"
2020-10-11,2020101104001976,RLI,35,13,10,607.00,"6,070.00"
2020-10-11,2020101104001975,RLI,35,26,10,607.00,"6,070.00"
2020-10-11,2020101104001974,RLI,35,4,10,607.00,"6,070.00"
2020-10-11,2020101104001972,RLI,35,29,10,607.00,"6,070.00"
2020-10-11,2020101104001984,RLI,6,11,25,607.00,"15,175.00"
2020-10-11,2020101104001983,RLI,6,11,30,607.00,"18,210.00"
2020-10-11,2020101104001982,RLI,17,11,10,607.00,"6,070.00"
2020-10-11,2020101104001981,RLI,13,57,40,607.00,"24,280.00"
2020-10-11,2020101104001980,RLI,13,51,45,607.00,"27,315.00"
2020-10-11,2020101104001979,RLI,42,51,25,607.00,"15,175.00"
2020-10-11,2020101104001990,RLI,39,25,10,608.00,"6,080.00"
2020-10-11,2020101104001989,RLI,39,17,500,608.00,"304,000.00"
2020-10-11,2020101104001988,RLI,6,42,10,607.00,"6,070.00"
2020-10-11,2020101104001987,RLI,11,58,10,607.00,"6,070.00"
2020-10-11,2020101104001986,RLI,11,42,10,607.00,"6,070.00"
2020-10-11,2020101104001985,RLI,11,11,25,607.00,"15,175.00"
2020-10-11,2020101104001996,RLI,39,49,10,608.00,"6,080.00"
2020-10-11,2020101104001995,RLI,39,58,10,608.00,"6,080.00"
2020-10-11,2020101104001994,RLI,39,57,10,608.00,"6,080.00"
2020-10-11,2020101104001993,RLI,39,22,10,608.00,"6,080.00"
2020-10-11,2020101104001992,RLI,39,19,10,608.00,"6,080.00"
2020-10-11,2020101104001991,RLI,39,34,10,608.00,"6,080.00"
2020-10-11,2020101104002002,RLI,39,14,100,609.00,"60,900.00"
2020-10-11,2020101104002001,RLI,39,48,10,609.00,"6,090.00"
2020-10-11,2020101104002000,RLI,39,25,10,609.00,"6,090.00"
2020-10-11,2020101104001999,RLI,39,44,10,609.00,"6,090.00"
2020-10-11,2020101104001998,RLI,6,29,10,607.00,"6,070.00"
2020-10-11,2020101104001997,RLI,6,58,10,607.00,"6,070.00"
2020-10-11,2020101104002008,RLI,39,49,200,609.00,"121,800.00"
2020-10-11,2020101104002007,RLI,39,21,10,609.00,"6,090.00"
2020-10-11,2020101104002006,RLI,39,36,170,609.00,"103,530.00"
2020-10-11,2020101104002005,RLI,39,21,10,609.00,"6,090.00"
2020-10-11,2020101104002004,RLI,39,16,10,609.00,"6,090.00"
2020-10-11,2020101104002003,RLI,39,34,10,609.00,"6,090.00"
2020-10-11,2020101104002014,RLI,39,32,10,610.00,"6,100.00"
2020-10-11,2020101104002013,RLI,6,42,10,607.00,"6,070.00"
2020-10-11,2020101104002012,RLI,39,53,10,609.00,"6,090.00"
2020-10-11,2020101104002011,RLI,39,17,10,609.00,"6,090.00"
2020-10-11,2020101104002010,RLI,39,21,10,609.00,"6,090.00"
2020-10-11,2020101104002009,RLI,39,21,10,609.00,"6,090.00"
2020-10-11,2020101104002020,RLI,39,44,10,610.00,"6,100.00"
2020-10-11,2020101104002019,RLI,39,54,10,610.00,"6,100.00"
2020-10-11,2020101104002018,RLI,39,58,10,610.00,"6,100.00"
2020-10-11,2020101104002017,RLI,39,5,10,610.00,"6,100.00"
2020-10-11,2020101104002016,RLI,39,29,10,610.00,"6,100.00"
2020-10-11,2020101104002015,RLI,39,54,10,610.00,"6,100.00"
2020-10-11,2020101104002026,RLI,39,58,10,610.00,"6,100.00"
2020-10-11,2020101104002025,RLI,39,58,10,610.00,"6,100.00"
2020-10-11,2020101104002024,RLI,39,25,10,610.00,"6,100.00"
2020-10-11,2020101104002023,RLI,39,45,10,610.00,"6,100.00"
2020-10-11,2020101104002022,RLI,39,42,10,610.00,"6,100.00"
2020-10-11,2020101104002021,RLI,39,58,10,610.00,"6,100.00"
2020-10-11,2020101104002032,RLI,39,52,10,610.00,"6,100.00"
2020-10-11,2020101104002031,RLI,39,55,10,610.00,"6,100.00"
2020-10-11,2020101104002030,RLI,39,25,10,610.00,"6,100.00"
2020-10-11,2020101104002029,RLI,39,41,10,610.00,"6,100.00"
2020-10-11,2020101104002028,RLI,39,34,10,610.00,"6,100.00"
2020-10-11,2020101104002027,RLI,39,13,10,610.00,"6,100.00"
2020-10-11,2020101104002038,RLI,39,59,10,610.00,"6,100.00"
2020-10-11,2020101104002037,RLI,39,48,10,610.00,"6,100.00"
2020-10-11,2020101104002036,RLI,39,34,10,610.00,"6,100.00"
2020-10-11,2020101104002035,RLI,39,34,10,610.00,"6,100.00"
2020-10-11,2020101104002034,RLI,39,34,10,610.00,"6,100.00"
2020-10-11,2020101104002033,RLI,39,56,10,610.00,"6,100.00"
2020-10-11,2020101104002044,RLI,39,53,10,610.00,"6,100.00"
2020-10-11,2020101104002043,RLI,39,35,10,610.00,"6,100.00"
2020-10-11,2020101104002042,RLI,39,35,60,610.00,"36,600.00"
2020-10-11,2020101104002041,RLI,39,42,10,610.00,"6,100.00"
2020-10-11,2020101104002040,RLI,39,41,10,610.00,"6,100.00"
2020-10-11,2020101104002039,RLI,39,58,10,610.00,"6,100.00"
2020-10-11,2020101104002050,RLI,39,55,10,610.00,"6,100.00"
2020-10-11,2020101104002049,RLI,39,36,10,610.00,"6,100.00"
2020-10-11,2020101104002048,RLI,39,42,10,610.00,"6,100.00"
2020-10-11,2020101104002047,RLI,39,38,10,610.00,"6,100.00"
2020-10-11,2020101104002046,RLI,39,58,10,610.00,"6,100.00"
2020-10-11,2020101104002045,RLI,39,11,10,610.00,"6,100.00"
2020-10-11,2020101104002056,RLI,39,49,10,610.00,"6,100.00"
2020-10-11,2020101104002055,RLI,39,5,10,610.00,"6,100.00"
2020-10-11,2020101104002054,RLI,39,51,10,610.00,"6,100.00"
2020-10-11,2020101104002053,RLI,39,59,10,610.00,"6,100.00"
2020-10-11,2020101104002052,RLI,39,47,10,610.00,"6,100.00"
2020-10-11,2020101104002051,RLI,39,17,10,610.00,"6,100.00"
2020-10-11,2020101104002062,RLI,6,56,10,607.00,"6,070.00"
2020-10-11,2020101104002061,RLI,39,41,10,610.00,"6,100.00"
2020-10-11,2020101104002060,RLI,39,42,10,610.00,"6,100.00"
2020-10-11,2020101104002059,RLI,39,34,10,610.00,"6,100.00"
2020-10-11,2020101104002058,RLI,39,49,10,610.00,"6,100.00"
2020-10-11,2020101104002057,RLI,39,41,10,610.00,"6,100.00"
2020-10-11,2020101104002070,RLI,39,41,10,611.00,"6,110.00"
2020-10-11,2020101104002069,RLI,39,34,10,611.00,"6,110.00"
2020-10-11,2020101104002068,RLI,39,41,10,610.00,"6,100.00"
2020-10-11,2020101104002067,RLI,39,41,10,610.00,"6,100.00"
2020-10-11,2020101104002066,RLI,22,58,10,608.00,"6,080.00"
2020-10-11,2020101104002065,RLI,22,42,10,608.00,"6,080.00"
2020-10-11,2020101104002076,RLI,39,45,10,611.00,"6,110.00"
2020-10-11,2020101104002075,RLI,39,6,10,611.00,"6,110.00"
2020-10-11,2020101104002074,RLI,39,58,10,611.00,"6,110.00"
2020-10-11,2020101104002073,RLI,39,25,10,611.00,"6,110.00"
2020-10-11,2020101104002072,RLI,39,25,10,611.00,"6,110.00"
2020-10-11,2020101104002071,RLI,39,41,10,611.00,"6,110.00"
2020-10-11,2020101104002083,RLI,6,53,10,607.00,"6,070.00"
2020-10-11,2020101104002082,RLI,6,53,10,607.00,"6,070.00"
2020-10-11,2020101104002081,RLI,56,17,10,608.00,"6,080.00"
2020-10-11,2020101104002080,RLI,6,45,10,607.00,"6,070.00"
2020-10-11,2020101104002078,RLI,6,56,10,607.00,"6,070.00"
2020-10-11,2020101104002077,RLI,39,42,10,612.00,"6,120.00"
2020-10-11,2020101104002090,RLI,51,29,10,607.00,"6,070.00"
2020-10-11,2020101104002089,RLI,51,54,10,607.00,"6,070.00"
2020-10-11,2020101104002088,RLI,51,56,10,607.00,"6,070.00"
2020-10-11,2020101104002087,RLI,51,53,10,607.00,"6,070.00"
2020-10-11,2020101104002086,RLI,51,58,10,607.00,"6,070.00"
2020-10-11,2020101104002084,RLI,6,19,10,607.00,"6,070.00"
2020-10-11,2020101104002099,RLI,51,13,10,607.00,"6,070.00"
2020-10-11,2020101104002098,RLI,51,17,10,607.00,"6,070.00"
2020-10-11,2020101104002096,RLI,51,56,10,607.00,"6,070.00"
2020-10-11,2020101104002094,RLI,17,3,30,608.00,"18,240.00"
2020-10-11,2020101104002093,RLI,51,26,10,607.00,"6,070.00"
2020-10-11,2020101104002092,RLI,57,3,10,608.00,"6,080.00"
2020-10-11,2020101104002108,RLI,33,32,10,607.00,"6,070.00"
2020-10-11,2020101104002107,RLI,33,14,10,607.00,"6,070.00"
2020-10-11,2020101104002106,RLI,13,3,50,608.00,"30,400.00"
2020-10-11,2020101104002105,RLI,33,58,10,607.00,"6,070.00"
2020-10-11,2020101104002102,RLI,51,14,10,607.00,"6,070.00"
2020-10-11,2020101104002101,RLI,42,3,30,608.00,"18,240.00"
2020-10-11,2020101104002115,RLI,33,59,10,607.00,"6,070.00"
2020-10-11,2020101104002113,RLI,33,47,10,607.00,"6,070.00"
2020-10-11,2020101104002112,RLI,33,20,10,607.00,"6,070.00"
2020-10-11,2020101104002111,RLI,33,43,10,607.00,"6,070.00"
2020-10-11,2020101104002110,RLI,33,36,10,607.00,"6,070.00"
2020-10-11,2020101104002109,RLI,33,32,10,607.00,"6,070.00"
2020-10-11,2020101104002123,RLI,55,34,10,607.00,"6,070.00"
2020-10-11,2020101104002122,RLI,57,3,10,608.00,"6,080.00"
2020-10-11,2020101104002121,RLI,55,26,10,607.00,"6,070.00"
2020-10-11,2020101104002120,RLI,55,20,10,607.00,"6,070.00"
2020-10-11,2020101104002119,RLI,55,58,10,607.00,"6,070.00"
2020-10-11,2020101104002116,RLI,33,47,10,607.00,"6,070.00"
2020-10-11,2020101104002132,RLI,55,56,10,607.00,"6,070.00"
2020-10-11,2020101104002131,RLI,55,36,10,607.00,"6,070.00"
2020-10-11,2020101104002130,RLI,55,43,10,607.00,"6,070.00"
2020-10-11,2020101104002129,RLI,55,34,10,607.00,"6,070.00"
2020-10-11,2020101104002128,RLI,55,20,10,607.00,"6,070.00"
2020-10-11,2020101104002124,RLI,55,56,10,607.00,"6,070.00"
2020-10-11,2020101104002138,RLI,28,38,10,607.00,"6,070.00"
2020-10-11,2020101104002137,RLI,28,26,10,607.00,"6,070.00"
2020-10-11,2020101104002136,RLI,28,20,10,607.00,"6,070.00"
2020-10-11,2020101104002135,RLI,28,55,10,607.00,"6,070.00"
2020-10-11,2020101104002134,RLI,35,58,10,607.00,"6,070.00"
2020-10-11,2020101104002133,RLI,35,34,10,607.00,"6,070.00"
2020-10-11,2020101104002145,RLI,28,32,10,607.00,"6,070.00"
2020-10-11,2020101104002144,RLI,28,47,10,607.00,"6,070.00"
2020-10-11,2020101104002143,RLI,28,26,10,607.00,"6,070.00"
2020-10-11,2020101104002142,RLI,28,20,10,607.00,"6,070.00"
2020-10-11,2020101104002141,RLI,28,32,10,607.00,"6,070.00"
2020-10-11,2020101104002139,RLI,28,16,10,607.00,"6,070.00"
2020-10-11,2020101104002152,RLI,42,48,10,607.00,"6,070.00"
2020-10-11,2020101104002151,RLI,22,20,10,607.00,"6,070.00"
2020-10-11,2020101104002150,RLI,25,3,10,608.00,"6,080.00"
2020-10-11,2020101104002149,RLI,22,49,10,607.00,"6,070.00"
2020-10-11,2020101104002147,RLI,22,26,10,607.00,"6,070.00"
2020-10-11,2020101104002146,RLI,22,57,10,607.00,"6,070.00"
2020-10-11,2020101104002158,RLI,39,3,240,608.00,"145,920.00"
2020-10-11,2020101104002157,RLI,57,41,10,607.00,"6,070.00"
2020-10-11,2020101104002156,RLI,42,13,10,607.00,"6,070.00"
2020-10-11,2020101104002155,RLI,42,26,10,607.00,"6,070.00"
2020-10-11,2020101104002154,RLI,42,43,10,607.00,"6,070.00"
2020-10-11,2020101104002153,RLI,42,36,10,607.00,"6,070.00"
2020-10-11,2020101104002164,RLI,57,40,10,607.00,"6,070.00"
2020-10-11,2020101104002163,RLI,25,3,90,608.00,"54,720.00"
2020-10-11,2020101104002162,RLI,25,6,10,607.00,"6,070.00"
2020-10-11,2020101104002161,RLI,57,40,10,607.00,"6,070.00"
2020-10-11,2020101104002160,RLI,25,3,50,608.00,"30,400.00"
2020-10-11,2020101104002159,RLI,57,47,10,607.00,"6,070.00"
2020-10-11,2020101104002171,RLI,54,40,10,608.00,"6,080.00"
2020-10-11,2020101104002170,RLI,54,16,10,608.00,"6,080.00"
2020-10-11,2020101104002169,RLI,54,42,10,608.00,"6,080.00"
2020-10-11,2020101104002168,RLI,57,40,10,607.00,"6,070.00"
2020-10-11,2020101104002167,RLI,57,6,10,607.00,"6,070.00"
2020-10-11,2020101104002165,RLI,57,20,10,607.00,"6,070.00"
2020-10-11,2020101104002177,RLI,54,20,10,608.00,"6,080.00"
2020-10-11,2020101104002176,RLI,54,40,10,608.00,"6,080.00"
2020-10-11,2020101104002175,RLI,54,40,10,608.00,"6,080.00"
2020-10-11,2020101104002174,RLI,54,32,10,608.00,"6,080.00"
2020-10-11,2020101104002173,RLI,54,40,10,608.00,"6,080.00"
2020-10-11,2020101104002172,RLI,54,40,10,608.00,"6,080.00"
2020-10-11,2020101104002183,RLI,54,50,10,608.00,"6,080.00"
2020-10-11,2020101104002182,RLI,54,26,10,608.00,"6,080.00"
2020-10-11,2020101104002181,RLI,54,55,10,608.00,"6,080.00"
2020-10-11,2020101104002180,RLI,54,46,10,608.00,"6,080.00"
2020-10-11,2020101104002179,RLI,54,6,10,608.00,"6,080.00"
2020-10-11,2020101104002178,RLI,54,21,10,608.00,"6,080.00"
2020-10-11,2020101104002189,RLI,7,40,10,608.00,"6,080.00"
2020-10-11,2020101104002188,RLI,7,16,10,608.00,"6,080.00"
2020-10-11,2020101104002187,RLI,7,40,10,608.00,"6,080.00"
2020-10-11,2020101104002186,RLI,7,6,40,608.00,"24,320.00"
2020-10-11,2020101104002185,RLI,7,20,10,608.00,"6,080.00"
2020-10-11,2020101104002184,RLI,54,3,3,608.00,"1,824.00"
2020-10-11,2020101104002197,RLI,56,46,10,608.00,"6,080.00"
2020-10-11,2020101104002196,RLI,56,36,10,608.00,"6,080.00"
2020-10-11,2020101104002195,RLI,56,40,10,608.00,"6,080.00"
2020-10-11,2020101104002193,RLI,56,40,10,608.00,"6,080.00"
2020-10-11,2020101104002192,RLI,7,46,10,608.00,"6,080.00"
2020-10-11,2020101104002190,RLI,7,48,10,608.00,"6,080.00"
2020-10-11,2020101104002206,RLI,33,40,10,608.00,"6,080.00"
2020-10-11,2020101104002205,RLI,33,46,10,608.00,"6,080.00"
2020-10-11,2020101104002204,RLI,33,4,10,608.00,"6,080.00"
2020-10-11,2020101104002203,RLI,33,26,10,608.00,"6,080.00"
2020-10-11,2020101104002202,RLI,33,34,10,608.00,"6,080.00"
2020-10-11,2020101104002200,RLI,56,53,10,608.00,"6,080.00"
2020-10-11,2020101104002213,RLI,57,40,10,607.00,"6,070.00"
2020-10-11,2020101104002212,RLI,45,45,50,608.00,"30,400.00"
2020-10-11,2020101104002211,RLI,45,40,10,608.00,"6,080.00"
2020-10-11,2020101104002210,RLI,45,47,10,608.00,"6,080.00"
2020-10-11,2020101104002209,RLI,45,26,10,608.00,"6,080.00"
2020-10-11,2020101104002208,RLI,45,43,10,608.00,"6,080.00"
2020-10-11,2020101104002220,RLI,34,40,10,607.00,"6,070.00"
2020-10-11,2020101104002219,RLI,34,48,10,607.00,"6,070.00"
2020-10-11,2020101104002218,RLI,25,26,10,607.00,"6,070.00"
2020-10-11,2020101104002216,RLI,25,36,10,607.00,"6,070.00"
2020-10-11,2020101104002215,RLI,57,40,10,607.00,"6,070.00"
2020-10-11,2020101104002214,RLI,57,26,10,607.00,"6,070.00"
2020-10-11,2020101104002226,RLI,11,33,10,608.00,"6,080.00"
2020-10-11,2020101104002225,RLI,11,26,50,608.00,"30,400.00"
2020-10-11,2020101104002224,RLI,11,4,10,608.00,"6,080.00"
2020-10-11,2020101104002223,RLI,34,58,10,607.00,"6,070.00"
2020-10-11,2020101104002222,RLI,34,4,10,607.00,"6,070.00"
2020-10-11,2020101104002221,RLI,34,47,10,607.00,"6,070.00"
2020-10-11,2020101104002232,RLI,11,40,10,608.00,"6,080.00"
2020-10-11,2020101104002231,RLI,11,42,10,608.00,"6,080.00"
2020-10-11,2020101104002230,RLI,11,53,10,608.00,"6,080.00"
2020-10-11,2020101104002229,RLI,11,46,10,608.00,"6,080.00"
2020-10-11,2020101104002228,RLI,11,53,10,608.00,"6,080.00"
2020-10-11,2020101104002227,RLI,11,46,10,608.00,"6,080.00"
2020-10-11,2020101104002238,RLI,11,39,10,608.00,"6,080.00"
2020-10-11,2020101104002237,RLI,11,59,10,608.00,"6,080.00"
2020-10-11,2020101104002236,RLI,11,46,10,608.00,"6,080.00"
2020-10-11,2020101104002235,RLI,11,34,10,608.00,"6,080.00"
2020-10-11,2020101104002234,RLI,11,36,10,608.00,"6,080.00"
2020-10-11,2020101104002233,RLI,11,14,10,609.00,"6,090.00"
2020-10-11,2020101104002246,RLI,11,4,10,608.00,"6,080.00"
2020-10-11,2020101104002245,RLI,11,53,10,608.00,"6,080.00"
2020-10-11,2020101104002244,RLI,11,46,10,608.00,"6,080.00"
2020-10-11,2020101104002243,RLI,11,39,10,608.00,"6,080.00"
2020-10-11,2020101104002242,RLI,11,38,10,608.00,"6,080.00"
2020-10-11,2020101104002239,RLI,11,40,10,608.00,"6,080.00"
2020-10-11,2020101104002258,RLI,50,14,10,609.00,"6,090.00"
2020-10-11,2020101104002251,RLI,11,38,10,608.00,"6,080.00"
2020-10-11,2020101104002250,RLI,11,46,10,608.00,"6,080.00"
2020-10-11,2020101104002249,RLI,11,4,10,608.00,"6,080.00"
2020-10-11,2020101104002248,RLI,11,17,10,608.00,"6,080.00"
2020-10-11,2020101104002247,RLI,11,39,10,608.00,"6,080.00"
2020-10-11,2020101104002148,SAEF,17,34,"20,000",10.44,"208,800.00"
2020-10-11,2020101104002140,SAEF,33,1,"1,000",10.41,"10,410.00"
2020-10-11,2020101104001858,SAEF,49,34,"4,500",10.44,"46,980.00"
2020-10-11,2020101104001832,SAEF,49,47,500,10.44,"5,220.00"
2020-10-11,2020101104002166,SAND2085,26,34,25,"1,021.00","25,525.00"
2020-10-11,2020101104002194,SEF,13,16,500,9.21,"4,605.00"
2020-10-11,2020101104001805,SEF,6,26,"3,000",9.35,"28,050.00"
2020-10-11,2020101104001804,SEF,6,26,"3,500",9.35,"32,725.00"
2020-10-11,2020101104001796,SEF,6,26,"2,000",9.38,"18,760.00"
2020-10-11,2020101104001795,SEF,6,26,"3,000",9.38,"28,140.00"
2020-10-11,2020101104001794,SEF,6,26,"1,500",9.38,"14,070.00"
2020-10-11,2020101104001903,SFMF,14,56,"1,000",9.53,"9,530.00"
2020-10-11,2020101104001902,SFMF,14,58,300,9.50,"2,850.00"
2020-10-11,2020101104001901,SFMF,14,32,"1,000",9.50,"9,500.00"
2020-10-11,2020101104002241,STC,16,28,10,"3,435.00","34,350.00"
2020-10-11,2020101104002240,STC,5,28,10,"3,440.00","34,400.00"
2020-10-11,2020101104002191,STC,16,19,50,"3,435.00","171,750.00"
2020-10-11,2020101104002095,STC,16,33,10,"3,435.00","34,350.00"
2020-10-11,2020101104001939,STC,16,34,160,"3,440.00","550,400.00"
2020-10-11,2020101104001622,BBC,45,38,100,"1,670.00","167,000.00"
2020-10-11,2020101104001621,BBC,55,38,10,"1,680.00","16,800.00"
2020-10-11,2020101104001620,BBC,55,38,10,"1,680.00","16,800.00"
2020-10-11,2020101104001640,CMF1,43,52,200,9.60,"1,920.00"
2020-10-11,2020101104001639,CMF1,43,21,200,9.59,"1,918.00"
2020-10-11,2020101104001638,CMF1,43,38,930,9.59,"8,918.70"
2020-10-11,2020101104001635,CMF1,43,45,500,9.58,"4,790.00"
2020-10-11,2020101104001449,CMF1,58,38,"2,970",9.59,"28,482.30"
2020-10-11,2020101104001322,GIMES1,34,54,"1,000",9.80,"9,800.00"
2020-10-11,2020101104001290,GIMES1,34,1,500,9.80,"4,900.00"
2020-10-11,2020101104001606,LEMF,49,35,"5,000",8.90,"44,500.00"
2020-10-11,2020101104001605,LEMF,8,35,"1,500",8.90,"13,350.00"
2020-10-11,2020101104001597,LEMF,58,35,"1,500",8.91,"13,365.00"
2020-10-11,2020101104001341,LEMF,58,38,"1,000",8.91,"8,910.00"
2020-10-11,2020101104001742,LUK,53,21,330,8.76,"2,890.80"
2020-10-11,2020101104001686,LUK,53,50,500,8.76,"4,380.00"
2020-10-11,2020101104001669,NBF2,16,6,100,9.01,901.00
2020-10-11,2020101104001388,NBF2,16,21,100,9.01,901.00
2020-10-11,2020101104001326,NEF,16,43,"2,000",9.05,"18,100.00"
2020-10-11,2020101104001579,NIBLPF,34,56,"1,000",9.03,"9,030.00"
2020-10-11,2020101104001511,NIBLPF,34,28,"2,000",9.03,"18,060.00"
2020-10-11,2020101104001752,NIBPO,7,43,20,357.00,"7,140.00"
2020-10-11,2020101104001751,NIBPO,4,43,100,357.00,"35,700.00"
2020-10-11,2020101104001750,NIBPO,25,43,200,357.00,"71,400.00"
2020-10-11,2020101104001560,NIBPO,4,28,354,356.00,"126,024.00"
2020-10-11,2020101104001559,NIBPO,13,28,200,356.00,"71,200.00"
2020-10-11,2020101104001556,NIBPO,56,58,100,358.00,"35,800.00"
2020-10-11,2020101104001395,NIBPO,32,44,244,360.00,"87,840.00"
2020-10-11,2020101104001344,NIBPO,32,39,16,360.00,"5,760.00"
2020-10-11,2020101104001334,NIBPO,32,47,14,360.00,"5,040.00"
2020-10-11,2020101104001295,NIBPO,32,47,11,360.00,"3,960.00"
2020-10-11,2020101104001555,NIBPO,34,58,"1,000",358.00,"358,000.00"
2020-10-11,2020101104001554,NIBPO,32,58,500,359.00,"179,500.00"
2020-10-11,2020101104001553,NIBPO,11,58,100,359.00,"35,900.00"
2020-10-11,2020101104001484,NIBPO,32,13,500,361.00,"180,500.00"
2020-10-11,2020101104001397,NIBPO,44,44,94,360.00,"33,840.00"
2020-10-11,2020101104001396,NIBPO,43,44,600,360.00,"216,000.00"
2020-10-11,2020101104001624,NIBSF1,17,13,299,9.82,"2,936.18"
2020-10-11,2020101104001619,NIBSF1,28,13,"19,700",9.90,"195,030.00"
2020-10-11,2020101104001453,NIBSF1,28,29,300,9.90,"2,970.00"
2020-10-11,2020101104001747,NICAD8283,11,37,25,"1,075.00","26,875.00"
2020-10-11,2020101104001585,NICBF,45,13,300,8.98,"2,694.00"
2020-10-11,2020101104001311,NICBF,45,38,"1,000",8.98,"8,980.00"
2020-10-11,2020101104001279,NICGF,45,38,"1,000",9.46,"9,460.00"
2020-10-11,2020101104001592,NMB50,45,13,200,9.14,"1,828.00"
2020-10-11,2020101104001591,NMBHF1,17,56,"20,000",9.45,"189,000.00"
2020-10-11,2020101104001457,RBCLPO,40,21,10,"10,383.00","103,830.00"
2020-10-11,2020101104001764,RLI,21,21,10,608.00,"6,080.00"
2020-10-11,2020101104001763,RLI,21,46,10,608.00,"6,080.00"
2020-10-11,2020101104001762,RLI,21,55,10,608.00,"6,080.00"
2020-10-11,2020101104001761,RLI,21,46,10,608.00,"6,080.00"
2020-10-11,2020101104001760,RLI,21,56,10,608.00,"6,080.00"
2020-10-11,2020101104001759,RLI,21,1,10,608.00,"6,080.00"
2020-10-11,2020101104001268,RLI,6,54,10,609.00,"6,090.00"
2020-10-11,2020101104001267,RLI,6,17,10,609.00,"6,090.00"
2020-10-11,2020101104001266,RLI,6,44,10,609.00,"6,090.00"
2020-10-11,2020101104001265,RLI,6,44,10,609.00,"6,090.00"
2020-10-11,2020101104001274,RLI,56,29,10,609.00,"6,090.00"
2020-10-11,2020101104001273,RLI,41,44,10,609.00,"6,090.00"
2020-10-11,2020101104001272,RLI,41,45,10,609.00,"6,090.00"
2020-10-11,2020101104001271,RLI,41,43,10,609.00,"6,090.00"
2020-10-11,2020101104001270,RLI,41,44,10,609.00,"6,090.00"
2020-10-11,2020101104001269,RLI,41,29,10,609.00,"6,090.00"
2020-10-11,2020101104001281,RLI,47,44,10,608.00,"6,080.00"
2020-10-11,2020101104001280,RLI,47,29,10,608.00,"6,080.00"
2020-10-11,2020101104001278,RLI,56,45,10,609.00,"6,090.00"
2020-10-11,2020101104001277,RLI,56,41,10,609.00,"6,090.00"
2020-10-11,2020101104001276,RLI,56,29,10,609.00,"6,090.00"
2020-10-11,2020101104001275,RLI,56,17,10,609.00,"6,090.00"
2020-10-11,2020101104001287,RLI,47,29,10,608.00,"6,080.00"
2020-10-11,2020101104001286,RLI,47,58,10,608.00,"6,080.00"
2020-10-11,2020101104001285,RLI,47,29,10,608.00,"6,080.00"
2020-10-11,2020101104001284,RLI,47,29,10,608.00,"6,080.00"
2020-10-11,2020101104001283,RLI,47,44,10,608.00,"6,080.00"
2020-10-11,2020101104001282,RLI,47,29,10,608.00,"6,080.00"
2020-10-11,2020101104001294,RLI,56,39,10,608.00,"6,080.00"
2020-10-11,2020101104001293,RLI,56,41,10,608.00,"6,080.00"
2020-10-11,2020101104001292,RLI,57,38,10,608.00,"6,080.00"
2020-10-11,2020101104001291,RLI,57,29,10,608.00,"6,080.00"
2020-10-11,2020101104001289,RLI,58,29,10,608.00,"6,080.00"
2020-10-11,2020101104001288,RLI,47,4,10,608.00,"6,080.00"
2020-10-11,2020101104001302,RLI,13,6,10,609.00,"6,090.00"
2020-10-11,2020101104001301,RLI,13,29,10,609.00,"6,090.00"
2020-10-11,2020101104001300,RLI,13,48,10,609.00,"6,090.00"
2020-10-11,2020101104001298,RLI,56,29,10,608.00,"6,080.00"
2020-10-11,2020101104001297,RLI,56,45,10,608.00,"6,080.00"
2020-10-11,2020101104001296,RLI,56,45,10,608.00,"6,080.00"
2020-10-11,2020101104001308,RLI,13,49,10,609.00,"6,090.00"
2020-10-11,2020101104001307,RLI,13,7,10,609.00,"6,090.00"
2020-10-11,2020101104001306,RLI,13,49,10,609.00,"6,090.00"
2020-10-11,2020101104001305,RLI,13,21,10,609.00,"6,090.00"
2020-10-11,2020101104001304,RLI,13,34,10,609.00,"6,090.00"
2020-10-11,2020101104001303,RLI,13,54,10,609.00,"6,090.00"
2020-10-11,2020101104001315,RLI,56,45,10,608.00,"6,080.00"
2020-10-11,2020101104001314,RLI,56,21,10,608.00,"6,080.00"
2020-10-11,2020101104001313,RLI,56,57,10,608.00,"6,080.00"
2020-10-11,2020101104001312,RLI,56,13,10,608.00,"6,080.00"
2020-10-11,2020101104001310,RLI,56,25,10,608.00,"6,080.00"
2020-10-11,2020101104001309,RLI,56,39,10,608.00,"6,080.00"
2020-10-11,2020101104001321,RLI,16,17,20,610.00,"12,200.00"
2020-10-11,2020101104001320,RLI,16,58,10,610.00,"6,100.00"
2020-10-11,2020101104001319,RLI,16,54,10,610.00,"6,100.00"
2020-10-11,2020101104001318,RLI,16,49,10,610.00,"6,100.00"
2020-10-11,2020101104001317,RLI,16,26,10,610.00,"6,100.00"
2020-10-11,2020101104001316,RLI,16,34,10,609.00,"6,090.00"
2020-10-11,2020101104001329,RLI,57,4,10,609.00,"6,090.00"
2020-10-11,2020101104001328,RLI,57,49,10,609.00,"6,090.00"
2020-10-11,2020101104001327,RLI,57,21,10,609.00,"6,090.00"
2020-10-11,2020101104001325,RLI,57,21,10,609.00,"6,090.00"
2020-10-11,2020101104001324,RLI,56,13,10,608.00,"6,080.00"
2020-10-11,2020101104001323,RLI,56,21,10,608.00,"6,080.00"
2020-10-11,2020101104001337,RLI,21,45,10,609.00,"6,090.00"
2020-10-11,2020101104001336,RLI,56,38,10,608.00,"6,080.00"
2020-10-11,2020101104001335,RLI,56,57,10,608.00,"6,080.00"
2020-10-11,2020101104001333,RLI,56,16,10,608.00,"6,080.00"
2020-10-11,2020101104001331,RLI,56,39,10,608.00,"6,080.00"
2020-10-11,2020101104001330,RLI,56,1,10,608.00,"6,080.00"
2020-10-11,2020101104001345,RLI,54,56,10,609.00,"6,090.00"
2020-10-11,2020101104001343,RLI,36,38,10,608.00,"6,080.00"
2020-10-11,2020101104001342,RLI,36,49,10,608.00,"6,080.00"
2020-10-11,2020101104001340,RLI,57,34,10,609.00,"6,090.00"
2020-10-11,2020101104001339,RLI,56,46,10,608.00,"6,080.00"
2020-10-11,2020101104001338,RLI,56,49,10,608.00,"6,080.00"
2020-10-11,2020101104001351,RLI,34,13,10,608.00,"6,080.00"
2020-10-11,2020101104001350,RLI,34,1,10,608.00,"6,080.00"
2020-10-11,2020101104001349,RLI,34,19,10,608.00,"6,080.00"
2020-10-11,2020101104001348,RLI,34,19,10,608.00,"6,080.00"
2020-10-11,2020101104001347,RLI,36,38,10,608.00,"6,080.00"
2020-10-11,2020101104001346,RLI,54,34,10,609.00,"6,090.00"
2020-10-11,2020101104001357,RLI,34,34,10,608.00,"6,080.00"
2020-10-11,2020101104001356,RLI,34,19,10,608.00,"6,080.00"
2020-10-11,2020101104001355,RLI,34,19,10,608.00,"6,080.00"
2020-10-11,2020101104001354,RLI,57,51,30,609.00,"18,270.00"
2020-10-11,2020101104001353,RLI,34,19,10,608.00,"6,080.00"
2020-10-11,2020101104001352,RLI,34,46,10,608.00,"6,080.00"
2020-10-11,2020101104001363,RLI,41,14,10,608.00,"6,080.00"
2020-10-11,2020101104001362,RLI,41,29,10,608.00,"6,080.00"
2020-10-11,2020101104001361,RLI,22,34,10,608.00,"6,080.00"
2020-10-11,2020101104001360,RLI,1,51,100,609.00,"60,900.00"
2020-10-11,2020101104001359,RLI,28,43,10,608.00,"6,080.00"
2020-10-11,2020101104001358,RLI,34,58,10,608.00,"6,080.00"
2020-10-11,2020101104001369,RLI,41,29,10,608.00,"6,080.00"
2020-10-11,2020101104001368,RLI,41,29,10,608.00,"6,080.00"
2020-10-11,2020101104001367,RLI,41,34,10,608.00,"6,080.00"
2020-10-11,2020101104001366,RLI,41,34,10,608.00,"6,080.00"
2020-10-11,2020101104001365,RLI,41,44,10,608.00,"6,080.00"
2020-10-11,2020101104001364,RLI,41,29,10,608.00,"6,080.00"
2020-10-11,2020101104001378,RLI,35,29,10,608.00,"6,080.00"
2020-10-11,2020101104001377,RLI,35,58,10,608.00,"6,080.00"
2020-10-11,2020101104001376,RLI,35,58,10,608.00,"6,080.00"
2020-10-11,2020101104001375,RLI,35,34,10,608.00,"6,080.00"
2020-10-11,2020101104001374,RLI,41,29,10,608.00,"6,080.00"
2020-10-11,2020101104001370,RLI,41,59,10,608.00,"6,080.00"
2020-10-11,2020101104001384,RLI,56,58,10,608.00,"6,080.00"
2020-10-11,2020101104001383,RLI,56,29,10,608.00,"6,080.00"
2020-10-11,2020101104001382,RLI,56,34,10,608.00,"6,080.00"
2020-10-11,2020101104001381,RLI,56,29,10,608.00,"6,080.00"
2020-10-11,2020101104001380,RLI,56,29,10,608.00,"6,080.00"
2020-10-11,2020101104001379,RLI,35,57,10,608.00,"6,080.00"
2020-10-11,2020101104001391,RLI,56,6,10,608.00,"6,080.00"
2020-10-11,2020101104001390,RLI,56,29,10,608.00,"6,080.00"
2020-10-11,2020101104001389,RLI,56,29,10,608.00,"6,080.00"
2020-10-11,2020101104001387,RLI,56,29,10,608.00,"6,080.00"
2020-10-11,2020101104001386,RLI,56,29,10,608.00,"6,080.00"
2020-10-11,2020101104001385,RLI,56,56,10,608.00,"6,080.00"
2020-10-11,2020101104001400,RLI,56,29,10,608.00,"6,080.00"
2020-10-11,2020101104001399,RLI,56,38,10,608.00,"6,080.00"
2020-10-11,2020101104001398,RLI,56,29,10,608.00,"6,080.00"
2020-10-11,2020101104001394,RLI,56,29,10,608.00,"6,080.00"
2020-10-11,2020101104001393,RLI,56,44,10,608.00,"6,080.00"
2020-10-11,2020101104001392,RLI,56,29,10,608.00,"6,080.00"
2020-10-11,2020101104001406,RLI,57,44,10,608.00,"6,080.00"
2020-10-11,2020101104001405,RLI,44,29,10,608.00,"6,080.00"
2020-10-11,2020101104001404,RLI,44,29,10,608.00,"6,080.00"
2020-10-11,2020101104001403,RLI,56,44,10,608.00,"6,080.00"
2020-10-11,2020101104001402,RLI,56,29,10,608.00,"6,080.00"
2020-10-11,2020101104001401,RLI,56,56,10,608.00,"6,080.00"
2020-10-11,2020101104001412,RLI,1,29,10,608.00,"6,080.00"
2020-10-11,2020101104001411,RLI,1,29,10,608.00,"6,080.00"
2020-10-11,2020101104001410,RLI,57,44,10,608.00,"6,080.00"
2020-10-11,2020101104001409,RLI,57,29,10,608.00,"6,080.00"
2020-10-11,2020101104001408,RLI,57,58,10,608.00,"6,080.00"
2020-10-11,2020101104001407,RLI,57,29,10,608.00,"6,080.00"
2020-10-11,2020101104001418,RLI,1,38,10,608.00,"6,080.00"
2020-10-11,2020101104001417,RLI,1,58,10,608.00,"6,080.00"
2020-10-11,2020101104001416,RLI,1,54,10,608.00,"6,080.00"
2020-10-11,2020101104001415,RLI,1,29,10,608.00,"6,080.00"
2020-10-11,2020101104001414,RLI,1,4,10,608.00,"6,080.00"
2020-10-11,2020101104001413,RLI,1,57,10,608.00,"6,080.00"
2020-10-11,2020101104001424,RLI,1,54,10,608.00,"6,080.00"
2020-10-11,2020101104001423,RLI,1,4,10,608.00,"6,080.00"
2020-10-11,2020101104001422,RLI,1,58,10,608.00,"6,080.00"
2020-10-11,2020101104001421,RLI,1,54,10,608.00,"6,080.00"
2020-10-11,2020101104001420,RLI,1,29,10,608.00,"6,080.00"
2020-10-11,2020101104001419,RLI,1,54,10,608.00,"6,080.00"
2020-10-11,2020101104001430,RLI,45,48,10,608.00,"6,080.00"
2020-10-11,2020101104001429,RLI,45,4,10,608.00,"6,080.00"
2020-10-11,2020101104001428,RLI,1,52,10,608.00,"6,080.00"
2020-10-11,2020101104001427,RLI,1,4,10,608.00,"6,080.00"
2020-10-11,2020101104001426,RLI,1,29,10,608.00,"6,080.00"
2020-10-11,2020101104001425,RLI,1,48,10,608.00,"6,080.00"
2020-10-11,2020101104001436,RLI,21,48,10,608.00,"6,080.00"
2020-10-11,2020101104001435,RLI,21,44,10,608.00,"6,080.00"
2020-10-11,2020101104001434,RLI,21,4,10,608.00,"6,080.00"
2020-10-11,2020101104001433,RLI,45,4,10,608.00,"6,080.00"
2020-10-11,2020101104001432,RLI,45,48,10,608.00,"6,080.00"
2020-10-11,2020101104001431,RLI,45,44,10,608.00,"6,080.00"
2020-10-11,2020101104001442,RLI,43,44,10,608.00,"6,080.00"
2020-10-11,2020101104001441,RLI,43,47,10,608.00,"6,080.00"
2020-10-11,2020101104001440,RLI,43,41,10,608.00,"6,080.00"
2020-10-11,2020101104001439,RLI,43,44,10,608.00,"6,080.00"
2020-10-11,2020101104001438,RLI,21,48,10,608.00,"6,080.00"
2020-10-11,2020101104001437,RLI,21,58,10,608.00,"6,080.00"
2020-10-11,2020101104001448,RLI,43,48,10,608.00,"6,080.00"
2020-10-11,2020101104001447,RLI,43,42,10,608.00,"6,080.00"
2020-10-11,2020101104001446,RLI,43,6,10,608.00,"6,080.00"
2020-10-11,2020101104001445,RLI,43,48,10,608.00,"6,080.00"
2020-10-11,2020101104001444,RLI,43,36,10,608.00,"6,080.00"
2020-10-11,2020101104001443,RLI,43,48,10,608.00,"6,080.00"
2020-10-11,2020101104001456,RLI,56,38,10,608.00,"6,080.00"
2020-10-11,2020101104001455,RLI,56,56,10,608.00,"6,080.00"
2020-10-11,2020101104001454,RLI,56,48,10,608.00,"6,080.00"
2020-10-11,2020101104001452,RLI,56,4,10,608.00,"6,080.00"
2020-10-11,2020101104001451,RLI,56,48,10,608.00,"6,080.00"
2020-10-11,2020101104001450,RLI,56,57,10,608.00,"6,080.00"
2020-10-11,2020101104001463,RLI,56,48,10,608.00,"6,080.00"
2020-10-11,2020101104001462,RLI,56,19,10,608.00,"6,080.00"
2020-10-11,2020101104001461,RLI,56,44,10,608.00,"6,080.00"
2020-10-11,2020101104001460,RLI,56,48,10,608.00,"6,080.00"
2020-10-11,2020101104001459,RLI,56,47,10,608.00,"6,080.00"
2020-10-11,2020101104001458,RLI,56,49,10,608.00,"6,080.00"
2020-10-11,2020101104001469,RLI,21,51,10,609.00,"6,090.00"
2020-10-11,2020101104001468,RLI,56,38,10,608.00,"6,080.00"
2020-10-11,2020101104001467,RLI,56,58,10,608.00,"6,080.00"
2020-10-11,2020101104001466,RLI,56,44,10,608.00,"6,080.00"
2020-10-11,2020101104001465,RLI,56,58,10,608.00,"6,080.00"
2020-10-11,2020101104001464,RLI,56,44,10,608.00,"6,080.00"
2020-10-11,2020101104001475,RLI,56,44,10,608.00,"6,080.00"
2020-10-11,2020101104001474,RLI,56,48,10,608.00,"6,080.00"
2020-10-11,2020101104001473,RLI,56,44,10,608.00,"6,080.00"
2020-10-11,2020101104001472,RLI,56,49,10,608.00,"6,080.00"
2020-10-11,2020101104001471,RLI,56,44,10,608.00,"6,080.00"
2020-10-11,2020101104001470,RLI,56,3,10,608.00,"6,080.00"
2020-10-11,2020101104001481,RLI,56,47,10,608.00,"6,080.00"
2020-10-11,2020101104001480,RLI,56,18,10,608.00,"6,080.00"
2020-10-11,2020101104001479,RLI,56,26,200,608.00,"121,600.00"
2020-10-11,2020101104001478,RLI,56,44,10,608.00,"6,080.00"
2020-10-11,2020101104001477,RLI,56,48,10,608.00,"6,080.00"
2020-10-11,2020101104001476,RLI,56,58,10,608.00,"6,080.00"
2020-10-11,2020101104001488,RLI,51,44,10,608.00,"6,080.00"
2020-10-11,2020101104001487,RLI,51,48,10,608.00,"6,080.00"
2020-10-11,2020101104001486,RLI,44,46,10,608.00,"6,080.00"
2020-10-11,2020101104001485,RLI,44,48,10,608.00,"6,080.00"
2020-10-11,2020101104001483,RLI,56,48,10,608.00,"6,080.00"
2020-10-11,2020101104001482,RLI,56,44,10,608.00,"6,080.00"
2020-10-11,2020101104001497,RLI,22,48,10,608.00,"6,080.00"
2020-10-11,2020101104001493,RLI,22,44,10,608.00,"6,080.00"
2020-10-11,2020101104001492,RLI,22,44,10,608.00,"6,080.00"
2020-10-11,2020101104001491,RLI,52,48,10,608.00,"6,080.00"
2020-10-11,2020101104001490,RLI,52,46,10,608.00,"6,080.00"
2020-10-11,2020101104001489,RLI,51,44,10,608.00,"6,080.00"
2020-10-11,2020101104001503,RLI,22,48,10,608.00,"6,080.00"
2020-10-11,2020101104001502,RLI,22,34,10,608.00,"6,080.00"
2020-10-11,2020101104001501,RLI,22,47,10,608.00,"6,080.00"
2020-10-11,2020101104001500,RLI,22,34,10,608.00,"6,080.00"
2020-10-11,2020101104001499,RLI,22,58,10,608.00,"6,080.00"
2020-10-11,2020101104001498,RLI,22,47,10,608.00,"6,080.00"
2020-10-11,2020101104001509,RLI,17,47,10,608.00,"6,080.00"
2020-10-11,2020101104001508,RLI,49,51,100,609.00,"60,900.00"
2020-10-11,2020101104001507,RLI,17,25,10,608.00,"6,080.00"
2020-10-11,2020101104001506,RLI,17,3,10,608.00,"6,080.00"
2020-10-11,2020101104001505,RLI,17,48,10,608.00,"6,080.00"
2020-10-11,2020101104001504,RLI,22,47,10,608.00,"6,080.00"
2020-10-11,2020101104001516,RLI,17,14,60,608.00,"36,480.00"
2020-10-11,2020101104001515,RLI,17,59,10,608.00,"6,080.00"
2020-10-11,2020101104001514,RLI,17,22,10,608.00,"6,080.00"
2020-10-11,2020101104001513,RLI,17,50,10,608.00,"6,080.00"
2020-10-11,2020101104001512,RLI,17,14,10,608.00,"6,080.00"
2020-10-11,2020101104001510,RLI,17,48,10,608.00,"6,080.00"
2020-10-11,2020101104001522,RLI,55,14,100,608.00,"60,800.00"
2020-10-11,2020101104001521,RLI,17,14,30,608.00,"18,240.00"
2020-10-11,2020101104001520,RLI,17,59,10,608.00,"6,080.00"
2020-10-11,2020101104001519,RLI,17,48,10,608.00,"6,080.00"
2020-10-11,2020101104001518,RLI,17,47,10,608.00,"6,080.00"
2020-10-11,2020101104001517,RLI,17,14,40,608.00,"24,320.00"
2020-10-11,2020101104001528,RLI,48,14,50,608.00,"30,400.00"
2020-10-11,2020101104001527,RLI,11,14,10,608.00,"6,080.00"
2020-10-11,2020101104001526,RLI,45,14,20,608.00,"12,160.00"
2020-10-11,2020101104001525,RLI,38,14,40,608.00,"24,320.00"
2020-10-11,2020101104001524,RLI,21,14,40,608.00,"24,320.00"
2020-10-11,2020101104001523,RLI,45,14,100,608.00,"60,800.00"
2020-10-11,2020101104001534,RLI,7,48,10,608.00,"6,080.00"
2020-10-11,2020101104001533,RLI,11,55,10,608.00,"6,080.00"
2020-10-11,2020101104001532,RLI,16,44,10,608.00,"6,080.00"
2020-10-11,2020101104001531,RLI,16,34,10,608.00,"6,080.00"
2020-10-11,2020101104001530,RLI,16,17,10,608.00,"6,080.00"
2020-10-11,2020101104001529,RLI,16,14,70,608.00,"42,560.00"
2020-10-11,2020101104001541,RLI,42,38,10,608.00,"6,080.00"
2020-10-11,2020101104001540,RLI,35,38,20,608.00,"12,160.00"
2020-10-11,2020101104001539,RLI,7,38,60,608.00,"36,480.00"
2020-10-11,2020101104001538,RLI,7,17,10,608.00,"6,080.00"
2020-10-11,2020101104001537,RLI,7,50,10,608.00,"6,080.00"
2020-10-11,2020101104001536,RLI,7,58,10,608.00,"6,080.00"
2020-10-11,2020101104001547,RLI,39,44,10,608.00,"6,080.00"
2020-10-11,2020101104001546,RLI,39,58,10,608.00,"6,080.00"
2020-10-11,2020101104001545,RLI,29,44,10,608.00,"6,080.00"
2020-10-11,2020101104001544,RLI,29,58,10,608.00,"6,080.00"
2020-10-11,2020101104001543,RLI,29,56,10,608.00,"6,080.00"
2020-10-11,2020101104001542,RLI,29,44,10,608.00,"6,080.00"
2020-10-11,2020101104001557,RLI,6,44,10,608.00,"6,080.00"
2020-10-11,2020101104001552,RLI,6,48,10,608.00,"6,080.00"
2020-10-11,2020101104001551,RLI,49,22,10,608.00,"6,080.00"
2020-10-11,2020101104001550,RLI,49,44,10,608.00,"6,080.00"
2020-10-11,2020101104001549,RLI,22,18,10,608.00,"6,080.00"
2020-10-11,2020101104001548,RLI,39,56,10,608.00,"6,080.00"
2020-10-11,2020101104001566,RLI,6,32,10,608.00,"6,080.00"
2020-10-11,2020101104001565,RLI,6,48,10,608.00,"6,080.00"
2020-10-11,2020101104001564,RLI,6,44,10,608.00,"6,080.00"
2020-10-11,2020101104001563,RLI,6,55,10,608.00,"6,080.00"
2020-10-11,2020101104001562,RLI,6,44,10,608.00,"6,080.00"
2020-10-11,2020101104001558,RLI,6,44,10,608.00,"6,080.00"
2020-10-11,2020101104001572,RLI,25,21,10,608.00,"6,080.00"
2020-10-11,2020101104001571,RLI,47,26,10,607.00,"6,070.00"
2020-10-11,2020101104001570,RLI,20,48,10,608.00,"6,080.00"
2020-10-11,2020101104001569,RLI,20,44,10,608.00,"6,080.00"
2020-10-11,2020101104001568,RLI,6,48,10,608.00,"6,080.00"
2020-10-11,2020101104001567,RLI,6,44,10,608.00,"6,080.00"
2020-10-11,2020101104001578,RLI,46,4,10,608.00,"6,080.00"
2020-10-11,2020101104001577,RLI,46,13,10,608.00,"6,080.00"
2020-10-11,2020101104001576,RLI,57,48,10,608.00,"6,080.00"
2020-10-11,2020101104001575,RLI,38,51,100,609.00,"60,900.00"
2020-10-11,2020101104001574,RLI,57,58,10,608.00,"6,080.00"
2020-10-11,2020101104001573,RLI,25,51,40,609.00,"24,360.00"
2020-10-11,2020101104001586,RLI,47,53,10,607.00,"6,070.00"
2020-10-11,2020101104001584,RLI,47,34,10,607.00,"6,070.00"
2020-10-11,2020101104001583,RLI,47,53,10,607.00,"6,070.00"
2020-10-11,2020101104001582,RLI,46,13,10,608.00,"6,080.00"
2020-10-11,2020101104001581,RLI,46,58,10,608.00,"6,080.00"
2020-10-11,2020101104001580,RLI,46,53,10,608.00,"6,080.00"
2020-10-11,2020101104001594,RLI,47,21,10,607.00,"6,070.00"
2020-10-11,2020101104001593,RLI,47,32,10,607.00,"6,070.00"
2020-10-11,2020101104001590,RLI,47,58,10,607.00,"6,070.00"
2020-10-11,2020101104001589,RLI,47,44,10,607.00,"6,070.00"
2020-10-11,2020101104001588,RLI,47,44,10,607.00,"6,070.00"
2020-10-11,2020101104001587,RLI,47,34,10,607.00,"6,070.00"
2020-10-11,2020101104001601,RLI,50,52,10,607.00,"6,070.00"
2020-10-11,2020101104001600,RLI,50,44,10,607.00,"6,070.00"
2020-10-11,2020101104001599,RLI,50,41,10,607.00,"6,070.00"
2020-10-11,2020101104001598,RLI,50,44,10,607.00,"6,070.00"
2020-10-11,2020101104001596,RLI,50,44,10,607.00,"6,070.00"
2020-10-11,2020101104001595,RLI,50,44,10,607.00,"6,070.00"
2020-10-11,2020101104001609,RLI,50,38,10,607.00,"6,070.00"
2020-10-11,2020101104001608,RLI,50,18,10,607.00,"6,070.00"
2020-10-11,2020101104001607,RLI,14,58,50,608.00,"30,400.00"
2020-10-11,2020101104001604,RLI,50,35,10,607.00,"6,070.00"
2020-10-11,2020101104001603,RLI,50,47,10,607.00,"6,070.00"
2020-10-11,2020101104001602,RLI,50,14,10,607.00,"6,070.00"
2020-10-11,2020101104001615,RLI,50,58,10,607.00,"6,070.00"
2020-10-11,2020101104001614,RLI,50,58,10,607.00,"6,070.00"
2020-10-11,2020101104001613,RLI,50,10,10,607.00,"6,070.00"
2020-10-11,2020101104001612,RLI,50,57,10,607.00,"6,070.00"
2020-10-11,2020101104001611,RLI,11,58,30,608.00,"18,240.00"
2020-10-11,2020101104001610,RLI,50,10,10,607.00,"6,070.00"
2020-10-11,2020101104001626,RLI,47,48,10,608.00,"6,080.00"
2020-10-11,2020101104001625,RLI,47,58,10,608.00,"6,080.00"
2020-10-11,2020101104001623,RLI,50,42,10,607.00,"6,070.00"
2020-10-11,2020101104001618,RLI,50,54,10,607.00,"6,070.00"
2020-10-11,2020101104001617,RLI,50,35,10,607.00,"6,070.00"
2020-10-11,2020101104001616,RLI,50,58,10,607.00,"6,070.00"
2020-10-11,2020101104001634,RLI,40,34,10,607.00,"6,070.00"
2020-10-11,2020101104001631,RLI,40,38,10,607.00,"6,070.00"
2020-10-11,2020101104001630,RLI,48,18,10,607.00,"6,070.00"
2020-10-11,2020101104001629,RLI,48,59,10,607.00,"6,070.00"
2020-10-11,2020101104001628,RLI,56,20,10,607.00,"6,070.00"
2020-10-11,2020101104001627,RLI,47,21,10,608.00,"6,080.00"
2020-10-11,2020101104001647,RLI,40,43,10,607.00,"6,070.00"
2020-10-11,2020101104001646,RLI,40,43,10,607.00,"6,070.00"
2020-10-11,2020101104001642,RLI,40,34,10,607.00,"6,070.00"
2020-10-11,2020101104001641,RLI,40,47,10,607.00,"6,070.00"
2020-10-11,2020101104001637,RLI,40,34,10,607.00,"6,070.00"
2020-10-11,2020101104001636,RLI,40,47,10,607.00,"6,070.00"
2020-10-11,2020101104001653,RLI,40,38,10,607.00,"6,070.00"
2020-10-11,2020101104001652,RLI,40,43,10,607.00,"6,070.00"
2020-10-11,2020101104001651,RLI,40,19,10,607.00,"6,070.00"
2020-10-11,2020101104001650,RLI,40,43,10,607.00,"6,070.00"
2020-10-11,2020101104001649,RLI,40,50,10,607.00,"6,070.00"
2020-10-11,2020101104001648,RLI,14,58,10,608.00,"6,080.00"
2020-10-11,2020101104001660,RLI,17,41,20,607.00,"12,140.00"
2020-10-11,2020101104001659,RLI,17,41,30,607.00,"18,210.00"
2020-10-11,2020101104001658,RLI,51,41,100,607.00,"60,700.00"
2020-10-11,2020101104001657,RLI,36,41,70,607.00,"42,490.00"
2020-10-11,2020101104001656,RLI,48,41,15,607.00,"9,105.00"
2020-10-11,2020101104001655,RLI,40,41,170,607.00,"103,190.00"
2020-10-11,2020101104001666,RLI,13,6,10,608.00,"6,080.00"
2020-10-11,2020101104001665,RLI,1,34,10,607.00,"6,070.00"
2020-10-11,2020101104001664,RLI,1,41,15,607.00,"9,105.00"
2020-10-11,2020101104001663,RLI,45,41,10,607.00,"6,070.00"
2020-10-11,2020101104001662,RLI,51,41,30,607.00,"18,210.00"
2020-10-11,2020101104001661,RLI,1,41,40,607.00,"24,280.00"
2020-10-11,2020101104001673,RLI,1,59,10,607.00,"6,070.00"
2020-10-11,2020101104001672,RLI,1,54,10,607.00,"6,070.00"
2020-10-11,2020101104001671,RLI,1,59,10,607.00,"6,070.00"
2020-10-11,2020101104001670,RLI,1,18,10,607.00,"6,070.00"
2020-10-11,2020101104001668,RLI,1,3,10,607.00,"6,070.00"
2020-10-11,2020101104001667,RLI,13,43,10,608.00,"6,080.00"
2020-10-11,2020101104001679,RLI,16,34,10,607.00,"6,070.00"
2020-10-11,2020101104001678,RLI,16,51,10,607.00,"6,070.00"
2020-10-11,2020101104001677,RLI,16,34,10,607.00,"6,070.00"
2020-10-11,2020101104001676,RLI,16,49,10,607.00,"6,070.00"
2020-10-11,2020101104001675,RLI,1,6,10,607.00,"6,070.00"
2020-10-11,2020101104001674,RLI,1,58,10,607.00,"6,070.00"
2020-10-11,2020101104001685,RLI,16,8,10,607.00,"6,070.00"
2020-10-11,2020101104001684,RLI,16,8,10,607.00,"6,070.00"
2020-10-11,2020101104001683,RLI,16,8,10,607.00,"6,070.00"
2020-10-11,2020101104001682,RLI,16,57,10,607.00,"6,070.00"
2020-10-11,2020101104001681,RLI,16,41,10,607.00,"6,070.00"
2020-10-11,2020101104001680,RLI,16,8,10,607.00,"6,070.00"
2020-10-11,2020101104001692,RLI,8,17,10,608.00,"6,080.00"
2020-10-11,2020101104001691,RLI,8,10,10,608.00,"6,080.00"
2020-10-11,2020101104001690,RLI,8,6,10,608.00,"6,080.00"
2020-10-11,2020101104001689,RLI,21,47,10,607.00,"6,070.00"
2020-10-11,2020101104001688,RLI,21,43,10,607.00,"6,070.00"
2020-10-11,2020101104001687,RLI,21,18,10,607.00,"6,070.00"
2020-10-11,2020101104001698,RLI,21,41,10,607.00,"6,070.00"
2020-10-11,2020101104001697,RLI,21,32,10,607.00,"6,070.00"
2020-10-11,2020101104001696,RLI,21,18,10,607.00,"6,070.00"
2020-10-11,2020101104001695,RLI,21,38,10,607.00,"6,070.00"
2020-10-11,2020101104001694,RLI,8,21,10,608.00,"6,080.00"
2020-10-11,2020101104001693,RLI,8,21,10,608.00,"6,080.00"
2020-10-11,2020101104001704,RLI,21,41,10,607.00,"6,070.00"
2020-10-11,2020101104001703,RLI,21,55,10,607.00,"6,070.00"
2020-10-11,2020101104001702,RLI,21,13,10,607.00,"6,070.00"
2020-10-11,2020101104001701,RLI,21,19,10,607.00,"6,070.00"
2020-10-11,2020101104001700,RLI,21,28,10,607.00,"6,070.00"
2020-10-11,2020101104001699,RLI,21,28,10,607.00,"6,070.00"
2020-10-11,2020101104001710,RLI,21,55,10,607.00,"6,070.00"
2020-10-11,2020101104001709,RLI,21,50,10,607.00,"6,070.00"
2020-10-11,2020101104001708,RLI,21,19,10,607.00,"6,070.00"
2020-10-11,2020101104001707,RLI,21,34,10,607.00,"6,070.00"
2020-10-11,2020101104001706,RLI,21,18,10,607.00,"6,070.00"
2020-10-11,2020101104001705,RLI,21,55,10,607.00,"6,070.00"
2020-10-11,2020101104001716,RLI,16,19,10,607.00,"6,070.00"
2020-10-11,2020101104001715,RLI,16,55,10,607.00,"6,070.00"
2020-10-11,2020101104001714,RLI,11,21,10,608.00,"6,080.00"
2020-10-11,2020101104001713,RLI,16,32,10,607.00,"6,070.00"
2020-10-11,2020101104001712,RLI,21,18,10,607.00,"6,070.00"
2020-10-11,2020101104001711,RLI,55,21,10,608.00,"6,080.00"
2020-10-11,2020101104001723,RLI,50,26,10,608.00,"6,080.00"
2020-10-11,2020101104001722,RLI,16,55,10,607.00,"6,070.00"
2020-10-11,2020101104001721,RLI,16,49,10,607.00,"6,070.00"
2020-10-11,2020101104001719,RLI,50,44,10,608.00,"6,080.00"
2020-10-11,2020101104001718,RLI,16,7,10,607.00,"6,070.00"
2020-10-11,2020101104001717,RLI,16,39,10,607.00,"6,070.00"
2020-10-11,2020101104001729,RLI,16,26,10,607.00,"6,070.00"
2020-10-11,2020101104001728,RLI,16,36,10,607.00,"6,070.00"
2020-10-11,2020101104001727,RLI,16,55,10,607.00,"6,070.00"
2020-10-11,2020101104001726,RLI,55,21,10,608.00,"6,080.00"
2020-10-11,2020101104001725,RLI,34,42,10,608.00,"6,080.00"
2020-10-11,2020101104001724,RLI,34,21,10,608.00,"6,080.00"
2020-10-11,2020101104001735,RLI,26,21,10,608.00,"6,080.00"
2020-10-11,2020101104001734,RLI,26,22,10,608.00,"6,080.00"
2020-10-11,2020101104001733,RLI,26,13,10,608.00,"6,080.00"
2020-10-11,2020101104001732,RLI,26,21,10,608.00,"6,080.00"
2020-10-11,2020101104001731,RLI,16,55,10,607.00,"6,070.00"
2020-10-11,2020101104001730,RLI,16,55,10,607.00,"6,070.00"
2020-10-11,2020101104001741,RLI,6,58,10,608.00,"6,080.00"
2020-10-11,2020101104001740,RLI,6,55,10,608.00,"6,080.00"
2020-10-11,2020101104001739,RLI,6,53,10,608.00,"6,080.00"
2020-10-11,2020101104001738,RLI,6,55,10,608.00,"6,080.00"
2020-10-11,2020101104001737,RLI,6,49,10,608.00,"6,080.00"
2020-10-11,2020101104001736,RLI,26,21,10,608.00,"6,080.00"
2020-10-11,2020101104001749,RLI,6,17,10,608.00,"6,080.00"
2020-10-11,2020101104001748,RLI,6,55,10,608.00,"6,080.00"
2020-10-11,2020101104001746,RLI,6,55,10,608.00,"6,080.00"
2020-10-11,2020101104001745,RLI,6,25,10,608.00,"6,080.00"
2020-10-11,2020101104001744,RLI,1,51,20,609.00,"12,180.00"
2020-10-11,2020101104001743,RLI,6,51,10,608.00,"6,080.00"
2020-10-11,2020101104001758,RLI,16,55,10,607.00,"6,070.00"
2020-10-11,2020101104001757,RLI,16,29,10,607.00,"6,070.00"
2020-10-11,2020101104001756,RLI,16,46,10,607.00,"6,070.00"
2020-10-11,2020101104001755,RLI,16,29,10,607.00,"6,070.00"
2020-10-11,2020101104001754,RLI,16,46,10,607.00,"6,070.00"
2020-10-11,2020101104001753,RLI,16,21,10,607.00,"6,070.00"
2020-10-11,2020101104001654,SAEF,57,41,"25,000",10.45,"261,250.00"
2020-10-11,2020101104001645,SAEF,47,43,"3,000",10.47,"31,410.00"
2020-10-11,2020101104001644,SAEF,47,6,"13,000",10.47,"136,110.00"
2020-10-11,2020101104001373,SAEF,33,42,"98,800",10.45,"1,032,460.00"
2020-10-11,2020101104001372,SAEF,33,58,"1,500",10.45,"15,675.00"
2020-10-11,2020101104001371,SAEF,33,16,200,10.44,"2,088.00"
2020-10-11,2020101104001299,SAEF,33,11,"1,000",10.41,"10,410.00"
2020-10-11,2020101104001561,SEF,6,28,"1,500",9.38,"14,070.00"
2020-10-11,2020101104001332,SEF,6,11,500,9.38,"4,690.00"
2020-10-11,2020101104001720,SFMF,8,42,500,9.41,"4,705.00"
2020-10-11,2020101104001643,STC,16,28,30,"3,440.00","103,200.00"
2020-10-11,2020101104001633,STC,16,46,10,"3,440.00","34,400.00"
2020-10-11,2020101104001632,STC,10,46,10,"3,440.00","34,400.00"
2020-10-11,2020101104001535,STC,16,19,65,"3,450.00","224,250.00"
2020-10-11,2020101104001496,STC,16,26,50,"3,450.00","172,500.00"
2020-10-11,2020101104001495,STC,16,26,40,"3,450.00","138,000.00"
2020-10-11,2020101104001494,STC,49,26,10,"3,450.00","34,500.00"
2020-10-11,2020101104000819,BBC,55,13,10,"1,680.00","16,800.00"
2020-10-11,2020101104000802,BBC,35,13,10,"1,690.00","16,900.00"
2020-10-11,2020101104001124,GBD80/81,26,40,50,"1,026.00","51,300.00"
2020-10-11,2020101104001018,GIMES1,34,50,"1,900",9.80,"18,620.00"
2020-10-11,2020101104001017,GIMES1,6,50,"2,000",9.80,"19,600.00"
2020-10-11,2020101104000999,GIMES1,6,50,"3,000",9.98,"29,940.00"
2020-10-11,2020101104000998,GIMES1,6,50,"3,000",9.98,"29,940.00"
2020-10-11,2020101104000997,GIMES1,6,50,"1,000",9.98,"9,980.00"
2020-10-11,2020101104000954,GIMES1,6,7,"4,000",9.98,"39,920.00"
2020-10-11,2020101104000813,GIMES1,34,32,"16,150",9.98,"161,177.00"
2020-10-11,2020101104000796,GIMES1,6,32,"2,000",9.98,"19,960.00"
2020-10-11,2020101104000795,GIMES1,6,22,"1,000",9.98,"9,980.00"
2020-10-11,2020101104000949,GIMES1,6,7,"1,000",9.98,"9,980.00"
2020-10-11,2020101104000946,GIMES1,6,44,"2,000",9.98,"19,960.00"
2020-10-11,2020101104000945,GIMES1,6,44,"3,000",9.98,"29,940.00"
2020-10-11,2020101104000930,GIMES1,6,7,"1,000",9.98,"9,980.00"
2020-10-11,2020101104000929,GIMES1,6,7,"4,000",9.98,"39,920.00"
2020-10-11,2020101104000814,GIMES1,34,7,900,9.98,"8,982.00"
2020-10-11,2020101104000921,LEMF,8,51,"1,000",8.90,"8,900.00"
2020-10-11,2020101104001107,LUK,17,21,100,8.72,872.00
2020-10-11,2020101104001083,LUK,8,42,150,8.72,"1,308.00"
2020-10-11,2020101104001050,LUK,8,41,100,8.72,872.00
2020-10-11,2020101104000811,LUK,8,41,150,8.72,"1,308.00"
2020-10-11,2020101104001219,NEF,34,34,169,9.04,"1,527.76"
2020-10-11,2020101104000986,NEF,16,25,"5,000",9.05,"45,250.00"
2020-10-11,2020101104001249,NIBLPF,34,34,505,9.03,"4,560.15"
2020-10-11,2020101104000768,NIBLPF,44,25,"1,000",9.03,"9,030.00"
2020-10-11,2020101104001197,NIBPO,32,55,215,360.00,"77,400.00"
2020-10-11,2020101104001196,NIBPO,43,55,785,361.00,"283,385.00"
2020-10-11,2020101104001012,NIBPO,43,17,100,361.00,"36,100.00"
2020-10-11,2020101104000920,NIBPO,43,43,15,361.00,"5,415.00"
2020-10-11,2020101104001006,NICAD8283,13,42,25,"1,069.00","26,725.00"
2020-10-11,2020101104001129,NICGF,45,19,"1,000",9.46,"9,460.00"
2020-10-11,2020101104001256,NMBHF1,39,56,"20,000",9.35,"187,000.00"
2020-10-11,2020101104000842,NMBHF1,41,13,"2,077",9.34,"19,399.18"
2020-10-11,2020101104000841,NMBHF1,58,13,"19,584",9.35,"183,110.40"
2020-10-11,2020101104000826,NMBHF1,58,57,416,9.35,"3,889.60"
2020-10-11,2020101104001076,RBCLPO,32,57,10,"10,180.00","101,800.00"
2020-10-11,2020101104001075,RBCLPO,32,57,10,"10,251.00","102,510.00"
2020-10-11,2020101104001264,RLI,6,54,10,609.00,"6,090.00"
2020-10-11,2020101104001263,RLI,6,13,10,609.00,"6,090.00"
2020-10-11,2020101104001262,RLI,6,44,10,609.00,"6,090.00"
2020-10-11,2020101104001261,RLI,6,17,10,609.00,"6,090.00"
2020-10-11,2020101104001260,RLI,6,16,10,609.00,"6,090.00"
2020-10-11,2020101104001259,RLI,6,44,10,609.00,"6,090.00"
2020-10-11,2020101104000770,RLI,55,45,10,611.00,"6,110.00"
2020-10-11,2020101104000769,RLI,55,44,10,611.00,"6,110.00"
2020-10-11,2020101104000767,RLI,55,21,10,611.00,"6,110.00"
2020-10-11,2020101104000766,RLI,55,44,10,611.00,"6,110.00"
2020-10-11,2020101104000765,RLI,55,38,10,611.00,"6,110.00"
2020-10-11,2020101104000778,RLI,55,44,10,611.00,"6,110.00"
2020-10-11,2020101104000777,RLI,55,44,10,611.00,"6,110.00"
2020-10-11,2020101104000776,RLI,55,8,10,611.00,"6,110.00"
2020-10-11,2020101104000775,RLI,55,43,10,611.00,"6,110.00"
2020-10-11,2020101104000772,RLI,55,44,10,611.00,"6,110.00"
2020-10-11,2020101104000771,RLI,55,58,10,611.00,"6,110.00"
2020-10-11,2020101104000784,RLI,1,44,10,610.00,"6,100.00"
2020-10-11,2020101104000783,RLI,1,6,10,610.00,"6,100.00"
2020-10-11,2020101104000782,RLI,1,44,10,610.00,"6,100.00"
2020-10-11,2020101104000781,RLI,1,57,10,610.00,"6,100.00"
2020-10-11,2020101104000780,RLI,1,44,10,610.00,"6,100.00"
2020-10-11,2020101104000779,RLI,5,58,10,610.00,"6,100.00"
2020-10-11,2020101104000790,RLI,11,57,10,610.00,"6,100.00"
2020-10-11,2020101104000789,RLI,11,19,10,610.00,"6,100.00"
2020-10-11,2020101104000788,RLI,11,44,10,610.00,"6,100.00"
2020-10-11,2020101104000787,RLI,11,53,10,610.00,"6,100.00"
2020-10-11,2020101104000786,RLI,11,44,10,610.00,"6,100.00"
2020-10-11,2020101104000785,RLI,11,56,10,610.00,"6,100.00"
2020-10-11,2020101104000798,RLI,25,18,10,610.00,"6,100.00"
2020-10-11,2020101104000797,RLI,25,44,10,610.00,"6,100.00"
2020-10-11,2020101104000794,RLI,11,56,10,610.00,"6,100.00"
2020-10-11,2020101104000793,RLI,11,44,10,610.00,"6,100.00"
2020-10-11,2020101104000792,RLI,11,19,10,610.00,"6,100.00"
2020-10-11,2020101104000791,RLI,11,8,10,610.00,"6,100.00"
2020-10-11,2020101104000805,RLI,25,44,10,610.00,"6,100.00"
2020-10-11,2020101104000804,RLI,25,36,10,610.00,"6,100.00"
2020-10-11,2020101104000803,RLI,25,59,10,610.00,"6,100.00"
2020-10-11,2020101104000801,RLI,25,14,10,610.00,"6,100.00"
2020-10-11,2020101104000800,RLI,25,10,10,610.00,"6,100.00"
2020-10-11,2020101104000799,RLI,25,22,10,610.00,"6,100.00"
2020-10-11,2020101104000812,RLI,41,1,10,610.00,"6,100.00"
2020-10-11,2020101104000810,RLI,33,34,10,611.00,"6,110.00"
2020-10-11,2020101104000809,RLI,41,44,10,610.00,"6,100.00"
2020-10-11,2020101104000808,RLI,28,14,10,610.00,"6,100.00"
2020-10-11,2020101104000807,RLI,51,33,10,610.00,"6,100.00"
2020-10-11,2020101104000806,RLI,25,45,10,610.00,"6,100.00"
2020-10-11,2020101104000823,RLI,41,44,10,610.00,"6,100.00"
2020-10-11,2020101104000822,RLI,41,8,10,610.00,"6,100.00"
2020-10-11,2020101104000821,RLI,41,8,10,610.00,"6,100.00"
2020-10-11,2020101104000820,RLI,41,8,10,610.00,"6,100.00"
2020-10-11,2020101104000818,RLI,41,40,10,610.00,"6,100.00"
2020-10-11,2020101104000815,RLI,41,44,10,610.00,"6,100.00"
2020-10-11,2020101104000830,RLI,41,1,10,610.00,"6,100.00"
2020-10-11,2020101104000829,RLI,41,44,10,610.00,"6,100.00"
2020-10-11,2020101104000828,RLI,41,58,10,610.00,"6,100.00"
2020-10-11,2020101104000827,RLI,41,8,10,610.00,"6,100.00"
2020-10-11,2020101104000825,RLI,45,58,10,611.00,"6,110.00"
2020-10-11,2020101104000824,RLI,45,52,10,611.00,"6,110.00"
2020-10-11,2020101104000836,RLI,34,14,10,610.00,"6,100.00"
2020-10-11,2020101104000835,RLI,34,59,10,610.00,"6,100.00"
2020-10-11,2020101104000834,RLI,34,42,10,610.00,"6,100.00"
2020-10-11,2020101104000833,RLI,41,1,10,610.00,"6,100.00"
2020-10-11,2020101104000832,RLI,41,49,10,610.00,"6,100.00"
2020-10-11,2020101104000831,RLI,41,44,10,610.00,"6,100.00"
2020-10-11,2020101104000845,RLI,34,44,10,610.00,"6,100.00"
2020-10-11,2020101104000844,RLI,34,47,10,610.00,"6,100.00"
2020-10-11,2020101104000843,RLI,34,44,10,610.00,"6,100.00"
2020-10-11,2020101104000839,RLI,34,49,10,610.00,"6,100.00"
2020-10-11,2020101104000838,RLI,34,47,10,610.00,"6,100.00"
2020-10-11,2020101104000837,RLI,34,44,10,610.00,"6,100.00"
2020-10-11,2020101104000854,RLI,56,19,10,610.00,"6,100.00"
2020-10-11,2020101104000853,RLI,56,58,10,610.00,"6,100.00"
2020-10-11,2020101104000849,RLI,56,44,10,610.00,"6,100.00"
2020-10-11,2020101104000848,RLI,52,44,10,610.00,"6,100.00"
2020-10-11,2020101104000847,RLI,52,49,10,610.00,"6,100.00"
2020-10-11,2020101104000846,RLI,34,17,10,610.00,"6,100.00"
2020-10-11,2020101104000860,RLI,4,44,10,610.00,"6,100.00"
2020-10-11,2020101104000859,RLI,4,44,10,610.00,"6,100.00"
2020-10-11,2020101104000858,RLI,4,59,10,610.00,"6,100.00"
2020-10-11,2020101104000857,RLI,4,58,10,610.00,"6,100.00"
2020-10-11,2020101104000856,RLI,56,14,10,610.00,"6,100.00"
2020-10-11,2020101104000855,RLI,56,1,10,610.00,"6,100.00"
2020-10-11,2020101104000866,RLI,4,14,10,610.00,"6,100.00"
2020-10-11,2020101104000865,RLI,4,44,10,610.00,"6,100.00"
2020-10-11,2020101104000864,RLI,4,40,10,610.00,"6,100.00"
2020-10-11,2020101104000863,RLI,4,44,10,610.00,"6,100.00"
2020-10-11,2020101104000862,RLI,4,58,10,610.00,"6,100.00"
2020-10-11,2020101104000861,RLI,4,44,10,610.00,"6,100.00"
2020-10-11,2020101104000872,RLI,39,41,50,610.00,"30,500.00"
2020-10-11,2020101104000871,RLI,52,41,50,610.00,"30,500.00"
2020-10-11,2020101104000870,RLI,46,41,40,610.00,"24,400.00"
2020-10-11,2020101104000869,RLI,5,41,18,610.00,"10,980.00"
2020-10-11,2020101104000868,RLI,17,41,100,610.00,"61,000.00"
2020-10-11,2020101104000867,RLI,55,41,100,610.00,"61,000.00"
2020-10-11,2020101104000878,RLI,35,10,10,609.00,"6,090.00"
2020-10-11,2020101104000877,RLI,35,44,10,609.00,"6,090.00"
2020-10-11,2020101104000876,RLI,35,17,10,609.00,"6,090.00"
2020-10-11,2020101104000875,RLI,35,58,10,609.00,"6,090.00"
2020-10-11,2020101104000874,RLI,35,19,10,609.00,"6,090.00"
2020-10-11,2020101104000873,RLI,35,44,10,609.00,"6,090.00"
2020-10-11,2020101104000884,RLI,41,14,10,610.00,"6,100.00"
2020-10-11,2020101104000883,RLI,41,44,10,610.00,"6,100.00"
2020-10-11,2020101104000882,RLI,41,10,10,610.00,"6,100.00"
2020-10-11,2020101104000881,RLI,41,41,122,610.00,"74,420.00"
2020-10-11,2020101104000880,RLI,35,54,10,609.00,"6,090.00"
2020-10-11,2020101104000879,RLI,43,41,20,610.00,"12,200.00"
2020-10-11,2020101104000892,RLI,35,44,10,609.00,"6,090.00"
2020-10-11,2020101104000891,RLI,41,41,8,610.00,"4,880.00"
2020-10-11,2020101104000890,RLI,41,14,10,610.00,"6,100.00"
2020-10-11,2020101104000889,RLI,41,56,10,610.00,"6,100.00"
2020-10-11,2020101104000888,RLI,41,35,10,610.00,"6,100.00"
2020-10-11,2020101104000885,RLI,41,44,10,610.00,"6,100.00"
2020-10-11,2020101104000898,RLI,55,22,10,609.00,"6,090.00"
2020-10-11,2020101104000897,RLI,55,45,50,610.00,"30,500.00"
2020-10-11,2020101104000896,RLI,55,8,10,609.00,"6,090.00"
2020-10-11,2020101104000895,RLI,55,44,10,609.00,"6,090.00"
2020-10-11,2020101104000894,RLI,34,40,10,609.00,"6,090.00"
2020-10-11,2020101104000893,RLI,35,14,10,609.00,"6,090.00"
2020-10-11,2020101104000905,RLI,55,26,10,609.00,"6,090.00"
2020-10-11,2020101104000903,RLI,55,44,10,609.00,"6,090.00"
2020-10-11,2020101104000902,RLI,38,41,30,611.00,"18,330.00"
2020-10-11,2020101104000901,RLI,38,19,10,610.00,"6,100.00"
2020-10-11,2020101104000900,RLI,38,38,10,610.00,"6,100.00"
2020-10-11,2020101104000899,RLI,55,28,10,609.00,"6,090.00"
2020-10-11,2020101104000911,RLI,25,44,10,609.00,"6,090.00"
2020-10-11,2020101104000910,RLI,48,40,10,609.00,"6,090.00"
2020-10-11,2020101104000909,RLI,55,26,10,609.00,"6,090.00"
2020-10-11,2020101104000908,RLI,55,25,10,609.00,"6,090.00"
2020-10-11,2020101104000907,RLI,55,44,10,609.00,"6,090.00"
2020-10-11,2020101104000906,RLI,55,3,10,609.00,"6,090.00"
2020-10-11,2020101104000917,RLI,16,41,20,611.00,"12,220.00"
2020-10-11,2020101104000916,RLI,14,26,10,610.00,"6,100.00"
2020-10-11,2020101104000915,RLI,14,44,10,610.00,"6,100.00"
2020-10-11,2020101104000914,RLI,14,25,10,610.00,"6,100.00"
2020-10-11,2020101104000913,RLI,14,57,10,610.00,"6,100.00"
2020-10-11,2020101104000912,RLI,14,22,10,610.00,"6,100.00"
2020-10-11,2020101104000925,RLI,25,8,10,609.00,"6,090.00"
2020-10-11,2020101104000924,RLI,25,44,10,609.00,"6,090.00"
2020-10-11,2020101104000923,RLI,25,25,10,609.00,"6,090.00"
2020-10-11,2020101104000922,RLI,14,20,10,610.00,"6,100.00"
2020-10-11,2020101104000919,RLI,16,4,10,611.00,"6,110.00"
2020-10-11,2020101104000918,RLI,16,26,10,611.00,"6,110.00"
2020-10-11,2020101104000933,RLI,34,44,10,609.00,"6,090.00"
2020-10-11,2020101104000932,RLI,34,25,10,609.00,"6,090.00"
2020-10-11,2020101104000931,RLI,34,41,10,609.00,"6,090.00"
2020-10-11,2020101104000928,RLI,34,17,10,609.00,"6,090.00"
2020-10-11,2020101104000927,RLI,34,44,10,609.00,"6,090.00"
2020-10-11,2020101104000926,RLI,25,44,10,609.00,"6,090.00"
2020-10-11,2020101104000939,RLI,34,59,10,609.00,"6,090.00"
2020-10-11,2020101104000938,RLI,34,44,10,609.00,"6,090.00"
2020-10-11,2020101104000937,RLI,34,44,10,609.00,"6,090.00"
2020-10-11,2020101104000936,RLI,34,25,10,609.00,"6,090.00"
2020-10-11,2020101104000935,RLI,34,26,10,609.00,"6,090.00"
2020-10-11,2020101104000934,RLI,34,58,10,609.00,"6,090.00"
2020-10-11,2020101104000948,RLI,6,51,10,609.00,"6,090.00"
2020-10-11,2020101104000947,RLI,34,3,10,609.00,"6,090.00"
2020-10-11,2020101104000943,RLI,34,40,10,609.00,"6,090.00"
2020-10-11,2020101104000942,RLI,34,3,10,609.00,"6,090.00"
2020-10-11,2020101104000941,RLI,34,22,10,609.00,"6,090.00"
2020-10-11,2020101104000940,RLI,34,42,50,609.00,"30,450.00"
2020-10-11,2020101104000956,RLI,6,38,10,609.00,"6,090.00"
2020-10-11,2020101104000955,RLI,6,44,10,609.00,"6,090.00"
2020-10-11,2020101104000953,RLI,6,3,10,609.00,"6,090.00"
2020-10-11,2020101104000952,RLI,6,44,10,609.00,"6,090.00"
2020-10-11,2020101104000951,RLI,6,25,10,609.00,"6,090.00"
2020-10-11,2020101104000950,RLI,6,59,10,609.00,"6,090.00"
2020-10-11,2020101104000962,RLI,35,26,10,609.00,"6,090.00"
2020-10-11,2020101104000961,RLI,8,38,10,609.00,"6,090.00"
2020-10-11,2020101104000960,RLI,8,59,10,609.00,"6,090.00"
2020-10-11,2020101104000959,RLI,6,3,10,609.00,"6,090.00"
2020-10-11,2020101104000958,RLI,6,44,10,609.00,"6,090.00"
2020-10-11,2020101104000957,RLI,6,26,10,609.00,"6,090.00"
2020-10-11,2020101104000968,RLI,47,47,10,609.00,"6,090.00"
2020-10-11,2020101104000967,RLI,47,59,10,609.00,"6,090.00"
2020-10-11,2020101104000966,RLI,47,25,10,609.00,"6,090.00"
2020-10-11,2020101104000965,RLI,47,44,10,609.00,"6,090.00"
2020-10-11,2020101104000964,RLI,35,32,10,609.00,"6,090.00"
2020-10-11,2020101104000963,RLI,35,38,10,609.00,"6,090.00"
2020-10-11,2020101104000974,RLI,51,32,10,609.00,"6,090.00"
2020-10-11,2020101104000973,RLI,11,59,10,609.00,"6,090.00"
2020-10-11,2020101104000972,RLI,11,8,10,609.00,"6,090.00"
2020-10-11,2020101104000971,RLI,11,32,10,609.00,"6,090.00"
2020-10-11,2020101104000970,RLI,11,19,10,609.00,"6,090.00"
2020-10-11,2020101104000969,RLI,47,44,10,609.00,"6,090.00"
2020-10-11,2020101104000980,RLI,44,57,10,609.00,"6,090.00"
2020-10-11,2020101104000979,RLI,37,6,10,609.00,"6,090.00"
2020-10-11,2020101104000978,RLI,37,25,10,609.00,"6,090.00"
2020-10-11,2020101104000977,RLI,37,59,10,609.00,"6,090.00"
2020-10-11,2020101104000976,RLI,51,57,10,609.00,"6,090.00"
2020-10-11,2020101104000975,RLI,51,38,10,609.00,"6,090.00"
2020-10-11,2020101104000987,RLI,1,59,10,609.00,"6,090.00"
2020-10-11,2020101104000985,RLI,1,47,10,609.00,"6,090.00"
2020-10-11,2020101104000984,RLI,1,6,10,609.00,"6,090.00"
2020-10-11,2020101104000983,RLI,42,42,10,609.00,"6,090.00"
2020-10-11,2020101104000982,RLI,42,3,30,609.00,"18,270.00"
2020-10-11,2020101104000981,RLI,44,44,10,609.00,"6,090.00"
2020-10-11,2020101104000993,RLI,1,35,10,609.00,"6,090.00"
2020-10-11,2020101104000992,RLI,1,59,10,609.00,"6,090.00"
2020-10-11,2020101104000991,RLI,1,20,10,609.00,"6,090.00"
2020-10-11,2020101104000990,RLI,32,51,10,610.00,"6,100.00"
2020-10-11,2020101104000989,RLI,32,6,10,610.00,"6,100.00"
2020-10-11,2020101104000988,RLI,1,6,10,609.00,"6,090.00"
2020-10-11,2020101104001002,RLI,41,42,10,608.00,"6,080.00"
2020-10-11,2020101104001001,RLI,41,37,10,608.00,"6,080.00"
2020-10-11,2020101104001000,RLI,41,57,10,608.00,"6,080.00"
2020-10-11,2020101104000996,RLI,1,58,10,609.00,"6,090.00"
2020-10-11,2020101104000995,RLI,1,10,10,609.00,"6,090.00"
2020-10-11,2020101104000994,RLI,1,57,10,609.00,"6,090.00"
2020-10-11,2020101104001009,RLI,25,8,10,609.00,"6,090.00"
2020-10-11,2020101104001008,RLI,1,52,10,608.00,"6,080.00"
2020-10-11,2020101104001007,RLI,1,10,10,608.00,"6,080.00"
2020-10-11,2020101104001005,RLI,1,10,10,608.00,"6,080.00"
2020-10-11,2020101104001004,RLI,1,44,10,608.00,"6,080.00"
2020-10-11,2020101104001003,RLI,1,10,10,608.00,"6,080.00"
2020-10-11,2020101104001016,RLI,1,10,10,608.00,"6,080.00"
2020-10-11,2020101104001015,RLI,1,44,10,608.00,"6,080.00"
2020-10-11,2020101104001014,RLI,1,44,10,608.00,"6,080.00"
2020-10-11,2020101104001013,RLI,1,10,10,608.00,"6,080.00"
2020-10-11,2020101104001011,RLI,1,19,10,608.00,"6,080.00"
2020-10-11,2020101104001010,RLI,25,16,90,609.00,"54,810.00"
2020-10-11,2020101104001025,RLI,56,59,10,609.00,"6,090.00"
2020-10-11,2020101104001024,RLI,56,3,10,609.00,"6,090.00"
2020-10-11,2020101104001023,RLI,56,53,10,609.00,"6,090.00"
2020-10-11,2020101104001022,RLI,56,16,10,609.00,"6,090.00"
2020-10-11,2020101104001020,RLI,1,10,10,608.00,"6,080.00"
2020-10-11,2020101104001019,RLI,1,44,10,608.00,"6,080.00"
2020-10-11,2020101104001031,RLI,56,10,10,609.00,"6,090.00"
2020-10-11,2020101104001030,RLI,56,59,10,609.00,"6,090.00"
2020-10-11,2020101104001029,RLI,56,58,10,609.00,"6,090.00"
2020-10-11,2020101104001028,RLI,56,10,10,609.00,"6,090.00"
2020-10-11,2020101104001027,RLI,56,10,10,609.00,"6,090.00"
2020-10-11,2020101104001026,RLI,56,47,10,609.00,"6,090.00"
2020-10-11,2020101104001037,RLI,56,28,10,610.00,"6,100.00"
2020-10-11,2020101104001036,RLI,56,25,10,609.00,"6,090.00"
2020-10-11,2020101104001035,RLI,56,45,10,609.00,"6,090.00"
2020-10-11,2020101104001034,RLI,56,19,10,609.00,"6,090.00"
2020-10-11,2020101104001033,RLI,56,10,10,609.00,"6,090.00"
2020-10-11,2020101104001032,RLI,56,44,10,609.00,"6,090.00"
2020-10-11,2020101104001043,RLI,56,51,10,610.00,"6,100.00"
2020-10-11,2020101104001042,RLI,56,44,10,610.00,"6,100.00"
2020-10-11,2020101104001041,RLI,56,18,10,610.00,"6,100.00"
2020-10-11,2020101104001040,RLI,56,1,10,610.00,"6,100.00"
2020-10-11,2020101104001039,RLI,56,4,10,610.00,"6,100.00"
2020-10-11,2020101104001038,RLI,56,44,10,610.00,"6,100.00"
2020-10-11,2020101104001049,RLI,56,44,10,609.00,"6,090.00"
2020-10-11,2020101104001048,RLI,56,8,10,609.00,"6,090.00"
2020-10-11,2020101104001047,RLI,56,44,10,609.00,"6,090.00"
2020-10-11,2020101104001046,RLI,56,49,10,610.00,"6,100.00"
2020-10-11,2020101104001045,RLI,56,7,10,610.00,"6,100.00"
2020-10-11,2020101104001044,RLI,56,44,10,610.00,"6,100.00"
2020-10-11,2020101104001057,RLI,56,16,10,609.00,"6,090.00"
2020-10-11,2020101104001056,RLI,56,49,10,609.00,"6,090.00"
2020-10-11,2020101104001055,RLI,56,16,10,609.00,"6,090.00"
2020-10-11,2020101104001054,RLI,56,16,10,609.00,"6,090.00"
2020-10-11,2020101104001053,RLI,56,43,10,609.00,"6,090.00"
2020-10-11,2020101104001051,RLI,56,44,10,609.00,"6,090.00"
2020-10-11,2020101104001063,RLI,21,57,10,610.00,"6,100.00"
2020-10-11,2020101104001062,RLI,21,7,10,610.00,"6,100.00"
2020-10-11,2020101104001061,RLI,56,59,10,609.00,"6,090.00"
2020-10-11,2020101104001060,RLI,56,59,10,609.00,"6,090.00"
2020-10-11,2020101104001059,RLI,56,25,10,609.00,"6,090.00"
2020-10-11,2020101104001058,RLI,56,44,10,609.00,"6,090.00"
2020-10-11,2020101104001069,RLI,21,38,10,610.00,"6,100.00"
2020-10-11,2020101104001068,RLI,21,5,10,610.00,"6,100.00"
2020-10-11,2020101104001067,RLI,21,22,10,610.00,"6,100.00"
2020-10-11,2020101104001066,RLI,21,41,10,610.00,"6,100.00"
2020-10-11,2020101104001065,RLI,21,58,10,610.00,"6,100.00"
2020-10-11,2020101104001064,RLI,21,38,10,610.00,"6,100.00"
2020-10-11,2020101104001077,RLI,28,19,10,609.00,"6,090.00"
2020-10-11,2020101104001074,RLI,28,42,10,609.00,"6,090.00"
2020-10-11,2020101104001073,RLI,56,58,10,609.00,"6,090.00"
2020-10-11,2020101104001072,RLI,56,11,10,609.00,"6,090.00"
2020-10-11,2020101104001071,RLI,21,38,10,610.00,"6,100.00"
2020-10-11,2020101104001070,RLI,21,50,10,610.00,"6,100.00"
2020-10-11,2020101104001084,RLI,41,6,10,609.00,"6,090.00"
2020-10-11,2020101104001082,RLI,34,35,10,609.00,"6,090.00"
2020-10-11,2020101104001081,RLI,34,58,10,609.00,"6,090.00"
2020-10-11,2020101104001080,RLI,28,57,10,609.00,"6,090.00"
2020-10-11,2020101104001079,RLI,28,8,10,609.00,"6,090.00"
2020-10-11,2020101104001078,RLI,28,58,10,609.00,"6,090.00"
2020-10-11,2020101104001090,RLI,6,38,10,610.00,"6,100.00"
2020-10-11,2020101104001089,RLI,41,58,10,609.00,"6,090.00"
2020-10-11,2020101104001088,RLI,41,51,10,609.00,"6,090.00"
2020-10-11,2020101104001087,RLI,33,29,10,610.00,"6,100.00"
2020-10-11,2020101104001086,RLI,41,48,10,609.00,"6,090.00"
2020-10-11,2020101104001085,RLI,41,58,10,609.00,"6,090.00"
2020-10-11,2020101104001096,RLI,41,17,10,610.00,"6,100.00"
2020-10-11,2020101104001095,RLI,41,43,10,610.00,"6,100.00"
2020-10-11,2020101104001094,RLI,41,29,10,610.00,"6,100.00"
2020-10-11,2020101104001093,RLI,41,45,10,609.00,"6,090.00"
2020-10-11,2020101104001092,RLI,41,59,10,609.00,"6,090.00"
2020-10-11,2020101104001091,RLI,41,58,10,609.00,"6,090.00"
2020-10-11,2020101104001105,RLI,59,58,10,609.00,"6,090.00"
2020-10-11,2020101104001104,RLI,59,39,10,609.00,"6,090.00"
2020-10-11,2020101104001103,RLI,59,58,10,609.00,"6,090.00"
2020-10-11,2020101104001099,RLI,41,59,10,609.00,"6,090.00"
2020-10-11,2020101104001098,RLI,41,38,10,610.00,"6,100.00"
2020-10-11,2020101104001097,RLI,41,38,10,610.00,"6,100.00"
2020-10-11,2020101104001113,RLI,59,16,10,609.00,"6,090.00"
2020-10-11,2020101104001111,RLI,59,11,10,609.00,"6,090.00"
2020-10-11,2020101104001110,RLI,59,35,10,609.00,"6,090.00"
2020-10-11,2020101104001109,RLI,59,8,10,609.00,"6,090.00"
2020-10-11,2020101104001108,RLI,59,5,10,609.00,"6,090.00"
2020-10-11,2020101104001106,RLI,59,53,10,609.00,"6,090.00"
2020-10-11,2020101104001119,RLI,47,44,10,608.00,"6,080.00"
2020-10-11,2020101104001118,RLI,47,3,10,608.00,"6,080.00"
2020-10-11,2020101104001117,RLI,22,35,10,609.00,"6,090.00"
2020-10-11,2020101104001116,RLI,43,44,10,609.00,"6,090.00"
2020-10-11,2020101104001115,RLI,43,8,10,609.00,"6,090.00"
2020-10-11,2020101104001114,RLI,59,58,10,609.00,"6,090.00"
2020-10-11,2020101104001126,RLI,47,26,10,608.00,"6,080.00"
2020-10-11,2020101104001125,RLI,47,11,10,608.00,"6,080.00"
2020-10-11,2020101104001123,RLI,47,57,10,608.00,"6,080.00"
2020-10-11,2020101104001122,RLI,47,43,20,608.00,"12,160.00"
2020-10-11,2020101104001121,RLI,47,35,10,608.00,"6,080.00"
2020-10-11,2020101104001120,RLI,47,58,10,608.00,"6,080.00"
2020-10-11,2020101104001133,RLI,26,44,10,609.00,"6,090.00"
2020-10-11,2020101104001132,RLI,26,38,10,609.00,"6,090.00"
2020-10-11,2020101104001131,RLI,26,26,10,609.00,"6,090.00"
2020-10-11,2020101104001130,RLI,26,26,10,609.00,"6,090.00"
2020-10-11,2020101104001128,RLI,47,19,10,608.00,"6,080.00"
2020-10-11,2020101104001127,RLI,47,3,10,608.00,"6,080.00"
2020-10-11,2020101104001139,RLI,26,11,10,609.00,"6,090.00"
2020-10-11,2020101104001138,RLI,26,58,10,609.00,"6,090.00"
2020-10-11,2020101104001137,RLI,26,21,10,609.00,"6,090.00"
2020-10-11,2020101104001136,RLI,26,44,10,609.00,"6,090.00"
2020-10-11,2020101104001135,RLI,26,1,10,609.00,"6,090.00"
2020-10-11,2020101104001134,RLI,26,44,10,609.00,"6,090.00"
2020-10-11,2020101104001145,RLI,45,38,10,610.00,"6,100.00"
2020-10-11,2020101104001144,RLI,45,38,10,610.00,"6,100.00"
2020-10-11,2020101104001143,RLI,45,38,10,610.00,"6,100.00"
2020-10-11,2020101104001142,RLI,26,1,10,609.00,"6,090.00"
2020-10-11,2020101104001141,RLI,26,29,10,609.00,"6,090.00"
2020-10-11,2020101104001140,RLI,26,21,10,609.00,"6,090.00"
2020-10-11,2020101104001151,RLI,26,11,10,609.00,"6,090.00"
2020-10-11,2020101104001150,RLI,45,26,10,610.00,"6,100.00"
2020-10-11,2020101104001149,RLI,45,47,10,610.00,"6,100.00"
2020-10-11,2020101104001148,RLI,45,49,20,610.00,"12,200.00"
2020-10-11,2020101104001147,RLI,45,38,10,610.00,"6,100.00"
2020-10-11,2020101104001146,RLI,45,38,10,610.00,"6,100.00"
2020-10-11,2020101104001157,RLI,26,57,10,609.00,"6,090.00"
2020-10-11,2020101104001156,RLI,39,26,60,610.00,"36,600.00"
2020-10-11,2020101104001155,RLI,26,1,10,609.00,"6,090.00"
2020-10-11,2020101104001154,RLI,26,19,10,609.00,"6,090.00"
2020-10-11,2020101104001153,RLI,26,44,10,609.00,"6,090.00"
2020-10-11,2020101104001152,RLI,26,44,10,609.00,"6,090.00"
2020-10-11,2020101104001163,RLI,26,44,10,609.00,"6,090.00"
2020-10-11,2020101104001162,RLI,26,40,10,609.00,"6,090.00"
2020-10-11,2020101104001161,RLI,26,1,10,609.00,"6,090.00"
2020-10-11,2020101104001160,RLI,26,11,10,609.00,"6,090.00"
2020-10-11,2020101104001159,RLI,26,44,10,609.00,"6,090.00"
2020-10-11,2020101104001158,RLI,26,11,10,609.00,"6,090.00"
2020-10-11,2020101104001170,RLI,26,44,10,609.00,"6,090.00"
2020-10-11,2020101104001169,RLI,26,11,10,609.00,"6,090.00"
2020-10-11,2020101104001168,RLI,26,44,10,609.00,"6,090.00"
2020-10-11,2020101104001167,RLI,26,44,10,609.00,"6,090.00"
2020-10-11,2020101104001165,RLI,26,50,10,609.00,"6,090.00"
2020-10-11,2020101104001164,RLI,26,11,10,609.00,"6,090.00"
2020-10-11,2020101104001178,RLI,26,44,10,609.00,"6,090.00"
2020-10-11,2020101104001177,RLI,26,21,10,609.00,"6,090.00"
2020-10-11,2020101104001176,RLI,26,17,10,609.00,"6,090.00"
2020-10-11,2020101104001175,RLI,26,3,10,609.00,"6,090.00"
2020-10-11,2020101104001172,RLI,26,44,10,609.00,"6,090.00"
2020-10-11,2020101104001171,RLI,26,36,10,609.00,"6,090.00"
2020-10-11,2020101104001185,RLI,26,28,10,609.00,"6,090.00"
2020-10-11,2020101104001183,RLI,26,44,10,609.00,"6,090.00"
2020-10-11,2020101104001182,RLI,26,44,10,609.00,"6,090.00"
2020-10-11,2020101104001181,RLI,26,58,10,609.00,"6,090.00"
2020-10-11,2020101104001180,RLI,26,44,10,609.00,"6,090.00"
2020-10-11,2020101104001179,RLI,26,53,10,609.00,"6,090.00"
2020-10-11,2020101104001191,RLI,6,44,10,609.00,"6,090.00"
2020-10-11,2020101104001190,RLI,6,16,10,609.00,"6,090.00"
2020-10-11,2020101104001189,RLI,6,3,10,609.00,"6,090.00"
2020-10-11,2020101104001188,RLI,26,50,10,609.00,"6,090.00"
2020-10-11,2020101104001187,RLI,49,26,20,610.00,"12,200.00"
2020-10-11,2020101104001186,RLI,26,16,10,609.00,"6,090.00"
2020-10-11,2020101104001199,RLI,6,16,10,609.00,"6,090.00"
2020-10-11,2020101104001198,RLI,6,59,10,609.00,"6,090.00"
2020-10-11,2020101104001195,RLI,6,44,10,609.00,"6,090.00"
2020-10-11,2020101104001194,RLI,6,45,10,609.00,"6,090.00"
2020-10-11,2020101104001193,RLI,6,59,10,609.00,"6,090.00"
2020-10-11,2020101104001192,RLI,6,32,10,609.00,"6,090.00"
2020-10-11,2020101104001205,RLI,6,32,20,609.00,"12,180.00"
2020-10-11,2020101104001204,RLI,6,44,10,609.00,"6,090.00"
2020-10-11,2020101104001203,RLI,6,45,10,609.00,"6,090.00"
2020-10-11,2020101104001202,RLI,6,44,10,609.00,"6,090.00"
2020-10-11,2020101104001201,RLI,6,38,10,609.00,"6,090.00"
2020-10-11,2020101104001200,RLI,19,26,100,610.00,"61,000.00"
2020-10-11,2020101104001211,RLI,42,14,10,609.00,"6,090.00"
2020-10-11,2020101104001210,RLI,6,44,10,609.00,"6,090.00"
2020-10-11,2020101104001209,RLI,6,44,10,609.00,"6,090.00"
2020-10-11,2020101104001208,RLI,6,44,10,609.00,"6,090.00"
2020-10-11,2020101104001207,RLI,6,49,10,609.00,"6,090.00"
2020-10-11,2020101104001206,RLI,6,44,10,609.00,"6,090.00"
2020-10-11,2020101104001220,RLI,42,36,10,609.00,"6,090.00"
2020-10-11,2020101104001218,RLI,42,44,10,609.00,"6,090.00"
2020-10-11,2020101104001217,RLI,42,47,10,609.00,"6,090.00"
2020-10-11,2020101104001216,RLI,42,44,10,609.00,"6,090.00"
2020-10-11,2020101104001213,RLI,42,44,10,609.00,"6,090.00"
2020-10-11,2020101104001212,RLI,42,6,10,609.00,"6,090.00"
2020-10-11,2020101104001226,RLI,42,36,10,609.00,"6,090.00"
2020-10-11,2020101104001225,RLI,42,59,10,609.00,"6,090.00"
2020-10-11,2020101104001224,RLI,42,44,10,609.00,"6,090.00"
2020-10-11,2020101104001223,RLI,42,14,10,609.00,"6,090.00"
2020-10-11,2020101104001222,RLI,42,57,10,609.00,"6,090.00"
2020-10-11,2020101104001221,RLI,42,44,10,609.00,"6,090.00"
2020-10-11,2020101104001232,RLI,37,44,10,609.00,"6,090.00"
2020-10-11,2020101104001231,RLI,37,44,10,609.00,"6,090.00"
2020-10-11,2020101104001230,RLI,37,44,10,609.00,"6,090.00"
2020-10-11,2020101104001229,RLI,37,3,10,609.00,"6,090.00"
2020-10-11,2020101104001228,RLI,42,44,10,609.00,"6,090.00"
2020-10-11,2020101104001227,RLI,42,46,10,609.00,"6,090.00"
2020-10-11,2020101104001238,RLI,29,45,10,609.00,"6,090.00"
2020-10-11,2020101104001237,RLI,29,44,10,609.00,"6,090.00"
2020-10-11,2020101104001236,RLI,29,51,10,609.00,"6,090.00"
2020-10-11,2020101104001235,RLI,29,50,10,609.00,"6,090.00"
2020-10-11,2020101104001234,RLI,11,40,10,609.00,"6,090.00"
2020-10-11,2020101104001233,RLI,37,44,10,609.00,"6,090.00"
2020-10-11,2020101104001244,RLI,41,44,10,609.00,"6,090.00"
2020-10-11,2020101104001243,RLI,41,44,10,609.00,"6,090.00"
2020-10-11,2020101104001242,RLI,41,57,10,609.00,"6,090.00"
2020-10-11,2020101104001241,RLI,41,44,10,609.00,"6,090.00"
2020-10-11,2020101104001240,RLI,41,44,10,609.00,"6,090.00"
2020-10-11,2020101104001239,RLI,41,3,10,609.00,"6,090.00"
2020-10-11,2020101104001251,RLI,41,44,10,609.00,"6,090.00"
2020-10-11,2020101104001250,RLI,41,58,10,609.00,"6,090.00"
2020-10-11,2020101104001248,RLI,41,3,10,609.00,"6,090.00"
2020-10-11,2020101104001247,RLI,41,41,10,609.00,"6,090.00"
2020-10-11,2020101104001246,RLI,41,44,10,609.00,"6,090.00"
2020-10-11,2020101104001245,RLI,41,45,10,609.00,"6,090.00"
2020-10-11,2020101104001258,RLI,41,42,10,609.00,"6,090.00"
2020-10-11,2020101104001257,RLI,41,44,10,609.00,"6,090.00"
2020-10-11,2020101104001255,RLI,41,44,10,609.00,"6,090.00"
2020-10-11,2020101104001254,RLI,41,50,30,609.00,"18,270.00"
2020-10-11,2020101104001253,RLI,41,44,10,609.00,"6,090.00"
2020-10-11,2020101104001252,RLI,41,42,10,609.00,"6,090.00"
2020-10-11,2020101104001166,SAEF,33,19,"1,000",10.41,"10,410.00"
2020-10-11,2020101104001052,SAEF,33,19,500,10.41,"5,205.00"
2020-10-11,2020101104001021,SAEF,33,19,500,10.41,"5,205.00"
2020-10-11,2020101104000852,SAEF,34,39,"1,000",10.49,"10,490.00"
2020-10-11,2020101104000851,SAEF,34,38,"2,000",10.48,"20,960.00"
2020-10-11,2020101104000850,SAEF,34,41,500,10.47,"5,235.00"
2020-10-11,2020101104001215,SEF,34,47,"1,500",9.40,"14,100.00"
2020-10-11,2020101104001214,SEF,34,22,"1,600",9.39,"15,024.00"
2020-10-11,2020101104001184,SEF,17,22,"11,000",9.39,"103,290.00"
2020-10-11,2020101104001174,SEF,34,11,"1,000",9.40,"9,400.00"
2020-10-11,2020101104001173,SEF,34,58,"10,000",9.40,"94,000.00"
2020-10-11,2020101104001112,SEF,17,39,500,9.39,"4,695.00"
2020-10-11,2020101104000774,SEF,6,6,"3,100",9.34,"28,954.00"
2020-10-11,2020101104000773,SEF,6,6,"1,500",9.36,"14,040.00"
2020-10-11,2020101104000944,SEF,6,48,"1,500",9.38,"14,070.00"
2020-10-11,2020101104000904,SEF,6,59,500,9.35,"4,675.00"
2020-10-11,2020101104000887,SEF,17,36,"1,000",9.35,"9,350.00"
2020-10-11,2020101104000886,SEF,17,6,"1,400",9.35,"13,090.00"
2020-10-11,2020101104000817,SEF,6,6,"3,600",9.35,"33,660.00"
2020-10-11,2020101104000816,SEF,6,6,400,9.35,"3,740.00"
2020-10-11,2020101104000840,SFMF,17,6,450,9.35,"4,207.50"
2020-10-11,2020101104001102,STC,16,33,45,"3,455.00","155,475.00"
2020-10-11,2020101104001101,STC,56,33,25,"3,456.00","86,400.00"
2020-10-11,2020101104001100,STC,34,33,40,"3,457.00","138,280.00"
2020-10-11,2020101104000722,ALICLP,39,44,"16,755",384.00,"6,433,920.00"
2020-10-11,2020101104000491,BBC,58,22,20,"1,700.00","34,000.00"
2020-10-11,2020101104000430,CMF1,43,35,100,9.54,954.00
2020-10-11,2020101104000387,CMF1,43,38,"1,000",9.60,"9,600.00"
2020-10-11,2020101104000740,GIMES1,6,22,"5,000",9.98,"49,900.00"
2020-10-11,2020101104000614,GIMES1,6,22,"2,000",9.98,"19,960.00"
2020-10-11,2020101104000599,GIMES1,6,22,"2,000",9.98,"19,960.00"
2020-10-11,2020101104000474,GIMES1,6,38,"4,000",9.98,"39,920.00"
2020-10-11,2020101104000435,GIMES1,6,56,"5,000",9.95,"49,750.00"
2020-10-11,2020101104000366,GIMES1,45,22,"4,000",9.90,"39,600.00"
2020-10-11,2020101104000363,GIMES1,45,22,747,9.90,"7,395.30"
2020-10-11,2020101104000362,GIMES1,45,58,"4,000",9.90,"39,600.00"
2020-10-11,2020101104000679,LUK,8,43,100,8.72,872.00
2020-10-11,2020101104000500,LUK,17,59,100,8.75,875.00
2020-10-11,2020101104000499,LUK,59,59,100,8.75,875.00
2020-10-11,2020101104000447,LUK,59,28,100,8.75,875.00
2020-10-11,2020101104000428,LUK,7,59,200,8.75,"1,750.00"
2020-10-11,2020101104000486,NBF2,14,49,300,9.00,"2,700.00"
2020-10-11,2020101104000416,NBF2,14,6,200,9.00,"1,800.00"
2020-10-11,2020101104000402,NBF2,14,14,300,9.00,"2,700.00"
2020-10-11,2020101104000384,NBF2,57,38,"1,000",9.06,"9,060.00"
2020-10-11,2020101104000682,NEF,16,19,676,9.10,"6,151.60"
2020-10-11,2020101104000517,NEF,57,47,"1,000",9.14,"9,140.00"
2020-10-11,2020101104000372,NEF,29,34,483,9.01,"4,351.83"
2020-10-11,2020101104000697,NIBPO,43,34,100,361.00,"36,100.00"
2020-10-11,2020101104000542,NIBPO,43,43,221,362.00,"80,002.00"
2020-10-11,2020101104000541,NIBPO,43,4,29,362.00,"10,498.00"
2020-10-11,2020101104000279,NIBPO,32,4,500,362.00,"181,000.00"
2020-10-11,2020101104000664,NIBSF1,17,43,"2,500",9.82,"24,550.00"
2020-10-11,2020101104000531,NIBSF1,28,10,"2,500",10.02,"25,050.00"
2020-10-11,2020101104000530,NIBSF1,28,47,"2,000",10.00,"20,000.00"
2020-10-11,2020101104000305,NIBSF1,57,7,"1,000",10.00,"10,000.00"
2020-10-11,2020101104000521,NICAD8283,47,58,500,"1,080.00","540,000.00"
2020-10-11,2020101104000438,NICBF,45,14,500,8.98,"4,490.00"
2020-10-11,2020101104000439,NICGF,45,35,100,9.46,946.00
2020-10-11,2020101104000300,NICGF,45,7,100,9.39,939.00
2020-10-11,2020101104000764,NMB50,16,32,"1,000",9.30,"9,300.00"
2020-10-11,2020101104000763,NMB50,16,58,500,9.20,"4,600.00"
2020-10-11,2020101104000470,NMB50,16,38,500,9.28,"4,640.00"
2020-10-11,2020101104000441,NMB50,16,14,500,9.10,"4,550.00"
2020-10-11,2020101104000421,NMB50,45,6,200,9.08,"1,816.00"
2020-10-11,2020101104000716,NMBHF1,58,28,"7,181",9.45,"67,860.45"
2020-10-11,2020101104000700,NMBHF1,58,47,"20,000",9.48,"189,600.00"
2020-10-11,2020101104000585,NMBHF1,28,47,"20,000",9.45,"189,000.00"
2020-10-11,2020101104000762,RLI,55,21,10,611.00,"6,110.00"
2020-10-11,2020101104000761,RLI,55,58,10,611.00,"6,110.00"
2020-10-11,2020101104000760,RLI,55,21,10,611.00,"6,110.00"
2020-10-11,2020101104000759,RLI,55,49,10,611.00,"6,110.00"
2020-10-11,2020101104000758,RLI,55,25,190,611.00,"116,090.00"
2020-10-11,2020101104000757,RLI,55,21,10,611.00,"6,110.00"
2020-10-11,2020101104000267,RLI,33,56,10,612.00,"6,120.00"
2020-10-11,2020101104000266,RLI,33,36,10,612.00,"6,120.00"
2020-10-11,2020101104000265,RLI,33,33,60,612.00,"36,720.00"
2020-10-11,2020101104000273,RLI,41,3,10,613.00,"6,130.00"
2020-10-11,2020101104000272,RLI,41,32,10,613.00,"6,130.00"
2020-10-11,2020101104000271,RLI,41,51,20,613.00,"12,260.00"
2020-10-11,2020101104000270,RLI,41,49,80,613.00,"49,040.00"
2020-10-11,2020101104000269,RLI,33,51,10,612.00,"6,120.00"
2020-10-11,2020101104000268,RLI,33,41,10,612.00,"6,120.00"
2020-10-11,2020101104000280,RLI,33,48,10,612.00,"6,120.00"
2020-10-11,2020101104000278,RLI,33,38,10,612.00,"6,120.00"
2020-10-11,2020101104000277,RLI,33,49,10,612.00,"6,120.00"
2020-10-11,2020101104000276,RLI,33,36,10,612.00,"6,120.00"
2020-10-11,2020101104000275,RLI,41,45,10,613.00,"6,130.00"
2020-10-11,2020101104000274,RLI,41,58,10,613.00,"6,130.00"
2020-10-11,2020101104000287,RLI,33,29,10,612.00,"6,120.00"
2020-10-11,2020101104000285,RLI,33,44,10,612.00,"6,120.00"
2020-10-11,2020101104000284,RLI,33,38,10,612.00,"6,120.00"
2020-10-11,2020101104000283,RLI,33,29,10,612.00,"6,120.00"
2020-10-11,2020101104000282,RLI,33,29,10,612.00,"6,120.00"
2020-10-11,2020101104000281,RLI,33,38,10,612.00,"6,120.00"
2020-10-11,2020101104000293,RLI,39,38,10,612.00,"6,120.00"
2020-10-11,2020101104000292,RLI,39,38,10,612.00,"6,120.00"
2020-10-11,2020101104000291,RLI,39,38,10,612.00,"6,120.00"
2020-10-11,2020101104000290,RLI,57,38,10,612.00,"6,120.00"
2020-10-11,2020101104000289,RLI,57,34,10,612.00,"6,120.00"
2020-10-11,2020101104000288,RLI,57,29,10,612.00,"6,120.00"
2020-10-11,2020101104000299,RLI,39,57,10,612.00,"6,120.00"
2020-10-11,2020101104000298,RLI,39,10,10,612.00,"6,120.00"
2020-10-11,2020101104000297,RLI,39,44,10,612.00,"6,120.00"
2020-10-11,2020101104000296,RLI,39,14,10,612.00,"6,120.00"
2020-10-11,2020101104000295,RLI,39,14,10,612.00,"6,120.00"
2020-10-11,2020101104000294,RLI,39,41,10,612.00,"6,120.00"
2020-10-11,2020101104000307,RLI,29,46,10,612.00,"6,120.00"
2020-10-11,2020101104000306,RLI,29,29,10,612.00,"6,120.00"
2020-10-11,2020101104000304,RLI,29,14,10,612.00,"6,120.00"
2020-10-11,2020101104000303,RLI,29,29,10,612.00,"6,120.00"
2020-10-11,2020101104000302,RLI,29,57,10,612.00,"6,120.00"
2020-10-11,2020101104000301,RLI,39,29,10,612.00,"6,120.00"
2020-10-11,2020101104000313,RLI,49,14,10,613.00,"6,130.00"
2020-10-11,2020101104000312,RLI,49,42,10,613.00,"6,130.00"
2020-10-11,2020101104000311,RLI,49,14,10,613.00,"6,130.00"
2020-10-11,2020101104000310,RLI,49,14,10,613.00,"6,130.00"
2020-10-11,2020101104000309,RLI,29,29,10,612.00,"6,120.00"
2020-10-11,2020101104000308,RLI,29,58,10,612.00,"6,120.00"
2020-10-11,2020101104000319,RLI,49,14,10,613.00,"6,130.00"
2020-10-11,2020101104000318,RLI,49,29,10,613.00,"6,130.00"
2020-10-11,2020101104000317,RLI,49,41,10,613.00,"6,130.00"
2020-10-11,2020101104000316,RLI,49,29,10,613.00,"6,130.00"
2020-10-11,2020101104000315,RLI,49,51,10,613.00,"6,130.00"
2020-10-11,2020101104000314,RLI,49,42,10,613.00,"6,130.00"
2020-10-11,2020101104000325,RLI,29,20,10,612.00,"6,120.00"
2020-10-11,2020101104000324,RLI,29,1,10,612.00,"6,120.00"
2020-10-11,2020101104000323,RLI,29,29,10,612.00,"6,120.00"
2020-10-11,2020101104000322,RLI,29,14,10,612.00,"6,120.00"
2020-10-11,2020101104000321,RLI,49,29,10,613.00,"6,130.00"
2020-10-11,2020101104000320,RLI,49,10,10,613.00,"6,130.00"
2020-10-11,2020101104000331,RLI,29,6,10,612.00,"6,120.00"
2020-10-11,2020101104000330,RLI,29,7,10,612.00,"6,120.00"
2020-10-11,2020101104000329,RLI,29,29,10,612.00,"6,120.00"
2020-10-11,2020101104000328,RLI,29,14,10,612.00,"6,120.00"
2020-10-11,2020101104000327,RLI,29,49,10,612.00,"6,120.00"
2020-10-11,2020101104000326,RLI,29,29,10,612.00,"6,120.00"
2020-10-11,2020101104000337,RLI,29,35,10,612.00,"6,120.00"
2020-10-11,2020101104000336,RLI,29,10,10,612.00,"6,120.00"
2020-10-11,2020101104000335,RLI,29,47,10,612.00,"6,120.00"
2020-10-11,2020101104000334,RLI,29,35,10,612.00,"6,120.00"
2020-10-11,2020101104000333,RLI,29,35,10,612.00,"6,120.00"
2020-10-11,2020101104000332,RLI,29,51,10,612.00,"6,120.00"
2020-10-11,2020101104000344,RLI,34,58,10,613.00,"6,130.00"
2020-10-11,2020101104000343,RLI,34,42,10,613.00,"6,130.00"
2020-10-11,2020101104000342,RLI,34,14,10,613.00,"6,130.00"
2020-10-11,2020101104000341,RLI,34,14,10,613.00,"6,130.00"
2020-10-11,2020101104000340,RLI,34,20,10,613.00,"6,130.00"
2020-10-11,2020101104000338,RLI,29,49,10,612.00,"6,120.00"
2020-10-11,2020101104000350,RLI,41,46,10,614.00,"6,140.00"
2020-10-11,2020101104000349,RLI,41,43,10,614.00,"6,140.00"
2020-10-11,2020101104000348,RLI,41,46,50,614.00,"30,700.00"
2020-10-11,2020101104000347,RLI,41,28,10,614.00,"6,140.00"
2020-10-11,2020101104000346,RLI,34,3,10,613.00,"6,130.00"
2020-10-11,2020101104000345,RLI,34,3,10,613.00,"6,130.00"
2020-10-11,2020101104000356,RLI,13,19,10,614.00,"6,140.00"
2020-10-11,2020101104000355,RLI,34,14,10,613.00,"6,130.00"
2020-10-11,2020101104000354,RLI,34,7,10,613.00,"6,130.00"
2020-10-11,2020101104000353,RLI,34,56,10,613.00,"6,130.00"
2020-10-11,2020101104000352,RLI,34,10,10,613.00,"6,130.00"
2020-10-11,2020101104000351,RLI,41,1,10,614.00,"6,140.00"
2020-10-11,2020101104000364,RLI,34,14,10,613.00,"6,130.00"
2020-10-11,2020101104000361,RLI,34,45,10,613.00,"6,130.00"
2020-10-11,2020101104000360,RLI,13,41,10,614.00,"6,140.00"
2020-10-11,2020101104000359,RLI,13,14,10,613.00,"6,130.00"
2020-10-11,2020101104000358,RLI,34,14,10,613.00,"6,130.00"
2020-10-11,2020101104000357,RLI,13,34,10,614.00,"6,140.00"
2020-10-11,2020101104000371,RLI,45,32,10,614.00,"6,140.00"
2020-10-11,2020101104000370,RLI,45,45,10,614.00,"6,140.00"
2020-10-11,2020101104000369,RLI,45,10,10,614.00,"6,140.00"
2020-10-11,2020101104000368,RLI,45,32,10,614.00,"6,140.00"
2020-10-11,2020101104000367,RLI,45,10,10,614.00,"6,140.00"
2020-10-11,2020101104000365,RLI,34,14,10,613.00,"6,130.00"
2020-10-11,2020101104000378,RLI,14,55,10,615.00,"6,150.00"
2020-10-11,2020101104000377,RLI,14,57,10,615.00,"6,150.00"
2020-10-11,2020101104000376,RLI,14,57,10,615.00,"6,150.00"
2020-10-11,2020101104000375,RLI,14,42,10,614.00,"6,140.00"
2020-10-11,2020101104000374,RLI,34,37,10,613.00,"6,130.00"
2020-10-11,2020101104000373,RLI,34,29,10,613.00,"6,130.00"
2020-10-11,2020101104000386,RLI,11,32,10,613.00,"6,130.00"
2020-10-11,2020101104000385,RLI,34,29,10,613.00,"6,130.00"
2020-10-11,2020101104000382,RLI,34,39,10,613.00,"6,130.00"
2020-10-11,2020101104000381,RLI,34,45,10,613.00,"6,130.00"
2020-10-11,2020101104000380,RLI,14,50,150,615.00,"92,250.00"
2020-10-11,2020101104000379,RLI,14,34,10,615.00,"6,150.00"
2020-10-11,2020101104000393,RLI,17,36,10,614.00,"6,140.00"
2020-10-11,2020101104000392,RLI,17,52,10,614.00,"6,140.00"
2020-10-11,2020101104000391,RLI,56,19,10,613.00,"6,130.00"
2020-10-11,2020101104000390,RLI,34,26,10,613.00,"6,130.00"
2020-10-11,2020101104000389,RLI,34,38,10,613.00,"6,130.00"
2020-10-11,2020101104000388,RLI,11,45,10,613.00,"6,130.00"
2020-10-11,2020101104000399,RLI,56,32,10,613.00,"6,130.00"
2020-10-11,2020101104000398,RLI,56,59,10,613.00,"6,130.00"
2020-10-11,2020101104000397,RLI,56,38,10,613.00,"6,130.00"
2020-10-11,2020101104000396,RLI,56,59,10,613.00,"6,130.00"
2020-10-11,2020101104000395,RLI,56,29,10,613.00,"6,130.00"
2020-10-11,2020101104000394,RLI,56,32,10,613.00,"6,130.00"
2020-10-11,2020101104000407,RLI,29,32,10,612.00,"6,120.00"
2020-10-11,2020101104000406,RLI,11,52,10,613.00,"6,130.00"
2020-10-11,2020101104000404,RLI,11,10,10,613.00,"6,130.00"
2020-10-11,2020101104000403,RLI,56,56,10,613.00,"6,130.00"
2020-10-11,2020101104000401,RLI,56,53,10,613.00,"6,130.00"
2020-10-11,2020101104000400,RLI,56,45,10,613.00,"6,130.00"
