Date,Transact. No.,Symbol,Buyer,Seller,Quantity,Rate,Amount
2019-12-31,2019123101006441,ADBL,5,14,10,366.00,"3,660.00"
2019-12-31,2019123101006428,ADBL,5,29,853,365.00,"311,345.00"
2019-12-31,2019123101006422,ADBL,5,39,187,364.00,"68,068.00"
2019-12-31,2019123101006421,ADBL,5,34,330,364.00,"120,120.00"
2019-12-31,2019123101006296,ADBL,33,34,200,364.00,"72,800.00"
2019-12-31,2019123101006239,ADBL,26,21,180,361.00,"64,980.00"
2019-12-31,2019123101006127,ADBL,19,21,100,361.00,"36,100.00"
2019-12-31,2019123101006126,ADBL,11,21,30,362.00,"10,860.00"
2019-12-31,2019123101006173,ADBL,19,21,50,361.00,"18,050.00"
2019-12-31,2019123101006132,ADBL,7,21,50,361.00,"18,050.00"
2019-12-31,2019123101006131,ADBL,7,21,280,361.00,"101,080.00"
2019-12-31,2019123101006130,ADBL,34,21,10,361.00,"3,610.00"
2019-12-31,2019123101006129,ADBL,25,21,100,361.00,"36,100.00"
2019-12-31,2019123101006128,ADBL,45,21,200,361.00,"72,200.00"
2019-12-31,2019123101006526,AHPC,43,51,10,91.00,910.00
2019-12-31,2019123101006504,AHPC,43,45,10,90.00,900.00
2019-12-31,2019123101006375,AHPC,28,26,380,89.00,"33,820.00"
2019-12-31,2019123101006374,AHPC,25,26,50,89.00,"4,450.00"
2019-12-31,2019123101006373,AHPC,36,26,500,89.00,"44,500.00"
2019-12-31,2019123101006372,AHPC,59,26,70,89.00,"6,230.00"
2019-12-31,2019123101006116,AKPL,41,41,"3,000",109.00,"327,000.00"
2019-12-31,2019123101006055,AKPL,41,41,"3,000",109.00,"327,000.00"
2019-12-31,2019123101006098,ALBSL,5,37,180,482.00,"86,760.00"
2019-12-31,2019123101006356,ALICL,22,14,200,378.00,"75,600.00"
2019-12-31,2019123101006122,ALICL,38,26,300,379.00,"113,700.00"
2019-12-31,2019123101006077,ALICL,33,3,57,376.00,"21,432.00"
2019-12-31,2019123101006420,API,25,51,15,110.00,"1,650.00"
2019-12-31,2019123101006419,API,25,45,310,109.00,"33,790.00"
2019-12-31,2019123101006353,API,47,51,100,108.00,"10,800.00"
2019-12-31,2019123101006352,API,47,25,200,108.00,"21,600.00"
2019-12-31,2019123101006351,API,47,55,750,108.00,"81,000.00"
2019-12-31,2019123101006106,BARUN,29,17,50,84.00,"4,200.00"
2019-12-31,2019123101006442,BBC,40,28,20,"1,824.00","36,480.00"
2019-12-31,2019123101006465,BOKL,42,49,10,215.00,"2,150.00"
2019-12-31,2019123101006244,BPCL,33,16,10,303.00,"3,030.00"
2019-12-31,2019123101006385,CBBL,4,37,495,792.00,"392,040.00"
2019-12-31,2019123101006384,CBBL,56,37,100,793.00,"79,300.00"
2019-12-31,2019123101006383,CBBL,59,37,30,794.00,"23,820.00"
2019-12-31,2019123101006115,CBBL,43,37,100,795.00,"79,500.00"
2019-12-31,2019123101006114,CBBL,13,37,25,796.00,"19,900.00"
2019-12-31,2019123101006113,CBBL,54,37,50,796.00,"39,800.00"
2019-12-31,2019123101006436,CBL,43,52,10,136.00,"1,360.00"
2019-12-31,2019123101006416,CBL,17,44,140,134.00,"18,760.00"
2019-12-31,2019123101006415,CBL,1,44,10,135.00,"1,350.00"
2019-12-31,2019123101006104,CBL,54,59,"1,000",135.00,"135,000.00"
2019-12-31,2019123101006339,CCBL,16,26,300,163.00,"48,900.00"
2019-12-31,2019123101006310,CCBL,4,44,600,163.00,"97,800.00"
2019-12-31,2019123101006309,CCBL,41,44,456,163.00,"74,328.00"
2019-12-31,2019123101006266,CCBL,41,45,544,163.00,"88,672.00"
2019-12-31,2019123101006170,CCBL,8,45,199,163.00,"32,437.00"
2019-12-31,2019123101006302,CFCL,32,25,50,118.00,"5,900.00"
2019-12-31,2019123101006169,CFCL,43,41,10,118.00,"1,180.00"
2019-12-31,2019123101006480,CIT,56,46,16,"2,095.00","33,520.00"
2019-12-31,2019123101006479,CIT,56,28,44,"2,090.00","91,960.00"
2019-12-31,2019123101006387,CIT,14,28,80,"2,085.00","166,800.00"
2019-12-31,2019123101006386,CIT,34,28,25,"2,085.00","52,125.00"
2019-12-31,2019123101006354,CIT,45,11,50,"2,086.00","104,300.00"
2019-12-31,2019123101006295,CIT,56,46,20,"2,095.00","41,900.00"
2019-12-31,2019123101006242,CIT,57,14,30,"2,090.00","62,700.00"
2019-12-31,2019123101006168,CIT,51,14,20,"2,090.00","41,800.00"
2019-12-31,2019123101006164,CIT,51,32,40,"2,090.00","83,600.00"
2019-12-31,2019123101006157,CIT,51,45,40,"2,090.00","83,600.00"
2019-12-31,2019123101006156,CIT,45,45,50,"2,091.00","104,550.00"
2019-12-31,2019123101006155,CIT,6,45,10,"2,092.00","20,920.00"
2019-12-31,2019123101006482,CLBSL,26,6,10,583.00,"5,830.00"
2019-12-31,2019123101006196,CLBSL,16,52,50,573.00,"28,650.00"
2019-12-31,2019123101006195,CLBSL,16,50,20,572.00,"11,440.00"
2019-12-31,2019123101006171,CLBSL,26,6,10,572.00,"5,720.00"
2019-12-31,2019123101006505,CZBIL,8,8,600,181.00,"108,600.00"
2019-12-31,2019123101006367,CZBIL,32,59,163,181.00,"29,503.00"
2019-12-31,2019123101006225,CZBIL,56,29,80,180.00,"14,400.00"
2019-12-31,2019123101006224,CZBIL,41,29,100,180.00,"18,000.00"
2019-12-31,2019123101006223,CZBIL,47,29,200,180.00,"36,000.00"
2019-12-31,2019123101006222,CZBIL,35,29,19,180.00,"3,420.00"
2019-12-31,2019123101006161,CZBIL,40,36,38,180.00,"6,840.00"
2019-12-31,2019123101006160,CZBIL,47,36,500,180.00,"90,000.00"
2019-12-31,2019123101006159,CZBIL,37,36,20,180.00,"3,600.00"
2019-12-31,2019123101006158,CZBIL,13,36,60,180.00,"10,800.00"
2019-12-31,2019123101006179,CZBIL,39,29,100,180.00,"18,000.00"
2019-12-31,2019123101006178,CZBIL,32,29,100,180.00,"18,000.00"
2019-12-31,2019123101006177,CZBIL,50,29,556,180.00,"100,080.00"
2019-12-31,2019123101006176,CZBIL,41,29,50,180.00,"9,000.00"
2019-12-31,2019123101006175,CZBIL,41,29,300,180.00,"54,000.00"
2019-12-31,2019123101006174,CZBIL,40,29,12,180.00,"2,160.00"
2019-12-31,2019123101006185,CZBIL,1,29,500,180.00,"90,000.00"
2019-12-31,2019123101006184,CZBIL,1,29,100,180.00,"18,000.00"
2019-12-31,2019123101006183,CZBIL,34,29,200,180.00,"36,000.00"
2019-12-31,2019123101006182,CZBIL,42,29,50,180.00,"9,000.00"
2019-12-31,2019123101006181,CZBIL,34,29,300,180.00,"54,000.00"
2019-12-31,2019123101006180,CZBIL,14,29,200,180.00,"36,000.00"
2019-12-31,2019123101006221,CZBIL,45,29,300,180.00,"54,000.00"
2019-12-31,2019123101006220,CZBIL,28,29,150,180.00,"27,000.00"
2019-12-31,2019123101006219,CZBIL,7,29,18,180.00,"3,240.00"
2019-12-31,2019123101006188,CZBIL,7,29,382,180.00,"68,760.00"
2019-12-31,2019123101006187,CZBIL,55,29,50,180.00,"9,000.00"
2019-12-31,2019123101006186,CZBIL,14,29,100,180.00,"18,000.00"
2019-12-31,2019123101006495,DDBL,37,28,100,869.00,"86,900.00"
2019-12-31,2019123101006469,DDBL,37,39,90,868.00,"78,120.00"
2019-12-31,2019123101006496,EBL,40,29,200,525.00,"105,000.00"
2019-12-31,2019123101006439,EBL,7,57,21,521.00,"10,941.00"
2019-12-31,2019123101006329,EBL,40,57,100,525.00,"52,500.00"
2019-12-31,2019123101006277,EBL,51,47,28,520.00,"14,560.00"
2019-12-31,2019123101006103,EBL,11,57,50,525.00,"26,250.00"
2019-12-31,2019123101006270,EBL,29,47,100,523.00,"52,300.00"
2019-12-31,2019123101006269,EBL,26,47,296,523.00,"154,808.00"
2019-12-31,2019123101006268,EBL,40,47,180,524.00,"94,320.00"
2019-12-31,2019123101006259,EBL,40,57,134,525.00,"70,350.00"
2019-12-31,2019123101006206,EBL,29,57,100,525.00,"52,500.00"
2019-12-31,2019123101006135,EBL,40,19,20,524.00,"10,480.00"
2019-12-31,2019123101006276,EBL,59,47,50,520.00,"26,000.00"
2019-12-31,2019123101006275,EBL,45,47,30,521.00,"15,630.00"
2019-12-31,2019123101006274,EBL,35,47,500,521.00,"260,500.00"
2019-12-31,2019123101006273,EBL,32,47,20,522.00,"10,440.00"
2019-12-31,2019123101006272,EBL,55,47,100,522.00,"52,200.00"
2019-12-31,2019123101006271,EBL,38,47,40,522.00,"20,880.00"
2019-12-31,2019123101006477,EIC,8,17,10,273.00,"2,730.00"
2019-12-31,2019123101006476,EIC,8,17,10,272.00,"2,720.00"
2019-12-31,2019123101006143,EIC,11,36,90,268.00,"24,120.00"
2019-12-31,2019123101006142,EIC,17,36,100,268.00,"26,800.00"
2019-12-31,2019123101006141,EIC,17,36,30,268.00,"8,040.00"
2019-12-31,2019123101006140,EIC,34,36,160,268.00,"42,880.00"
2019-12-31,2019123101006139,EIC,57,36,500,269.00,"134,500.00"
2019-12-31,2019123101006213,FOWAD,36,6,10,"1,080.00","10,800.00"
2019-12-31,2019123101006424,GBBL,17,14,200,202.00,"40,400.00"
2019-12-31,2019123101006392,GBBL,17,14,169,202.00,"34,138.00"
2019-12-31,2019123101006311,GFCL,32,56,352,138.00,"48,576.00"
2019-12-31,2019123101006201,GFCL,11,17,100,138.00,"13,800.00"
2019-12-31,2019123101006200,GFCL,11,43,16,138.00,"2,208.00"
2019-12-31,2019123101006409,GGBSL,42,39,10,595.00,"5,950.00"
2019-12-31,2019123101006381,GGBSL,45,39,10,601.00,"6,010.00"
2019-12-31,2019123101006368,GGBSL,45,39,10,601.00,"6,010.00"
2019-12-31,2019123101006362,GGBSL,45,39,10,601.00,"6,010.00"
2019-12-31,2019123101006133,GGBSL,11,17,10,601.00,"6,010.00"
2019-12-31,2019123101006342,GGBSL,45,39,10,601.00,"6,010.00"
2019-12-31,2019123101006334,GGBSL,11,39,10,601.00,"6,010.00"
2019-12-31,2019123101006300,GGBSL,11,39,10,601.00,"6,010.00"
2019-12-31,2019123101006280,GGBSL,11,39,10,601.00,"6,010.00"
2019-12-31,2019123101006263,GGBSL,11,39,10,601.00,"6,010.00"
2019-12-31,2019123101006454,GILB,7,26,10,844.00,"8,440.00"
2019-12-31,2019123101006154,GLICL,58,58,100,466.00,"46,600.00"
2019-12-31,2019123101006147,GMFBS,16,58,10,563.00,"5,630.00"
2019-12-31,2019123101006194,GMFIL,43,26,10,122.00,"1,220.00"
2019-12-31,2019123101006364,GRDBL,52,43,10,102.00,"1,020.00"
2019-12-31,2019123101006343,GRDBL,1,43,38,103.00,"3,914.00"
2019-12-31,2019123101006506,HBL,11,6,165,507.00,"83,655.00"
2019-12-31,2019123101006305,HBL,41,6,500,506.00,"253,000.00"
2019-12-31,2019123101006064,HBL,41,45,500,506.00,"253,000.00"
2019-12-31,2019123101006501,HDL,38,58,10,"1,230.00","12,300.00"
2019-12-31,2019123101006478,HDL,38,40,10,"1,250.00","12,500.00"
2019-12-31,2019123101006472,HDL,38,58,290,"1,229.00","356,410.00"
2019-12-31,2019123101006212,HDL,38,58,10,"1,229.00","12,290.00"
2019-12-31,2019123101006105,HDL,54,58,150,"1,222.00","183,300.00"
2019-12-31,2019123101006378,ICFC,13,14,111,146.00,"16,206.00"
2019-12-31,2019123101006211,IGI,51,42,150,303.00,"45,450.00"
2019-12-31,2019123101006523,ILBS,33,48,50,551.00,"27,550.00"
2019-12-31,2019123101006518,ILBS,33,57,10,551.00,"5,510.00"
2019-12-31,2019123101006517,ILBS,33,17,200,550.00,"110,000.00"
2019-12-31,2019123101006516,ILBS,33,38,100,550.00,"55,000.00"
2019-12-31,2019123101006515,ILBS,33,52,30,550.00,"16,500.00"
2019-12-31,2019123101006514,ILBS,33,52,20,550.00,"11,000.00"
2019-12-31,2019123101006312,ILBS,33,13,79,534.00,"42,186.00"
2019-12-31,2019123101006227,ILBS,33,13,10,534.00,"5,340.00"
2019-12-31,2019123101006318,ILBS,33,20,120,539.00,"64,680.00"
2019-12-31,2019123101006317,ILBS,33,57,105,538.00,"56,490.00"
2019-12-31,2019123101006316,ILBS,33,21,20,538.00,"10,760.00"
2019-12-31,2019123101006315,ILBS,33,58,10,535.00,"5,350.00"
2019-12-31,2019123101006314,ILBS,33,17,100,534.00,"53,400.00"
2019-12-31,2019123101006313,ILBS,33,38,300,534.00,"160,200.00"
2019-12-31,2019123101006484,ILBS,33,38,10,532.00,"5,320.00"
2019-12-31,2019123101006366,ILBS,33,39,26,542.00,"14,092.00"
2019-12-31,2019123101006365,ILBS,33,50,100,542.00,"54,200.00"
2019-12-31,2019123101006321,ILBS,33,38,10,542.00,"5,420.00"
2019-12-31,2019123101006320,ILBS,33,38,10,542.00,"5,420.00"
2019-12-31,2019123101006319,ILBS,33,57,120,539.00,"64,680.00"
2019-12-31,2019123101006513,ILBS,33,59,50,547.00,"27,350.00"
2019-12-31,2019123101006512,ILBS,33,52,50,546.00,"27,300.00"
2019-12-31,2019123101006511,ILBS,33,41,10,544.00,"5,440.00"
2019-12-31,2019123101006510,ILBS,33,52,10,544.00,"5,440.00"
2019-12-31,2019123101006493,ILBS,33,38,10,542.00,"5,420.00"
2019-12-31,2019123101006485,ILBS,33,39,100,542.00,"54,200.00"
2019-12-31,2019123101006423,JBBL,25,18,300,169.00,"50,700.00"
2019-12-31,2019123101006349,JBBL,57,18,232,169.00,"39,208.00"
2019-12-31,2019123101006348,JBBL,57,34,18,169.00,"3,042.00"
2019-12-31,2019123101006347,JBBL,57,14,250,168.00,"42,000.00"
2019-12-31,2019123101006328,JBBL,47,14,750,168.00,"126,000.00"
2019-12-31,2019123101006327,JBBL,47,52,250,168.00,"42,000.00"
2019-12-31,2019123101006232,JBBL,29,52,50,168.00,"8,400.00"
2019-12-31,2019123101006144,JBBL,47,32,400,168.00,"67,200.00"
2019-12-31,2019123101006119,JBBL,51,32,100,168.00,"16,800.00"
2019-12-31,2019123101006118,JBBL,6,32,100,168.00,"16,800.00"
2019-12-31,2019123101006065,JBBL,45,32,100,168.00,"16,800.00"
2019-12-31,2019123101006053,JBBL,29,32,300,168.00,"50,400.00"
2019-12-31,2019123101006096,JOSHI,57,16,80,61.00,"4,880.00"
2019-12-31,2019123101006057,JSLBB,58,3,13,"1,185.00","15,405.00"
2019-12-31,2019123101006438,KADBL,4,17,10,214.00,"2,140.00"
2019-12-31,2019123101006437,KADBL,4,21,100,213.00,"21,300.00"
2019-12-31,2019123101006521,KBL,38,43,200,177.00,"35,400.00"
2019-12-31,2019123101006503,KBL,25,43,10,177.00,"1,770.00"
2019-12-31,2019123101006198,KBL,40,21,50,176.00,"8,800.00"
2019-12-31,2019123101006197,KBL,13,21,689,176.00,"121,264.00"
2019-12-31,2019123101006199,KBL,13,21,261,176.00,"45,936.00"
2019-12-31,2019123101006431,KSBBL,21,29,56,134.00,"7,504.00"
2019-12-31,2019123101006152,KSBBL,1,29,500,134.00,"67,000.00"
2019-12-31,2019123101006151,KSBBL,21,29,500,134.00,"67,000.00"
2019-12-31,2019123101006150,KSBBL,57,29,500,134.00,"67,000.00"
2019-12-31,2019123101006149,KSBBL,6,29,100,134.00,"13,400.00"
2019-12-31,2019123101006148,KSBBL,38,29,"1,344",134.00,"180,096.00"
2019-12-31,2019123101006489,LGIL,5,55,10,337.00,"3,370.00"
2019-12-31,2019123101006430,LGIL,48,29,73,334.00,"24,382.00"
2019-12-31,2019123101006429,LGIL,43,29,20,334.00,"6,680.00"
2019-12-31,2019123101006293,LGIL,5,55,10,337.00,"3,370.00"
2019-12-31,2019123101006240,LICN,5,53,50,"1,105.00","55,250.00"
2019-12-31,2019123101006520,MEGA,49,6,100,184.00,"18,400.00"
2019-12-31,2019123101006331,MEGA,43,6,10,184.00,"1,840.00"
2019-12-31,2019123101006530,MERO,13,56,170,450.00,"76,500.00"
2019-12-31,2019123101006529,MERO,13,21,100,450.00,"45,000.00"
2019-12-31,2019123101006528,MERO,13,16,30,450.00,"13,500.00"
2019-12-31,2019123101006097,MERO,45,52,90,449.00,"40,410.00"
2019-12-31,2019123101006525,NABIL,38,50,15,681.00,"10,215.00"
2019-12-31,2019123101006524,NABIL,38,50,35,681.00,"23,835.00"
2019-12-31,2019123101006448,NABIL,42,53,50,682.00,"34,100.00"
2019-12-31,2019123101006376,NABIL,48,53,600,681.00,"408,600.00"
2019-12-31,2019123101006301,NABIL,42,53,50,682.00,"34,100.00"
2019-12-31,2019123101006217,NABIL,39,53,35,682.00,"23,870.00"
2019-12-31,2019123101006215,NABIL,40,53,190,682.00,"129,580.00"
2019-12-31,2019123101006214,NABIL,40,57,10,682.00,"6,820.00"
2019-12-31,2019123101006099,NABIL,1,57,100,682.00,"68,200.00"
2019-12-31,2019123101006426,NADEP,16,48,100,476.00,"47,600.00"
2019-12-31,2019123101006408,NBB,34,22,400,185.00,"74,000.00"
2019-12-31,2019123101006407,NBB,14,22,200,185.00,"37,000.00"
2019-12-31,2019123101006406,NBB,6,22,540,185.00,"99,900.00"
2019-12-31,2019123101006405,NBB,49,22,165,185.00,"30,525.00"
2019-12-31,2019123101006404,NBB,14,22,42,185.00,"7,770.00"
2019-12-31,2019123101006403,NBB,49,22,100,185.00,"18,500.00"
2019-12-31,2019123101006306,NBL,43,57,10,265.00,"2,650.00"
2019-12-31,2019123101006257,NBL,33,25,"1,990",263.00,"523,370.00"
2019-12-31,2019123101006256,NBL,32,25,10,264.00,"2,640.00"
2019-12-31,2019123101006192,NBL,32,1,747,264.00,"197,208.00"
2019-12-31,2019123101006191,NBL,32,45,600,264.00,"158,400.00"
2019-12-31,2019123101006291,NCCB,32,51,"2,802",201.00,"563,202.00"
2019-12-31,2019123101006290,NCCB,48,51,500,201.00,"100,500.00"
2019-12-31,2019123101006289,NCCB,45,51,68,201.00,"13,668.00"
2019-12-31,2019123101006288,NCCB,35,51,"1,000",202.00,"202,000.00"
2019-12-31,2019123101006287,NCCB,49,51,630,202.00,"127,260.00"
2019-12-31,2019123101006252,NCCB,49,4,370,202.00,"74,740.00"
2019-12-31,2019123101006251,NCCB,32,4,100,202.00,"20,200.00"
2019-12-31,2019123101006250,NCCB,32,4,30,202.00,"6,060.00"
2019-12-31,2019123101006249,NCCB,34,4,50,202.00,"10,100.00"
2019-12-31,2019123101006248,NCCB,50,4,150,202.00,"30,300.00"
2019-12-31,2019123101006207,NCCB,42,51,50,203.00,"10,150.00"
2019-12-31,2019123101006453,NIB,45,58,100,400.00,"40,000.00"
2019-12-31,2019123101006452,NIB,45,56,928,400.00,"371,200.00"
2019-12-31,2019123101006451,NIB,45,51,940,400.00,"376,000.00"
2019-12-31,2019123101006450,NIB,45,22,82,400.00,"32,800.00"
2019-12-31,2019123101006449,NIB,45,45,30,399.00,"11,970.00"
2019-12-31,2019123101006121,NIB,58,22,34,400.00,"13,600.00"
2019-12-31,2019123101006120,NIB,58,6,366,399.00,"146,034.00"
2019-12-31,2019123101006056,NIB,52,6,300,399.00,"119,700.00"
2019-12-31,2019123101006299,NICA,17,4,35,408.00,"14,280.00"
2019-12-31,2019123101006298,NICA,39,4,15,409.00,"6,135.00"
2019-12-31,2019123101006297,NICA,37,4,50,409.00,"20,450.00"
2019-12-31,2019123101006088,NICA,17,29,90,409.00,"36,810.00"
2019-12-31,2019123101006087,NICA,17,4,925,409.00,"378,325.00"
2019-12-31,2019123101006086,NICA,17,36,726,409.00,"296,934.00"
2019-12-31,2019123101006473,NICL,49,51,50,304.00,"15,200.00"
2019-12-31,2019123101006471,NICL,49,29,"1,100",306.00,"336,600.00"
2019-12-31,2019123101006470,NICL,49,33,304,306.00,"93,024.00"
2019-12-31,2019123101006047,NICL,49,36,45,305.00,"13,725.00"
2019-12-31,2019123101006046,NICL,49,26,825,304.00,"250,800.00"
2019-12-31,2019123101006039,NICL,44,29,300,303.00,"90,900.00"
2019-12-31,2019123101006369,NICL,43,33,10,306.00,"3,060.00"
2019-12-31,2019123101006049,NICL,49,6,498,305.00,"151,890.00"
2019-12-31,2019123101006048,NICL,49,6,470,305.00,"143,350.00"
2019-12-31,2019123101006498,NLBBL,16,38,205,478.00,"97,990.00"
2019-12-31,2019123101006497,NLBBL,38,38,100,479.00,"47,900.00"
2019-12-31,2019123101006134,NLBBL,5,50,50,484.00,"24,200.00"
2019-12-31,2019123101006531,NLIC,33,38,50,974.00,"48,700.00"
2019-12-31,2019123101006435,NLIC,50,34,50,973.00,"48,650.00"
2019-12-31,2019123101006391,NLIC,33,38,250,971.00,"242,750.00"
2019-12-31,2019123101006390,NLIC,34,38,100,971.00,"97,100.00"
2019-12-31,2019123101006389,NLIC,3,38,100,972.00,"97,200.00"
2019-12-31,2019123101006388,NLIC,45,38,50,972.00,"48,600.00"
2019-12-31,2019123101006165,NLIC,50,58,235,970.00,"227,950.00"
2019-12-31,2019123101006146,NLIC,38,6,46,972.00,"44,712.00"
2019-12-31,2019123101006145,NLIC,38,44,100,972.00,"97,200.00"
2019-12-31,2019123101006117,NLIC,50,39,135,970.00,"130,950.00"
2019-12-31,2019123101006066,NLIC,50,41,100,970.00,"97,000.00"
2019-12-31,2019123101006043,NLIC,50,8,22,970.00,"21,340.00"
2019-12-31,2019123101006322,NLIC,10,36,50,971.00,"48,550.00"
2019-12-31,2019123101006279,NLIC,10,38,50,971.00,"48,550.00"
2019-12-31,2019123101006278,NLIC,50,38,50,971.00,"48,550.00"
2019-12-31,2019123101006255,NLIC,55,25,13,970.00,"12,610.00"
2019-12-31,2019123101006216,NLIC,55,45,100,970.00,"97,000.00"
2019-12-31,2019123101006166,NLIC,55,58,265,970.00,"257,050.00"
2019-12-31,2019123101006371,NLIC,45,38,50,972.00,"48,600.00"
2019-12-31,2019123101006370,NLIC,45,38,50,972.00,"48,600.00"
2019-12-31,2019123101006326,NLIC,49,36,98,970.00,"95,060.00"
2019-12-31,2019123101006325,NLIC,35,36,30,970.00,"29,100.00"
2019-12-31,2019123101006324,NLIC,46,36,100,970.00,"97,000.00"
2019-12-31,2019123101006323,NLIC,55,36,22,970.00,"21,340.00"
2019-12-31,2019123101006102,NLICL,25,44,180,499.00,"89,820.00"
2019-12-31,2019123101006101,NLICL,25,36,20,498.00,"9,960.00"
2019-12-31,2019123101006093,NLICL,25,49,200,494.00,"98,800.00"
2019-12-31,2019123101006092,NLICL,25,44,100,490.00,"49,000.00"
2019-12-31,2019123101006091,NLICL,25,44,100,490.00,"49,000.00"
2019-12-31,2019123101006090,NLICL,25,39,400,490.00,"196,000.00"
2019-12-31,2019123101006078,NLICL,38,39,50,488.00,"24,400.00"
2019-12-31,2019123101006474,NMB,25,34,14,324.00,"4,536.00"
2019-12-31,2019123101006243,NMB,43,46,12,323.00,"3,876.00"
2019-12-31,2019123101006236,NMB,1,3,29,324.00,"9,396.00"
2019-12-31,2019123101006231,NMB,43,41,371,323.00,"119,833.00"
2019-12-31,2019123101006230,NMB,19,41,300,323.00,"96,900.00"
2019-12-31,2019123101006229,NMB,5,41,50,323.00,"16,150.00"
2019-12-31,2019123101006228,NMB,26,41,100,323.00,"32,300.00"
2019-12-31,2019123101006083,NMB,8,25,255,323.00,"82,365.00"
2019-12-31,2019123101006082,NMB,1,25,50,323.00,"16,150.00"
2019-12-31,2019123101006081,NMB,33,25,44,323.00,"14,212.00"
2019-12-31,2019123101006067,NMB,33,45,200,323.00,"64,600.00"
2019-12-31,2019123101006038,NMBMF,43,58,14,555.00,"7,770.00"
2019-12-31,2019123101006037,NMBMF,26,37,10,565.00,"5,650.00"
2019-12-31,2019123101006051,NNLB,13,38,142,503.00,"71,426.00"
2019-12-31,2019123101006380,NSEWA,57,58,150,500.00,"75,000.00"
2019-12-31,2019123101006258,NSEWA,49,58,100,500.00,"50,000.00"
2019-12-31,2019123101006112,NSEWA,22,58,50,496.00,"24,800.00"
2019-12-31,2019123101006111,NSEWA,14,58,100,496.00,"49,600.00"
2019-12-31,2019123101006110,NSEWA,38,58,100,496.00,"49,600.00"
2019-12-31,2019123101006109,NSEWA,16,58,50,497.00,"24,850.00"
2019-12-31,2019123101006069,NSEWA,48,42,80,510.00,"40,800.00"
2019-12-31,2019123101006075,NSEWA,11,42,50,502.00,"25,100.00"
2019-12-31,2019123101006074,NSEWA,20,42,100,502.00,"50,200.00"
2019-12-31,2019123101006073,NSEWA,16,42,30,504.00,"15,120.00"
2019-12-31,2019123101006072,NSEWA,17,42,10,505.00,"5,050.00"
2019-12-31,2019123101006071,NSEWA,17,42,10,505.00,"5,050.00"
2019-12-31,2019123101006070,NSEWA,51,42,30,506.00,"15,180.00"
2019-12-31,2019123101006108,NSEWA,38,58,50,498.00,"24,900.00"
2019-12-31,2019123101006107,NSEWA,34,58,10,499.00,"4,990.00"
2019-12-31,2019123101006095,NSEWA,45,58,40,500.00,"20,000.00"
2019-12-31,2019123101006094,NSEWA,19,58,500,500.00,"250,000.00"
2019-12-31,2019123101006089,NSEWA,19,42,95,500.00,"47,500.00"
2019-12-31,2019123101006076,NSEWA,6,42,150,502.00,"75,300.00"
2019-12-31,2019123101006226,NTC,52,53,10,623.00,"6,230.00"
2019-12-31,2019123101006125,NTC,45,53,100,623.00,"62,300.00"
2019-12-31,2019123101006203,NUBL,4,49,15,777.00,"11,655.00"
2019-12-31,2019123101006508,OHL,56,17,10,454.00,"4,540.00"
2019-12-31,2019123101006488,OHL,7,34,90,453.00,"40,770.00"
2019-12-31,2019123101006447,OHL,56,34,10,453.00,"4,530.00"
2019-12-31,2019123101006396,PCBL,48,16,153,235.00,"35,955.00"
2019-12-31,2019123101006395,PCBL,41,16,47,235.00,"11,045.00"
2019-12-31,2019123101006247,PCBL,41,39,153,235.00,"35,955.00"
2019-12-31,2019123101006246,PCBL,17,39,20,235.00,"4,700.00"
2019-12-31,2019123101006304,PFL,13,36,"1,000",130.00,"130,000.00"
2019-12-31,2019123101006238,PFL,59,45,260,129.00,"33,540.00"
2019-12-31,2019123101006237,PFL,35,45,87,129.00,"11,223.00"
2019-12-31,2019123101006357,PIC,14,49,100,412.00,"41,200.00"
2019-12-31,2019123101006338,PICL,58,25,32,437.00,"13,984.00"
2019-12-31,2019123101006172,PICL,49,25,100,435.00,"43,500.00"
2019-12-31,2019123101006487,PLIC,49,37,35,369.00,"12,915.00"
2019-12-31,2019123101006267,PLIC,49,25,10,369.00,"3,690.00"
2019-12-31,2019123101006285,PRIN,44,45,165,330.00,"54,450.00"
2019-12-31,2019123101006284,PRIN,52,45,50,330.00,"16,500.00"
2019-12-31,2019123101006283,PRIN,42,45,85,331.00,"28,135.00"
2019-12-31,2019123101006282,PRIN,34,45,100,331.00,"33,100.00"
2019-12-31,2019123101006281,PRIN,13,45,50,331.00,"16,550.00"
2019-12-31,2019123101006467,PRVU,53,38,643,223.00,"143,389.00"
2019-12-31,2019123101006466,PRVU,8,38,357,223.00,"79,611.00"
2019-12-31,2019123101006401,RBCL,33,59,10,"8,600.00","86,000.00"
2019-12-31,2019123101006414,RHPL,11,37,20,170.00,"3,400.00"
2019-12-31,2019123101006413,RHPL,11,37,10,170.00,"1,700.00"
2019-12-31,2019123101006412,RHPL,11,37,40,170.00,"6,800.00"
2019-12-31,2019123101006411,RHPL,11,37,10,170.00,"1,700.00"
2019-12-31,2019123101006410,RHPL,11,17,40,170.00,"6,800.00"
2019-12-31,2019123101006241,RHPL,11,8,40,169.00,"6,760.00"
2019-12-31,2019123101006190,RHPL,11,17,40,169.00,"6,760.00"
2019-12-31,2019123101006382,RMDC,11,16,30,532.00,"15,960.00"
2019-12-31,2019123101006218,RRHP,47,46,10,97.00,970.00
2019-12-31,2019123101006337,RSDC,36,21,954,316.00,"301,464.00"
2019-12-31,2019123101006336,RSDC,6,21,105,317.00,"33,285.00"
2019-12-31,2019123101006235,RSDC,6,39,92,317.00,"29,164.00"
2019-12-31,2019123101006234,RSDC,6,47,200,318.00,"63,600.00"
2019-12-31,2019123101006427,SABSL,32,42,90,551.00,"49,590.00"
2019-12-31,2019123101006262,SABSL,32,58,50,550.00,"27,500.00"
2019-12-31,2019123101006261,SABSL,32,21,10,550.00,"5,500.00"
2019-12-31,2019123101006522,SANIMA,50,33,300,313.00,"93,900.00"
2019-12-31,2019123101006335,SANIMA,50,33,300,313.00,"93,900.00"
2019-12-31,2019123101006050,SANIMA,1,57,58,314.00,"18,212.00"
2019-12-31,2019123101006245,SBI,36,58,146,352.00,"51,392.00"
2019-12-31,2019123101006400,SCB,34,57,330,530.00,"174,900.00"
2019-12-31,2019123101006399,SCB,51,57,100,530.00,"53,000.00"
2019-12-31,2019123101006398,SCB,5,57,25,530.00,"13,250.00"
2019-12-31,2019123101006204,SCB,11,21,75,531.00,"39,825.00"
2019-12-31,2019123101006397,SCB,34,57,225,530.00,"119,250.00"
2019-12-31,2019123101006205,SCB,34,21,59,530.00,"31,270.00"
2019-12-31,2019123101006350,SDESI,14,34,10,575.00,"5,750.00"
2019-12-31,2019123101006193,SDESI,51,34,323,579.00,"187,017.00"
2019-12-31,2019123101006509,SHINE,42,45,10,234.00,"2,340.00"
2019-12-31,2019123101006519,SHIVM,45,45,10,464.00,"4,640.00"
2019-12-31,2019123101006494,SHIVM,51,45,50,464.00,"23,200.00"
2019-12-31,2019123101006433,SHIVM,34,19,20,463.00,"9,260.00"
2019-12-31,2019123101006432,SHIVM,44,19,480,463.00,"222,240.00"
2019-12-31,2019123101006377,SHIVM,38,58,40,466.00,"18,640.00"
2019-12-31,2019123101006361,SHIVM,44,55,20,463.00,"9,260.00"
2019-12-31,2019123101006138,SHIVM,58,6,245,464.00,"113,680.00"
2019-12-31,2019123101006137,SHIVM,34,6,100,464.00,"46,400.00"
2019-12-31,2019123101006136,SHIVM,44,6,55,464.00,"25,520.00"
2019-12-31,2019123101006041,SHIVM,44,38,625,464.00,"290,000.00"
2019-12-31,2019123101006344,SHIVM,32,16,50,464.00,"23,200.00"
2019-12-31,2019123101006341,SHIVM,38,44,200,465.00,"93,000.00"
2019-12-31,2019123101006340,SHIVM,38,41,500,465.00,"232,500.00"
2019-12-31,2019123101006333,SHIVM,32,45,450,464.00,"208,800.00"
2019-12-31,2019123101006332,SHIVM,21,45,50,464.00,"23,200.00"
2019-12-31,2019123101006253,SHIVM,21,40,200,465.00,"93,000.00"
2019-12-31,2019123101006360,SHIVM,49,55,10,463.00,"4,630.00"
2019-12-31,2019123101006359,SHIVM,34,55,50,463.00,"23,150.00"
2019-12-31,2019123101006358,SHIVM,45,55,770,464.00,"357,280.00"
2019-12-31,2019123101006355,SHIVM,45,16,230,464.00,"106,720.00"
2019-12-31,2019123101006346,SHIVM,48,16,100,464.00,"46,400.00"
2019-12-31,2019123101006345,SHIVM,42,16,120,464.00,"55,680.00"
2019-12-31,2019123101006379,SHL,52,52,100,186.00,"18,600.00"
2019-12-31,2019123101006475,SICL,42,58,10,860.00,"8,600.00"
2019-12-31,2019123101006045,SIL,25,45,13,419.00,"5,447.00"
2019-12-31,2019123101006044,SIL,25,47,67,418.00,"28,006.00"
2019-12-31,2019123101006036,SIL,25,1,50,417.00,"20,850.00"
2019-12-31,2019123101006035,SIL,25,1,50,417.00,"20,850.00"
2019-12-31,2019123101006034,SIL,25,6,600,415.00,"249,000.00"
2019-12-31,2019123101006033,SIL,25,17,100,414.00,"41,400.00"
2019-12-31,2019123101006500,SINDU,25,57,100,132.00,"13,200.00"
2019-12-31,2019123101006499,SINDU,39,57,204,132.00,"26,928.00"
2019-12-31,2019123101006418,SINDU,39,57,396,132.00,"52,272.00"
2019-12-31,2019123101006417,SINDU,6,57,604,132.00,"79,728.00"
2019-12-31,2019123101006100,SINDU,6,21,100,132.00,"13,200.00"
2019-12-31,2019123101006085,SINDU,6,7,190,132.00,"25,080.00"
2019-12-31,2019123101006084,SINDU,6,52,106,132.00,"13,992.00"
2019-12-31,2019123101006068,SINDU,1,52,54,132.00,"7,128.00"
2019-12-31,2019123101006446,SJCL,51,57,340,155.00,"52,700.00"
2019-12-31,2019123101006445,SJCL,42,57,100,156.00,"15,600.00"
2019-12-31,2019123101006294,SJCL,11,57,60,156.00,"9,360.00"
2019-12-31,2019123101006260,SJCL,11,8,20,156.00,"3,120.00"
2019-12-31,2019123101006486,SKBBL,58,28,24,808.00,"19,392.00"
2019-12-31,2019123101006233,SKBBL,45,36,40,800.00,"32,000.00"
2019-12-31,2019123101006330,SLBBL,37,47,10,550.00,"5,500.00"
2019-12-31,2019123101006167,SLBBL,29,36,221,546.00,"120,666.00"
2019-12-31,2019123101006527,SLICL,42,52,20,308.00,"6,160.00"
2019-12-31,2019123101006481,SLICL,36,17,99,307.00,"30,393.00"
2019-12-31,2019123101006434,SLICL,42,52,50,308.00,"15,400.00"
2019-12-31,2019123101006210,SLICL,21,58,42,306.00,"12,852.00"
2019-12-31,2019123101006209,SLICL,45,58,40,306.00,"12,240.00"
2019-12-31,2019123101006208,SLICL,57,58,64,307.00,"19,648.00"
2019-12-31,2019123101006189,SLICL,57,58,236,307.00,"72,452.00"
2019-12-31,2019123101006124,SLICL,45,25,450,306.00,"137,700.00"
2019-12-31,2019123101006123,SLICL,57,25,50,307.00,"15,350.00"
2019-12-31,2019123101006492,SMATA,58,18,100,515.00,"51,500.00"
2019-12-31,2019123101006491,SMATA,51,18,100,515.00,"51,500.00"
2019-12-31,2019123101006490,SMATA,16,18,10,516.00,"5,160.00"
2019-12-31,2019123101006440,SMATA,16,16,10,516.00,"5,160.00"
2019-12-31,2019123101006425,SMATA,16,16,20,520.00,"10,400.00"
2019-12-31,2019123101006468,SMB,50,6,10,554.00,"5,540.00"
2019-12-31,2019123101006363,SMFBS,21,6,95,875.00,"83,125.00"
2019-12-31,2019123101006153,SMFBS,32,6,200,876.00,"175,200.00"
2019-12-31,2019123101006532,SMFDB,20,34,53,655.00,"34,715.00"
2019-12-31,2019123101006507,SMFDB,19,34,100,655.00,"65,500.00"
2019-12-31,2019123101006163,SMFDB,22,42,46,650.00,"29,900.00"
2019-12-31,2019123101006162,SMFDB,22,42,50,650.00,"32,500.00"
2019-12-31,2019123101006052,SMFDB,44,28,100,650.00,"65,000.00"
2019-12-31,2019123101006040,SMFDB,20,10,147,647.00,"95,109.00"
2019-12-31,2019123101006308,SMFDB,44,51,88,653.00,"57,464.00"
2019-12-31,2019123101006307,SMFDB,44,55,122,652.00,"79,544.00"
2019-12-31,2019123101006265,SMFDB,22,32,20,650.00,"13,000.00"
2019-12-31,2019123101006264,SMFDB,41,32,10,651.00,"6,510.00"
2019-12-31,2019123101006080,SRBL,34,45,300,215.00,"64,500.00"
2019-12-31,2019123101006079,SRBL,34,36,"1,130",215.00,"242,950.00"
2019-12-31,2019123101006502,STC,34,5,20,"1,999.00","39,980.00"
2019-12-31,2019123101006444,STC,38,45,80,"1,972.00","157,760.00"
2019-12-31,2019123101006443,STC,57,45,20,"1,975.00","39,500.00"
2019-12-31,2019123101006394,STC,47,19,49,"1,975.00","96,775.00"
2019-12-31,2019123101006393,STC,59,19,11,"1,975.00","21,725.00"
2019-12-31,2019123101006254,STC,25,50,10,"1,999.00","19,990.00"
2019-12-31,2019123101006054,STC,59,5,189,"1,975.00","373,275.00"
2019-12-31,2019123101006042,STC,39,5,50,"1,978.00","98,900.00"
2019-12-31,2019123101006483,TMDBL,4,29,20,153.00,"3,060.00"
2019-12-31,2019123101006063,TMDBL,40,29,100,150.00,"15,000.00"
2019-12-31,2019123101006062,TMDBL,39,29,"1,000",150.00,"150,000.00"
2019-12-31,2019123101006061,TMDBL,34,29,10,150.00,"1,500.00"
2019-12-31,2019123101006060,TMDBL,58,29,500,150.00,"75,000.00"
2019-12-31,2019123101006059,TMDBL,58,29,300,151.00,"45,300.00"
2019-12-31,2019123101006058,TMDBL,39,29,"1,000",152.00,"152,000.00"
2019-12-31,2019123101006464,UMHL,56,44,200,100.00,"20,000.00"
2019-12-31,2019123101006463,UMHL,40,44,100,100.00,"10,000.00"
2019-12-31,2019123101006462,UMHL,40,44,200,100.00,"20,000.00"
2019-12-31,2019123101006461,UMHL,44,44,300,100.00,"30,000.00"
2019-12-31,2019123101006460,UMHL,58,44,100,100.00,"10,000.00"
2019-12-31,2019123101006459,UMHL,37,44,100,100.00,"10,000.00"
2019-12-31,2019123101006458,UMHL,6,44,458,100.00,"45,800.00"
2019-12-31,2019123101006457,UMHL,13,44,500,101.00,"50,500.00"
2019-12-31,2019123101006456,UMHL,37,44,500,101.00,"50,500.00"
2019-12-31,2019123101006455,UMHL,53,44,446,102.00,"45,492.00"
2019-12-31,2019123101006402,UPPER,34,10,50,235.00,"11,750.00"
2019-12-31,2019123101006303,UPPER,29,47,40,233.00,"9,320.00"
2019-12-31,2019123101006292,UPPER,34,10,20,235.00,"4,700.00"
2019-12-31,2019123101006286,UPPER,29,47,40,233.00,"9,320.00"
2019-12-31,2019123101006202,UPPER,29,46,40,233.00,"9,320.00"
2019-12-31,2019123101005895,ADBL,45,39,13,365.00,"4,745.00"
2019-12-31,2019123101005894,ADBL,45,28,187,365.00,"68,255.00"
2019-12-31,2019123101005882,ADBL,21,36,50,362.00,"18,100.00"
2019-12-31,2019123101005848,ADBL,26,51,40,363.00,"14,520.00"
2019-12-31,2019123101005856,AKPL,55,41,11,108.00,"1,188.00"
2019-12-31,2019123101005855,AKPL,57,41,100,108.00,"10,800.00"
2019-12-31,2019123101005854,AKPL,19,41,200,108.00,"21,600.00"
2019-12-31,2019123101005853,AKPL,1,41,50,109.00,"5,450.00"
2019-12-31,2019123101005852,AKPL,1,41,140,109.00,"15,260.00"
2019-12-31,2019123101005851,AKPL,45,41,499,109.00,"54,391.00"
2019-12-31,2019123101005835,AKPL,45,41,501,109.00,"54,609.00"
2019-12-31,2019123101005834,AKPL,49,41,499,109.00,"54,391.00"
2019-12-31,2019123101005610,AKPL,29,48,100,110.00,"11,000.00"
2019-12-31,2019123101005609,AKPL,45,48,138,110.00,"15,180.00"
2019-12-31,2019123101005769,ALBSL,16,42,100,483.00,"48,300.00"
2019-12-31,2019123101005944,API,25,55,50,108.00,"5,400.00"
2019-12-31,2019123101005939,API,25,34,50,107.00,"5,350.00"
2019-12-31,2019123101005938,API,25,48,500,107.00,"53,500.00"
2019-12-31,2019123101005857,API,42,25,"1,000",105.00,"105,000.00"
2019-12-31,2019123101005847,API,42,25,29,105.00,"3,045.00"
2019-12-31,2019123101005846,API,16,25,"2,000",105.00,"210,000.00"
2019-12-31,2019123101005845,API,34,25,471,105.00,"49,455.00"
2019-12-31,2019123101005702,BARUN,29,17,20,83.00,"1,660.00"
2019-12-31,2019123101005640,BBC,40,45,20,"1,861.00","37,220.00"
2019-12-31,2019123101005905,BFC,44,34,"1,000",86.00,"86,000.00"
2019-12-31,2019123101005823,BNT,19,38,11,"6,050.00","66,550.00"
2019-12-31,2019123101005830,BOKL,8,57,100,214.00,"21,400.00"
2019-12-31,2019123101005748,BOKL,51,50,"1,000",214.00,"214,000.00"
2019-12-31,2019123101005538,BOKL,53,58,250,214.00,"53,500.00"
2019-12-31,2019123101005869,BPCL,51,1,31,300.00,"9,300.00"
2019-12-31,2019123101005868,BPCL,51,1,369,300.00,"110,700.00"
2019-12-31,2019123101005717,BPCL,51,14,31,300.00,"9,300.00"
2019-12-31,2019123101005716,BPCL,13,14,49,300.00,"14,700.00"
2019-12-31,2019123101005647,BPCL,13,33,11,300.00,"3,300.00"
2019-12-31,2019123101005833,CBBL,54,25,50,796.00,"39,800.00"
2019-12-31,2019123101005735,CBL,29,22,100,135.00,"13,500.00"
2019-12-31,2019123101005689,CHCL,49,48,20,360.00,"7,200.00"
2019-12-31,2019123101005634,CHCL,16,58,151,355.00,"53,605.00"
2019-12-31,2019123101005633,CHCL,40,58,49,355.00,"17,395.00"
2019-12-31,2019123101005632,CHCL,25,58,300,356.00,"106,800.00"
2019-12-31,2019123101005920,CIT,5,28,34,"2,099.00","71,366.00"
2019-12-31,2019123101005919,CIT,5,49,30,"2,099.00","62,970.00"
2019-12-31,2019123101005766,CIT,58,49,20,"2,099.00","41,980.00"
2019-12-31,2019123101005765,CIT,58,21,50,"2,098.00","104,900.00"
2019-12-31,2019123101005764,CIT,58,38,30,"2,098.00","62,940.00"
2019-12-31,2019123101005758,CIT,16,38,20,"2,098.00","41,960.00"
2019-12-31,2019123101005757,CIT,16,22,30,"2,097.00","62,910.00"
2019-12-31,2019123101005749,CIT,16,33,50,"2,095.00","104,750.00"
2019-12-31,2019123101005885,CLBSL,26,6,10,562.00,"5,620.00"
2019-12-31,2019123101005912,CZBIL,13,49,"1,000",180.00,"180,000.00"
2019-12-31,2019123101005691,CZBIL,49,59,100,181.00,"18,100.00"
2019-12-31,2019123101005690,CZBIL,29,59,240,181.00,"43,440.00"
2019-12-31,2019123101005858,DBBL,52,5,90,138.00,"12,420.00"
2019-12-31,2019123101005802,DBBL,52,33,150,138.00,"20,700.00"
2019-12-31,2019123101005770,DBBL,32,19,850,138.00,"117,300.00"
2019-12-31,2019123101005745,DBBL,52,17,858,139.00,"119,262.00"
2019-12-31,2019123101005734,DBBL,32,42,150,138.00,"20,700.00"
2019-12-31,2019123101005727,DBBL,52,17,42,139.00,"5,838.00"
2019-12-31,2019123101005656,DBBL,52,41,358,139.00,"49,762.00"
2019-12-31,2019123101005655,DBBL,52,41,42,139.00,"5,838.00"
2019-12-31,2019123101005638,DBBL,52,43,42,139.00,"5,838.00"
2019-12-31,2019123101005637,DBBL,52,46,816,139.00,"113,424.00"
2019-12-31,2019123101005636,DBBL,52,42,100,139.00,"13,900.00"
2019-12-31,2019123101005815,DDBL,36,19,100,868.00,"86,800.00"
2019-12-31,2019123101005814,DDBL,36,43,50,868.00,"43,400.00"
2019-12-31,2019123101005687,DDBL,16,43,50,868.00,"43,400.00"
2019-12-31,2019123101005550,DDBL,42,6,25,865.00,"21,625.00"
2019-12-31,2019123101005871,EBL,19,57,200,525.00,"105,000.00"
2019-12-31,2019123101005870,EBL,19,51,300,525.00,"157,500.00"
2019-12-31,2019123101005801,EBL,26,14,204,523.00,"106,692.00"
2019-12-31,2019123101005772,EBL,33,14,20,523.00,"10,460.00"
2019-12-31,2019123101005542,EBL,45,14,100,523.00,"52,300.00"
2019-12-31,2019123101006017,EIC,38,17,20,273.00,"5,460.00"
2019-12-31,2019123101005795,EIC,34,17,10,270.00,"2,700.00"
2019-12-31,2019123101005794,EIC,17,17,190,270.00,"51,300.00"
2019-12-31,2019123101005793,EIC,48,17,500,270.00,"135,000.00"
2019-12-31,2019123101005792,EIC,44,17,700,271.00,"189,700.00"
2019-12-31,2019123101005791,EIC,6,17,450,272.00,"122,400.00"
2019-12-31,2019123101005761,EIC,6,6,50,272.00,"13,600.00"
2019-12-31,2019123101005760,EIC,44,6,500,272.00,"136,000.00"
2019-12-31,2019123101005759,EIC,39,6,100,272.00,"27,200.00"
2019-12-31,2019123101005752,EIC,1,6,50,273.00,"13,650.00"
2019-12-31,2019123101005756,FMDBL,10,46,75,320.00,"24,000.00"
2019-12-31,2019123101005755,FMDBL,14,46,25,320.00,"8,000.00"
2019-12-31,2019123101005785,FOWAD,18,6,100,"1,078.00","107,800.00"
2019-12-31,2019123101005784,FOWAD,18,28,100,"1,077.00","107,700.00"
2019-12-31,2019123101005746,FOWAD,19,45,55,"1,071.00","58,905.00"
2019-12-31,2019123101005700,FOWAD,19,45,40,"1,071.00","42,840.00"
2019-12-31,2019123101005699,FOWAD,26,45,20,"1,072.00","21,440.00"
2019-12-31,2019123101005698,FOWAD,36,45,20,"1,075.00","21,500.00"
2019-12-31,2019123101005697,FOWAD,35,45,20,"1,075.00","21,500.00"
2019-12-31,2019123101005825,GBBL,13,14,23,202.00,"4,646.00"
2019-12-31,2019123101005824,GBBL,13,16,77,202.00,"15,554.00"
2019-12-31,2019123101005937,GBLBS,34,37,10,319.00,"3,190.00"
2019-12-31,2019123101005768,GBLBS,36,59,"1,503",314.00,"471,942.00"
2019-12-31,2019123101005767,GBLBS,14,59,385,314.00,"120,890.00"
2019-12-31,2019123101005535,GBLBS,14,20,15,314.00,"4,710.00"
2019-12-31,2019123101005732,GFCL,13,43,100,138.00,"13,800.00"
2019-12-31,2019123101005715,GFCL,26,43,81,138.00,"11,178.00"
2019-12-31,2019123101005701,GFCL,26,53,197,138.00,"27,186.00"
2019-12-31,2019123101005684,GFCL,26,36,82,137.00,"11,234.00"
2019-12-31,2019123101005671,GFCL,44,36,574,137.00,"78,638.00"
2019-12-31,2019123101005612,GILB,34,58,10,835.00,"8,350.00"
2019-12-31,2019123101005934,GMFBS,16,33,30,563.00,"16,890.00"
2019-12-31,2019123101005933,GMFBS,28,33,90,563.00,"50,670.00"
2019-12-31,2019123101005601,GUFL,10,41,60,112.00,"6,720.00"
2019-12-31,2019123101005600,GUFL,10,45,22,111.00,"2,442.00"
2019-12-31,2019123101006027,HDL,45,53,100,"1,220.00","122,000.00"
2019-12-31,2019123101006026,HDL,54,53,200,"1,220.00","244,000.00"
2019-12-31,2019123101006025,HDL,56,53,100,"1,220.00","122,000.00"
2019-12-31,2019123101006024,HDL,54,53,200,"1,220.00","244,000.00"
2019-12-31,2019123101006023,HDL,34,53,10,"1,220.00","12,200.00"
2019-12-31,2019123101006022,HDL,56,53,200,"1,221.00","244,200.00"
2019-12-31,2019123101006006,HDL,11,53,20,"1,227.00","24,540.00"
2019-12-31,2019123101006005,HDL,45,53,20,"1,227.00","24,540.00"
2019-12-31,2019123101006004,HDL,45,53,100,"1,228.00","122,800.00"
2019-12-31,2019123101006003,HDL,52,53,50,"1,229.00","61,450.00"
2019-12-31,2019123101005904,HDL,14,58,260,"1,230.00","319,800.00"
2019-12-31,2019123101005541,HDL,13,6,15,"1,227.00","18,405.00"
2019-12-31,2019123101006012,HDL,56,53,50,"1,225.00","61,250.00"
2019-12-31,2019123101006011,HDL,22,53,100,"1,225.00","122,500.00"
2019-12-31,2019123101006010,HDL,57,53,50,"1,226.00","61,300.00"
2019-12-31,2019123101006009,HDL,38,53,100,"1,226.00","122,600.00"
2019-12-31,2019123101006008,HDL,32,53,57,"1,226.00","69,882.00"
2019-12-31,2019123101006007,HDL,47,53,20,"1,227.00","24,540.00"
2019-12-31,2019123101006021,HDL,45,53,200,"1,221.00","244,200.00"
2019-12-31,2019123101006020,HDL,28,53,300,"1,222.00","366,600.00"
2019-12-31,2019123101006019,HDL,45,53,30,"1,223.00","36,690.00"
2019-12-31,2019123101006018,HDL,14,53,100,"1,223.00","122,300.00"
2019-12-31,2019123101006014,HDL,37,53,100,"1,225.00","122,500.00"
2019-12-31,2019123101006013,HDL,42,53,25,"1,225.00","30,625.00"
2019-12-31,2019123101005980,HIDCL,49,29,105,144.00,"15,120.00"
2019-12-31,2019123101005899,HIDCL,58,29,100,144.00,"14,400.00"
2019-12-31,2019123101005561,HIDCL,22,33,35,143.00,"5,005.00"
2019-12-31,2019123101005556,HIDCL,22,6,61,143.00,"8,723.00"
2019-12-31,2019123101005533,HIDCL,57,57,1,143.00,143.00
2019-12-31,2019123101005731,ILBS,33,39,470,524.00,"246,280.00"
2019-12-31,2019123101005730,ILBS,52,39,10,524.00,"5,240.00"
2019-12-31,2019123101005729,ILBS,32,39,20,525.00,"10,500.00"
2019-12-31,2019123101005652,ILBS,32,39,60,525.00,"31,500.00"
2019-12-31,2019123101005651,ILBS,33,39,250,526.00,"131,500.00"
2019-12-31,2019123101005650,ILBS,42,39,40,527.00,"21,080.00"
2019-12-31,2019123101005649,ILBS,58,39,290,528.00,"153,120.00"
2019-12-31,2019123101005648,ILBS,29,39,100,529.00,"52,900.00"
2019-12-31,2019123101005540,ILBS,54,20,10,529.00,"5,290.00"
2019-12-31,2019123101005929,JBBL,57,34,"2,000",168.00,"336,000.00"
2019-12-31,2019123101005928,JBBL,57,32,100,168.00,"16,800.00"
2019-12-31,2019123101005927,JBBL,57,46,450,168.00,"75,600.00"
2019-12-31,2019123101005897,JBBL,45,34,59,167.00,"9,853.00"
2019-12-31,2019123101005896,JBBL,37,34,50,167.00,"8,350.00"
2019-12-31,2019123101005771,JBBL,33,46,500,168.00,"84,000.00"
2019-12-31,2019123101005708,JBBL,49,34,"3,000",167.00,"501,000.00"
2019-12-31,2019123101005707,JBBL,49,32,400,167.00,"66,800.00"
2019-12-31,2019123101005614,JBBL,5,32,100,167.00,"16,700.00"
2019-12-31,2019123101005674,JFL,58,47,100,162.00,"16,200.00"
2019-12-31,2019123101005667,JFL,45,47,100,162.00,"16,200.00"
2019-12-31,2019123101005998,KBL,13,43,500,177.00,"88,500.00"
2019-12-31,2019123101005997,KBL,13,59,"1,520",177.00,"269,040.00"
2019-12-31,2019123101005907,KBL,32,59,130,177.00,"23,010.00"
2019-12-31,2019123101005906,KBL,32,33,370,177.00,"65,490.00"
2019-12-31,2019123101005805,KBL,45,33,130,177.00,"23,010.00"
2019-12-31,2019123101005744,KBL,45,43,20,177.00,"3,540.00"
2019-12-31,2019123101005743,KBL,26,43,280,177.00,"49,560.00"
2019-12-31,2019123101005563,KPCL,3,6,10,82.00,820.00
2019-12-31,2019123101005543,KPCL,3,20,10,82.00,820.00
2019-12-31,2019123101005551,KSBBL,38,59,547,134.00,"73,298.00"
2019-12-31,2019123101005722,LBBL,45,1,866,193.00,"167,138.00"
2019-12-31,2019123101005721,LBBL,45,44,"1,965",193.00,"379,245.00"
2019-12-31,2019123101005829,LBL,37,47,300,190.00,"57,000.00"
2019-12-31,2019123101005828,LBL,37,22,200,190.00,"38,000.00"
2019-12-31,2019123101005999,LICN,48,53,20,"1,105.00","22,100.00"
2019-12-31,2019123101005951,LICN,38,53,70,"1,105.00","77,350.00"
2019-12-31,2019123101005918,LICN,38,8,80,"1,105.00","88,400.00"
2019-12-31,2019123101005916,LICN,48,8,70,"1,105.00","77,350.00"
2019-12-31,2019123101005874,LICN,25,54,13,"1,106.00","14,378.00"
2019-12-31,2019123101005861,LICN,5,39,80,"1,105.00","88,400.00"
2019-12-31,2019123101005710,LICN,25,39,20,"1,105.00","22,100.00"
2019-12-31,2019123101005696,LICN,25,16,25,"1,104.00","27,600.00"
2019-12-31,2019123101005621,LICN,40,22,100,"1,104.00","110,400.00"
2019-12-31,2019123101005598,LICN,5,44,50,"1,103.00","55,150.00"
2019-12-31,2019123101005597,LICN,5,49,28,"1,103.00","30,884.00"
2019-12-31,2019123101005659,MBL,57,28,500,216.00,"108,000.00"
2019-12-31,2019123101005537,MBL,11,28,250,215.00,"53,750.00"
2019-12-31,2019123101005566,MEGA,11,6,53,183.00,"9,699.00"
2019-12-31,2019123101005549,MEGA,11,39,50,183.00,"9,150.00"
2019-12-31,2019123101005571,MERO,32,6,33,447.00,"14,751.00"
2019-12-31,2019123101005832,MNBBL,13,28,50,275.00,"13,750.00"
2019-12-31,2019123101005819,MNBBL,16,28,257,275.00,"70,675.00"
2019-12-31,2019123101005818,MNBBL,16,1,21,275.00,"5,775.00"
2019-12-31,2019123101005817,MNBBL,16,45,100,275.00,"27,500.00"
2019-12-31,2019123101005816,MNBBL,16,26,10,275.00,"2,750.00"
2019-12-31,2019123101005787,MNBBL,49,50,400,274.00,"109,600.00"
2019-12-31,2019123101005750,MNBBL,49,45,100,274.00,"27,400.00"
2019-12-31,2019123101005718,MNBBL,49,26,500,274.00,"137,000.00"
2019-12-31,2019123101006016,NABIL,56,57,50,682.00,"34,100.00"
2019-12-31,2019123101005931,NABIL,32,57,10,682.00,"6,820.00"
2019-12-31,2019123101005930,NABIL,32,47,40,681.00,"27,240.00"
2019-12-31,2019123101005909,NABIL,55,33,20,681.00,"13,620.00"
2019-12-31,2019123101005908,NABIL,33,33,20,681.00,"13,620.00"
2019-12-31,2019123101005711,NABIL,33,57,30,682.00,"20,460.00"
2019-12-31,2019123101005536,NABIL,13,53,200,680.00,"136,000.00"
2019-12-31,2019123101005692,NABIL,34,58,100,680.00,"68,000.00"
2019-12-31,2019123101005646,NABIL,33,47,200,682.00,"136,400.00"
2019-12-31,2019123101005555,NABIL,4,52,121,681.00,"82,401.00"
2019-12-31,2019123101005554,NABIL,4,26,100,681.00,"68,100.00"
2019-12-31,2019123101005553,NABIL,4,55,"1,000",681.00,"681,000.00"
2019-12-31,2019123101005552,NABIL,4,53,129,680.00,"87,720.00"
2019-12-31,2019123101005626,NADEP,16,48,73,476.00,"34,748.00"
2019-12-31,2019123101005945,NBL,33,45,"1,900",263.00,"499,700.00"
2019-12-31,2019123101005783,NBL,32,14,80,264.00,"21,120.00"
2019-12-31,2019123101005782,NBL,32,49,"1,400",264.00,"369,600.00"
2019-12-31,2019123101005693,NBL,48,49,100,264.00,"26,400.00"
2019-12-31,2019123101005586,NBL,32,49,123,264.00,"32,472.00"
2019-12-31,2019123101005585,NBL,32,52,"1,400",264.00,"369,600.00"
2019-12-31,2019123101005584,NBL,32,45,500,264.00,"132,000.00"
2019-12-31,2019123101005583,NBL,32,51,40,264.00,"10,560.00"
2019-12-31,2019123101005582,NBL,32,39,100,264.00,"26,400.00"
2019-12-31,2019123101005580,NBL,33,47,20,263.00,"5,260.00"
2019-12-31,2019123101005678,NCCB,50,33,350,202.00,"70,700.00"
2019-12-31,2019123101005677,NCCB,14,33,300,202.00,"60,600.00"
2019-12-31,2019123101005676,NCCB,35,33,50,202.00,"10,100.00"
2019-12-31,2019123101005675,NCCB,32,33,"1,020",202.00,"206,040.00"
2019-12-31,2019123101005631,NGPL,38,36,31,109.00,"3,379.00"
2019-12-31,2019123101005607,NGPL,19,36,969,109.00,"105,621.00"
2019-12-31,2019123101005670,NHDL,37,35,70,113.00,"7,910.00"
2019-12-31,2019123101005666,NHDL,51,42,100,114.00,"11,400.00"
2019-12-31,2019123101005736,NIB,19,34,116,397.00,"46,052.00"
2019-12-31,2019123101005694,NIB,49,6,30,399.00,"11,970.00"
2019-12-31,2019123101005575,NIB,19,6,44,397.00,"17,468.00"
2019-12-31,2019123101005981,NICA,17,36,360,408.00,"146,880.00"
2019-12-31,2019123101005946,NICA,50,36,300,408.00,"122,400.00"
2019-12-31,2019123101005849,NICA,28,36,500,408.00,"204,000.00"
2019-12-31,2019123101005844,NICA,32,36,40,408.00,"16,320.00"
2019-12-31,2019123101005826,NICA,34,26,50,407.00,"20,350.00"
2019-12-31,2019123101005719,NICA,43,36,50,408.00,"20,400.00"
2019-12-31,2019123101005593,NICA,49,4,500,408.00,"204,000.00"
2019-12-31,2019123101005592,NICA,43,4,80,408.00,"32,640.00"
2019-12-31,2019123101005591,NICA,43,4,300,408.00,"122,400.00"
2019-12-31,2019123101005590,NICA,43,4,45,408.00,"18,360.00"
2019-12-31,2019123101005639,NICA,34,16,10,407.00,"4,070.00"
2019-12-31,2019123101005616,NICA,42,4,100,408.00,"40,800.00"
2019-12-31,2019123101005615,NICA,17,4,"1,175",408.00,"479,400.00"
2019-12-31,2019123101005596,NICA,17,4,825,408.00,"336,600.00"
2019-12-31,2019123101005595,NICA,50,4,150,408.00,"61,200.00"
2019-12-31,2019123101005594,NICA,51,4,100,408.00,"40,800.00"
2019-12-31,2019123101005863,NICL,32,6,30,305.00,"9,150.00"
2019-12-31,2019123101005985,NIL,48,51,100,417.00,"41,700.00"
2019-12-31,2019123101005984,NIL,34,51,100,417.00,"41,700.00"
2019-12-31,2019123101005956,NLBBL,16,50,26,484.00,"12,584.00"
2019-12-31,2019123101005955,NLBBL,16,21,10,484.00,"4,840.00"
2019-12-31,2019123101005954,NLBBL,16,21,10,484.00,"4,840.00"
2019-12-31,2019123101005953,NLBBL,16,28,400,483.00,"193,200.00"
2019-12-31,2019123101005952,NLBBL,16,14,40,482.00,"19,280.00"
2019-12-31,2019123101005947,NLBBL,33,14,10,482.00,"4,820.00"
2019-12-31,2019123101005822,NLBBL,32,33,100,479.00,"47,900.00"
2019-12-31,2019123101006031,NLIC,50,8,22,970.00,"21,340.00"
2019-12-31,2019123101006002,NLIC,50,8,22,970.00,"21,340.00"
2019-12-31,2019123101005996,NLIC,50,57,210,970.00,"203,700.00"
2019-12-31,2019123101005994,NLIC,50,45,254,970.00,"246,380.00"
2019-12-31,2019123101005993,NLIC,40,45,26,970.00,"25,220.00"
2019-12-31,2019123101005992,NLIC,40,10,24,970.00,"23,280.00"
2019-12-31,2019123101005774,NLIC,45,39,50,971.00,"48,550.00"
2019-12-31,2019123101005773,NLIC,16,39,100,971.00,"97,100.00"
2019-12-31,2019123101005688,NLIC,6,39,197,972.00,"191,484.00"
2019-12-31,2019123101005605,NLIC,54,13,22,973.00,"21,406.00"
2019-12-31,2019123101005581,NLIC,54,6,22,973.00,"21,406.00"
2019-12-31,2019123101005780,NLIC,42,39,100,970.00,"97,000.00"
2019-12-31,2019123101005779,NLIC,13,39,52,970.00,"50,440.00"
2019-12-31,2019123101005778,NLIC,35,39,25,971.00,"24,275.00"
2019-12-31,2019123101005777,NLIC,35,39,25,971.00,"24,275.00"
2019-12-31,2019123101005776,NLIC,35,39,100,971.00,"97,100.00"
2019-12-31,2019123101005775,NLIC,1,39,200,971.00,"194,200.00"
2019-12-31,2019123101005837,NLIC,8,29,200,970.00,"194,000.00"
2019-12-31,2019123101005836,NLIC,42,29,15,970.00,"14,550.00"
2019-12-31,2019123101005831,NLIC,45,57,100,971.00,"97,100.00"
2019-12-31,2019123101005821,NLIC,53,57,500,971.00,"485,500.00"
2019-12-31,2019123101005820,NLIC,18,57,100,971.00,"97,100.00"
2019-12-31,2019123101005781,NLIC,42,39,35,970.00,"33,950.00"
2019-12-31,2019123101005925,NLIC,48,39,30,971.00,"29,130.00"
2019-12-31,2019123101005924,NLIC,38,39,200,971.00,"194,200.00"
2019-12-31,2019123101005923,NLIC,32,39,20,971.00,"19,420.00"
2019-12-31,2019123101005840,NLIC,33,29,65,970.00,"63,050.00"
2019-12-31,2019123101005839,NLIC,42,29,20,970.00,"19,400.00"
2019-12-31,2019123101005838,NLIC,57,29,300,970.00,"291,000.00"
2019-12-31,2019123101005991,NLIC,57,10,50,970.00,"48,500.00"
2019-12-31,2019123101005990,NLIC,54,10,116,970.00,"112,520.00"
2019-12-31,2019123101005989,NLIC,48,10,10,971.00,"9,710.00"
2019-12-31,2019123101005988,NLIC,55,45,20,970.00,"19,400.00"
2019-12-31,2019123101005941,NLIC,54,39,15,970.00,"14,550.00"
2019-12-31,2019123101005940,NLIC,33,39,35,970.00,"33,950.00"
2019-12-31,2019123101005978,NLICL,55,39,494,486.00,"240,084.00"
2019-12-31,2019123101005977,NLICL,33,39,100,486.00,"48,600.00"
2019-12-31,2019123101005976,NLICL,44,39,100,486.00,"48,600.00"
2019-12-31,2019123101005975,NLICL,6,39,200,486.00,"97,200.00"
2019-12-31,2019123101005974,NLICL,52,39,100,487.00,"48,700.00"
2019-12-31,2019123101005973,NLICL,44,39,100,487.00,"48,700.00"
2019-12-31,2019123101005932,NLICL,55,39,200,488.00,"97,600.00"
2019-12-31,2019123101005864,NMB,6,3,110,324.00,"35,640.00"
2019-12-31,2019123101005843,NMB,11,3,30,324.00,"9,720.00"
2019-12-31,2019123101005790,NMB,33,39,100,323.00,"32,300.00"
2019-12-31,2019123101005725,NMB,33,43,500,323.00,"161,500.00"
2019-12-31,2019123101005661,NMB,33,16,12,323.00,"3,876.00"
2019-12-31,2019123101005654,NMB,39,3,200,324.00,"64,800.00"
2019-12-31,2019123101005574,NMB,32,3,25,324.00,"8,100.00"
2019-12-31,2019123101005560,NMB,33,20,12,323.00,"3,876.00"
2019-12-31,2019123101005887,NMBMF,43,36,50,555.00,"27,750.00"
2019-12-31,2019123101005884,NNLB,48,19,250,505.00,"126,250.00"
2019-12-31,2019123101006029,NSEWA,49,34,10,511.00,"5,110.00"
2019-12-31,2019123101005995,NSEWA,49,34,10,511.00,"5,110.00"
2019-12-31,2019123101005936,NSEWA,41,58,100,511.00,"51,100.00"
2019-12-31,2019123101005620,NTC,7,7,90,624.00,"56,160.00"
2019-12-31,2019123101005619,NTC,7,53,160,623.00,"99,680.00"
2019-12-31,2019123101005611,NTC,49,53,55,623.00,"34,265.00"
2019-12-31,2019123101006001,NUBL,50,33,170,775.00,"131,750.00"
2019-12-31,2019123101006000,NUBL,50,10,146,775.00,"113,150.00"
2019-12-31,2019123101005788,NUBL,49,16,25,774.00,"19,350.00"
2019-12-31,2019123101005686,OHL,52,13,50,446.00,"22,300.00"
2019-12-31,2019123101005950,PCBL,17,39,80,235.00,"18,800.00"
2019-12-31,2019123101005949,PCBL,34,39,50,235.00,"11,750.00"
2019-12-31,2019123101005948,PCBL,52,39,30,235.00,"7,050.00"
2019-12-31,2019123101005913,PCBL,59,25,257,235.00,"60,395.00"
2019-12-31,2019123101005850,PCBL,59,34,105,235.00,"24,675.00"
2019-12-31,2019123101005799,PCBL,59,52,136,235.00,"31,960.00"
2019-12-31,2019123101005703,PCBL,41,39,49,235.00,"11,515.00"
2019-12-31,2019123101005798,PCBL,39,52,20,235.00,"4,700.00"
2019-12-31,2019123101005797,PCBL,39,52,100,235.00,"23,500.00"
2019-12-31,2019123101005796,PCBL,28,52,44,235.00,"10,340.00"
2019-12-31,2019123101005706,PCBL,28,39,56,235.00,"13,160.00"
2019-12-31,2019123101005705,PCBL,42,39,20,235.00,"4,700.00"
2019-12-31,2019123101005704,PCBL,6,39,100,235.00,"23,500.00"
2019-12-31,2019123101006030,PIC,21,47,20,411.00,"8,220.00"
2019-12-31,2019123101005789,PIC,21,38,93,411.00,"38,223.00"
2019-12-31,2019123101005673,PIC,21,6,190,411.00,"78,090.00"
2019-12-31,2019123101005672,PIC,25,6,10,411.00,"4,110.00"
2019-12-31,2019123101005665,PIC,25,33,20,411.00,"8,220.00"
2019-12-31,2019123101006015,PLIC,49,39,51,369.00,"18,819.00"
2019-12-31,2019123101005982,PLIC,49,34,300,369.00,"110,700.00"
2019-12-31,2019123101005921,PLIC,21,29,30,370.00,"11,100.00"
2019-12-31,2019123101005873,PLIC,49,29,500,370.00,"185,000.00"
2019-12-31,2019123101005751,PLIC,29,36,100,370.00,"37,000.00"
2019-12-31,2019123101005660,PLIC,37,6,100,369.00,"36,900.00"
2019-12-31,2019123101005682,PMHPL,49,33,10,84.00,840.00
2019-12-31,2019123101005653,PMHPL,49,20,10,84.00,840.00
2019-12-31,2019123101005893,PPCL,52,36,10,108.00,"1,080.00"
2019-12-31,2019123101005971,PRIN,14,44,30,334.00,"10,020.00"
2019-12-31,2019123101005827,PRIN,32,14,13,335.00,"4,355.00"
2019-12-31,2019123101005618,PRIN,36,14,750,335.00,"251,250.00"
2019-12-31,2019123101005617,PRIN,36,1,450,334.00,"150,300.00"
2019-12-31,2019123101005613,PRIN,32,29,487,331.00,"161,197.00"
2019-12-31,2019123101005922,PRVU,32,36,500,224.00,"112,000.00"
2019-12-31,2019123101005917,PRVU,1,36,400,224.00,"89,600.00"
2019-12-31,2019123101005889,PRVU,8,38,401,223.00,"89,423.00"
2019-12-31,2019123101005664,PRVU,8,50,242,223.00,"53,966.00"
2019-12-31,2019123101005663,PRVU,6,50,20,223.00,"4,460.00"
2019-12-31,2019123101005662,PRVU,57,50,238,223.00,"53,074.00"
2019-12-31,2019123101005606,RHPC,40,6,11,70.00,770.00
2019-12-31,2019123101005786,RHPL,44,44,30,169.00,"5,070.00"
2019-12-31,2019123101005724,RHPL,25,39,40,168.00,"6,720.00"
2019-12-31,2019123101005714,RHPL,25,33,30,168.00,"5,040.00"
2019-12-31,2019123101005629,RHPL,45,20,20,168.00,"3,360.00"
2019-12-31,2019123101005628,RHPL,45,35,40,168.00,"6,720.00"
2019-12-31,2019123101005622,RHPL,14,6,40,167.00,"6,680.00"
2019-12-31,2019123101005573,RRHP,47,20,10,96.00,960.00
2019-12-31,2019123101005860,RSDC,26,28,120,319.00,"38,280.00"
2019-12-31,2019123101005859,RSDC,26,6,40,319.00,"12,760.00"
2019-12-31,2019123101005589,RSDC,34,20,16,314.00,"5,024.00"
2019-12-31,2019123101005588,RSDC,45,20,15,314.00,"4,710.00"
2019-12-31,2019123101005587,RSDC,57,20,12,314.00,"3,768.00"
2019-12-31,2019123101005679,SABSL,32,28,50,546.00,"27,300.00"
2019-12-31,2019123101005972,SADBL,4,1,10,138.00,"1,380.00"
2019-12-31,2019123101005892,SANIMA,50,57,100,313.00,"31,300.00"
2019-12-31,2019123101005733,SANIMA,50,49,269,313.00,"84,197.00"
2019-12-31,2019123101005709,SANIMA,40,42,100,312.00,"31,200.00"
2019-12-31,2019123101005658,SANIMA,53,49,100,313.00,"31,300.00"
2019-12-31,2019123101005559,SANIMA,58,49,20,313.00,"6,260.00"
2019-12-31,2019123101005558,SANIMA,6,49,300,313.00,"93,900.00"
2019-12-31,2019123101005557,SANIMA,41,49,11,313.00,"3,443.00"
2019-12-31,2019123101005881,SBI,36,57,100,352.00,"35,200.00"
2019-12-31,2019123101005695,SBI,1,33,268,352.00,"94,336.00"
2019-12-31,2019123101005683,SBI,25,33,50,352.00,"17,600.00"
2019-12-31,2019123101005645,SBI,40,33,100,352.00,"35,200.00"
2019-12-31,2019123101005644,SBI,25,33,100,352.00,"35,200.00"
2019-12-31,2019123101005643,SBI,45,33,10,352.00,"3,520.00"
2019-12-31,2019123101005642,SBI,50,33,202,352.00,"71,104.00"
2019-12-31,2019123101005579,SBI,50,8,107,352.00,"37,664.00"
2019-12-31,2019123101005970,SBL,56,44,"1,000",282.00,"282,000.00"
2019-12-31,2019123101005935,SBL,22,57,100,281.00,"28,100.00"
2019-12-31,2019123101005738,SBL,22,57,350,281.00,"98,350.00"
2019-12-31,2019123101005657,SBL,53,16,43,281.00,"12,083.00"
2019-12-31,2019123101005568,SBL,53,38,535,282.00,"150,870.00"
2019-12-31,2019123101005964,SCB,34,37,16,530.00,"8,480.00"
2019-12-31,2019123101005963,SCB,33,37,100,530.00,"53,000.00"
2019-12-31,2019123101005962,SCB,34,37,362,530.00,"191,860.00"
2019-12-31,2019123101005961,SCB,38,37,60,531.00,"31,860.00"
2019-12-31,2019123101005960,SCB,40,37,200,531.00,"106,200.00"
2019-12-31,2019123101005959,SCB,41,37,42,531.00,"22,302.00"
2019-12-31,2019123101005958,SCB,43,37,20,532.00,"10,640.00"
2019-12-31,2019123101005737,SCB,43,39,30,532.00,"15,960.00"
2019-12-31,2019123101005630,SCB,43,6,20,532.00,"10,640.00"
2019-12-31,2019123101005599,SCB,43,20,10,532.00,"5,320.00"
2019-12-31,2019123101006028,SDESI,45,34,77,579.00,"44,583.00"
2019-12-31,2019123101005739,SFFIL,19,49,80,189.00,"15,120.00"
2019-12-31,2019123101005969,SHIVM,48,58,10,466.00,"4,660.00"
2019-12-31,2019123101005957,SHIVM,38,39,250,465.00,"116,250.00"
2019-12-31,2019123101005891,SHIVM,10,39,200,465.00,"93,000.00"
2019-12-31,2019123101005888,SHIVM,44,36,70,464.00,"32,480.00"
2019-12-31,2019123101005872,SHIVM,51,1,200,465.00,"93,000.00"
2019-12-31,2019123101005862,SHIVM,51,1,300,465.00,"139,500.00"
2019-12-31,2019123101005624,SHIVM,44,14,400,464.00,"185,600.00"
2019-12-31,2019123101005572,SHIVM,1,38,34,465.00,"15,810.00"
2019-12-31,2019123101005569,SHIVM,44,49,600,464.00,"278,400.00"
2019-12-31,2019123101005842,SHIVM,51,5,50,466.00,"23,300.00"
2019-12-31,2019123101005841,SHIVM,51,58,50,466.00,"23,300.00"
2019-12-31,2019123101005754,SHIVM,21,1,500,466.00,"233,000.00"
2019-12-31,2019123101005753,SHIVM,21,58,50,465.00,"23,250.00"
2019-12-31,2019123101005723,SHIVM,44,5,50,464.00,"23,200.00"
2019-12-31,2019123101005680,SHIVM,44,45,200,464.00,"92,800.00"
2019-12-31,2019123101005867,SHPC,13,49,937,167.00,"156,479.00"
2019-12-31,2019123101005866,SHPC,53,49,85,168.00,"14,280.00"
2019-12-31,2019123101005865,SHPC,13,49,78,168.00,"13,104.00"
2019-12-31,2019123101005726,SICL,57,47,55,859.00,"47,245.00"
2019-12-31,2019123101005965,SINDU,17,52,300,132.00,"39,600.00"
2019-12-31,2019123101005914,SINDU,39,52,200,132.00,"26,400.00"
2019-12-31,2019123101005883,SINDU,6,52,40,132.00,"5,280.00"
2019-12-31,2019123101005763,SINDU,34,45,500,132.00,"66,000.00"
2019-12-31,2019123101005762,SINDU,44,45,240,132.00,"31,680.00"
2019-12-31,2019123101005898,SJCL,11,57,60,156.00,"9,360.00"
2019-12-31,2019123101005813,SJCL,11,10,10,156.00,"1,560.00"
2019-12-31,2019123101005812,SJCL,11,10,10,156.00,"1,560.00"
2019-12-31,2019123101005811,SJCL,11,10,10,156.00,"1,560.00"
2019-12-31,2019123101005810,SJCL,11,10,10,156.00,"1,560.00"
2019-12-31,2019123101005809,SJCL,11,10,10,156.00,"1,560.00"
2019-12-31,2019123101005547,SJCL,53,50,50,155.00,"7,750.00"
2019-12-31,2019123101005546,SJCL,57,50,10,155.00,"1,550.00"
2019-12-31,2019123101005545,SJCL,32,50,225,155.00,"34,875.00"
2019-12-31,2019123101005544,SJCL,43,50,275,155.00,"42,625.00"
2019-12-31,2019123101005728,SJCL,7,33,20,155.00,"3,100.00"
2019-12-31,2019123101005635,SJCL,7,6,20,155.00,"3,100.00"
2019-12-31,2019123101005608,SJCL,7,20,20,155.00,"3,100.00"
2019-12-31,2019123101005548,SJCL,7,50,430,155.00,"66,650.00"
2019-12-31,2019123101005808,SJCL,11,10,10,156.00,"1,560.00"
2019-12-31,2019123101005804,SJCL,44,10,10,156.00,"1,560.00"
2019-12-31,2019123101005803,SJCL,44,10,10,156.00,"1,560.00"
2019-12-31,2019123101005800,SJCL,51,44,20,155.00,"3,100.00"
2019-12-31,2019123101005742,SJCL,51,39,10,155.00,"1,550.00"
2019-12-31,2019123101005741,SJCL,7,39,10,155.00,"1,550.00"
2019-12-31,2019123101005886,SKBBL,5,56,94,805.00,"75,670.00"
2019-12-31,2019123101005880,SKBBL,5,22,100,805.00,"80,500.00"
2019-12-31,2019123101005879,SKBBL,5,41,125,801.00,"100,125.00"
2019-12-31,2019123101005878,SKBBL,5,59,105,801.00,"84,105.00"
2019-12-31,2019123101005877,SKBBL,5,55,114,800.00,"91,200.00"
2019-12-31,2019123101005876,SKBBL,5,28,100,799.00,"79,900.00"
2019-12-31,2019123101005747,SKBBL,45,45,145,796.00,"115,420.00"
2019-12-31,2019123101005603,SKBBL,50,56,92,800.00,"73,600.00"
2019-12-31,2019123101005602,SKBBL,50,53,150,800.00,"120,000.00"
2019-12-31,2019123101005625,SLBBL,47,16,25,547.00,"13,675.00"
2019-12-31,2019123101005983,SLICL,57,25,250,307.00,"76,750.00"
2019-12-31,2019123101005915,SLICL,57,38,200,307.00,"61,400.00"
2019-12-31,2019123101005979,SMATA,45,16,20,530.00,"10,600.00"
2019-12-31,2019123101005903,SMFBS,21,33,205,875.00,"179,375.00"
2019-12-31,2019123101005902,SMFBS,18,33,100,876.00,"87,600.00"
2019-12-31,2019123101005901,SMFBS,22,33,75,876.00,"65,700.00"
2019-12-31,2019123101005900,SMFBS,48,33,30,877.00,"26,310.00"
2019-12-31,2019123101005578,SMFDB,13,10,100,645.00,"64,500.00"
2019-12-31,2019123101005577,SMFDB,34,10,100,645.00,"64,500.00"
2019-12-31,2019123101005576,SMFDB,14,10,245,645.00,"158,025.00"
2019-12-31,2019123101005570,SMFDB,42,10,50,650.00,"32,500.00"
2019-12-31,2019123101005685,SMFDB,41,28,122,648.00,"79,056.00"
2019-12-31,2019123101005968,SPARS,44,49,10,565.00,"5,650.00"
2019-12-31,2019123101005967,SPARS,44,52,10,565.00,"5,650.00"
2019-12-31,2019123101005966,SPARS,44,44,80,565.00,"45,200.00"
2019-12-31,2019123101005943,SPARS,44,44,20,565.00,"11,300.00"
2019-12-31,2019123101005942,SPARS,44,22,100,560.00,"56,000.00"
2019-12-31,2019123101005926,SPARS,44,44,100,558.00,"55,800.00"
2019-12-31,2019123101005911,SPARS,44,34,10,555.00,"5,550.00"
2019-12-31,2019123101005910,SPARS,44,22,100,555.00,"55,500.00"
2019-12-31,2019123101005890,SPARS,44,25,100,554.00,"55,400.00"
2019-12-31,2019123101005623,SPARS,26,20,10,549.00,"5,490.00"
2019-12-31,2019123101005807,SRBL,34,26,442,215.00,"95,030.00"
2019-12-31,2019123101005806,SRBL,58,26,658,215.00,"141,470.00"
2019-12-31,2019123101006032,STC,57,5,20,"1,978.00","39,560.00"
2019-12-31,2019123101005604,STC,59,5,40,"1,990.00","79,600.00"
2019-12-31,2019123101005562,STC,59,22,60,"1,990.00","119,400.00"
2019-12-31,2019123101005534,TMDBL,40,52,70,153.00,"10,710.00"
2019-12-31,2019123101005720,UIC,49,58,150,296.00,"44,400.00"
2019-12-31,2019123101005539,UIC,34,58,127,296.00,"37,592.00"
2019-12-31,2019123101005987,UPCL,6,44,150,72.00,"10,800.00"
2019-12-31,2019123101005986,UPCL,6,45,50,72.00,"3,600.00"
2019-12-31,2019123101005875,UPPER,34,10,20,235.00,"4,700.00"
2019-12-31,2019123101005740,UPPER,29,33,40,233.00,"9,320.00"
2019-12-31,2019123101005713,UPPER,34,10,20,235.00,"4,700.00"
2019-12-31,2019123101005712,UPPER,34,57,30,234.00,"7,020.00"
2019-12-31,2019123101005681,UPPER,29,29,50,233.00,"11,650.00"
2019-12-31,2019123101005669,UPPER,1,57,10,234.00,"2,340.00"
2019-12-31,2019123101005564,UPPER,1,13,21,233.00,"4,893.00"
2019-12-31,2019123101005668,UPPER,1,57,40,234.00,"9,360.00"
2019-12-31,2019123101005641,UPPER,29,6,40,233.00,"9,320.00"
2019-12-31,2019123101005627,UPPER,29,20,40,233.00,"9,320.00"
2019-12-31,2019123101005567,UPPER,29,33,52,233.00,"12,116.00"
2019-12-31,2019123101005565,UPPER,29,13,19,233.00,"4,427.00"
2019-12-31,2019123101005508,ADBL,5,28,10,365.00,"3,650.00"
2019-12-31,2019123101005504,ADBL,5,42,42,364.00,"15,288.00"
2019-12-31,2019123101005487,ADBL,42,58,56,362.00,"20,272.00"
2019-12-31,2019123101005351,ADBL,48,58,"1,000",362.00,"362,000.00"
2019-12-31,2019123101005350,ADBL,49,58,27,362.00,"9,774.00"
2019-12-31,2019123101005349,ADBL,6,58,30,362.00,"10,860.00"
2019-12-31,2019123101005163,ADBL,21,42,100,364.00,"36,400.00"
2019-12-31,2019123101005085,ADBL,45,42,16,364.00,"5,824.00"
2019-12-31,2019123101005084,ADBL,39,42,68,364.00,"24,752.00"
2019-12-31,2019123101005083,ADBL,19,42,170,364.00,"61,880.00"
2019-12-31,2019123101005348,ADBL,1,58,125,363.00,"45,375.00"
2019-12-31,2019123101005347,ADBL,34,58,32,363.00,"11,616.00"
2019-12-31,2019123101005346,ADBL,41,58,430,363.00,"156,090.00"
2019-12-31,2019123101005274,ADBL,34,33,68,363.00,"24,684.00"
2019-12-31,2019123101005273,ADBL,42,33,10,363.00,"3,630.00"
2019-12-31,2019123101005244,ADBL,55,42,25,364.00,"9,100.00"
2019-12-31,2019123101005112,AHPC,7,51,500,90.00,"45,000.00"
2019-12-31,2019123101005111,AHPC,36,51,"1,000",90.00,"90,000.00"
2019-12-31,2019123101005110,AHPC,55,51,"1,000",90.00,"90,000.00"
2019-12-31,2019123101005480,AKJCL,52,20,10,58.00,580.00
2019-12-31,2019123101005459,ALBSL,5,16,20,482.00,"9,640.00"
2019-12-31,2019123101005458,ALBSL,45,16,180,483.00,"86,940.00"
2019-12-31,2019123101005117,ALBSL,5,17,250,485.00,"121,250.00"
2019-12-31,2019123101005434,ALICL,14,39,57,375.00,"21,375.00"
2019-12-31,2019123101005228,ALICL,25,39,197,374.00,"73,678.00"
2019-12-31,2019123101005225,ALICL,25,40,18,374.00,"6,732.00"
2019-12-31,2019123101005224,ALICL,25,40,50,374.00,"18,700.00"
2019-12-31,2019123101005197,ALICL,36,39,68,377.00,"25,636.00"
2019-12-31,2019123101005119,ALICL,36,39,332,377.00,"125,164.00"
2019-12-31,2019123101005116,ALICL,36,47,100,377.00,"37,700.00"
2019-12-31,2019123101005242,API,34,47,29,105.00,"3,045.00"
2019-12-31,2019123101005177,API,6,48,500,106.00,"53,000.00"
2019-12-31,2019123101005176,API,49,48,912,106.00,"96,672.00"
2019-12-31,2019123101005488,BBC,58,45,10,"1,826.00","18,260.00"
2019-12-31,2019123101005121,BBC,45,7,15,"1,791.00","26,865.00"
2019-12-31,2019123101005082,BBC,25,7,90,"1,790.00","161,100.00"
2019-12-31,2019123101005081,BBC,19,7,10,"1,795.00","17,950.00"
2019-12-31,2019123101005303,BFC,52,14,810,85.00,"68,850.00"
2019-12-31,2019123101005302,BFC,51,14,190,85.00,"16,150.00"
2019-12-31,2019123101005518,BOKL,58,58,200,214.00,"42,800.00"
2019-12-31,2019123101005517,BOKL,58,58,800,214.00,"171,200.00"
2019-12-31,2019123101005498,BOKL,45,58,200,214.00,"42,800.00"
2019-12-31,2019123101005328,BOKL,51,58,636,214.00,"136,104.00"
2019-12-31,2019123101005327,BOKL,51,50,"1,000",214.00,"214,000.00"
2019-12-31,2019123101005304,BOKL,26,58,200,214.00,"42,800.00"
2019-12-31,2019123101005275,BOKL,22,37,126,213.00,"26,838.00"
2019-12-31,2019123101005354,BPCL,41,43,300,301.00,"90,300.00"
2019-12-31,2019123101005199,BPCL,43,16,10,303.00,"3,030.00"
2019-12-31,2019123101005181,BPCL,13,6,40,300.00,"12,000.00"
2019-12-31,2019123101005168,BPCL,42,6,50,301.00,"15,050.00"
2019-12-31,2019123101005509,CCBL,8,52,54,163.00,"8,802.00"
2019-12-31,2019123101005485,CCBL,8,6,98,163.00,"15,974.00"
2019-12-31,2019123101005233,CCBL,8,36,649,163.00,"105,787.00"
2019-12-31,2019123101005232,CCBL,20,36,"1,000",163.00,"163,000.00"
2019-12-31,2019123101005136,CCBL,43,6,500,164.00,"82,000.00"
2019-12-31,2019123101005135,CCBL,43,39,451,164.00,"73,964.00"
2019-12-31,2019123101005134,CCBL,43,56,323,164.00,"52,972.00"
2019-12-31,2019123101005427,CHCL,40,52,51,355.00,"18,105.00"
2019-12-31,2019123101005426,CHCL,25,52,20,356.00,"7,120.00"
2019-12-31,2019123101005417,CZBIL,29,21,250,181.00,"45,250.00"
2019-12-31,2019123101005269,DBBL,59,32,"9,000",139.00,"1,251,000.00"
2019-12-31,2019123101005268,DBBL,59,1,500,139.00,"69,500.00"
2019-12-31,2019123101005267,DBBL,59,58,100,139.00,"13,900.00"
2019-12-31,2019123101005266,DBBL,59,8,150,139.00,"20,850.00"
2019-12-31,2019123101005265,DBBL,59,56,180,139.00,"25,020.00"
2019-12-31,2019123101005264,DBBL,59,19,"1,000",139.00,"139,000.00"
2019-12-31,2019123101005245,DBBL,59,45,947,137.00,"129,739.00"
2019-12-31,2019123101005227,DBBL,52,45,53,137.00,"7,261.00"
2019-12-31,2019123101005226,DBBL,52,58,947,137.00,"129,739.00"
2019-12-31,2019123101005251,DBBL,59,44,214,137.00,"29,318.00"
2019-12-31,2019123101005250,DBBL,59,34,200,137.00,"27,400.00"
2019-12-31,2019123101005249,DBBL,59,25,300,137.00,"41,100.00"
2019-12-31,2019123101005248,DBBL,59,29,98,137.00,"13,426.00"
2019-12-31,2019123101005247,DBBL,59,21,"1,990",137.00,"272,630.00"
2019-12-31,2019123101005246,DBBL,59,32,100,137.00,"13,700.00"
2019-12-31,2019123101005257,DBBL,59,47,100,138.00,"13,800.00"
2019-12-31,2019123101005256,DBBL,59,39,211,138.00,"29,118.00"
2019-12-31,2019123101005255,DBBL,59,46,500,138.00,"69,000.00"
2019-12-31,2019123101005254,DBBL,59,45,100,138.00,"13,800.00"
2019-12-31,2019123101005253,DBBL,59,47,100,138.00,"13,800.00"
2019-12-31,2019123101005252,DBBL,59,1,500,138.00,"69,000.00"
2019-12-31,2019123101005263,DBBL,59,46,217,139.00,"30,163.00"
2019-12-31,2019123101005262,DBBL,59,39,"2,000",139.00,"278,000.00"
2019-12-31,2019123101005261,DBBL,59,50,"1,000",139.00,"139,000.00"
2019-12-31,2019123101005260,DBBL,59,8,200,138.00,"27,600.00"
2019-12-31,2019123101005259,DBBL,59,38,721,138.00,"99,498.00"
2019-12-31,2019123101005258,DBBL,59,32,"1,238",138.00,"170,844.00"
2019-12-31,2019123101005200,EBL,40,36,52,522.00,"27,144.00"
2019-12-31,2019123101005196,EBL,40,6,14,522.00,"7,308.00"
2019-12-31,2019123101005195,EBL,5,6,25,522.00,"13,050.00"
2019-12-31,2019123101005194,EBL,40,6,200,522.00,"104,400.00"
2019-12-31,2019123101005193,EBL,7,6,200,522.00,"104,400.00"
2019-12-31,2019123101005184,EBL,32,14,100,523.00,"52,300.00"
2019-12-31,2019123101005169,EBL,43,14,100,523.00,"52,300.00"
2019-12-31,2019123101005130,EBL,13,14,40,523.00,"20,920.00"
2019-12-31,2019123101005334,EIC,44,29,500,272.00,"136,000.00"
2019-12-31,2019123101005218,FMDBL,10,43,130,320.00,"41,600.00"
2019-12-31,2019123101005040,FMDBL,10,49,70,320.00,"22,400.00"
2019-12-31,2019123101005409,GBLBS,44,59,100,315.00,"31,500.00"
2019-12-31,2019123101005408,GBLBS,45,59,"1,000",315.00,"315,000.00"
2019-12-31,2019123101005407,GBLBS,6,59,185,315.00,"58,275.00"
2019-12-31,2019123101005406,GBLBS,14,59,130,315.00,"40,950.00"
2019-12-31,2019123101005405,GBLBS,34,59,500,316.00,"158,000.00"
2019-12-31,2019123101005404,GBLBS,36,59,50,316.00,"15,800.00"
2019-12-31,2019123101005403,GBLBS,36,59,500,316.00,"158,000.00"
2019-12-31,2019123101005402,GBLBS,6,59,200,317.00,"63,400.00"
2019-12-31,2019123101005401,GBLBS,34,59,115,317.00,"36,455.00"
2019-12-31,2019123101005164,GBLBS,36,29,140,318.00,"44,520.00"
2019-12-31,2019123101005490,GFCL,44,25,182,137.00,"24,934.00"
2019-12-31,2019123101005421,GFCL,44,40,244,137.00,"33,428.00"
2019-12-31,2019123101005420,GFCL,41,40,256,137.00,"35,072.00"
2019-12-31,2019123101005142,GFCL,34,36,60,138.00,"8,280.00"
2019-12-31,2019123101005341,GFCL,41,56,744,137.00,"101,928.00"
2019-12-31,2019123101005143,GFCL,5,36,100,138.00,"13,800.00"
2019-12-31,2019123101005240,GGBSL,8,8,10,602.00,"6,020.00"
2019-12-31,2019123101005139,GGBSL,42,50,40,602.00,"24,080.00"
2019-12-31,2019123101005398,GILB,11,47,15,840.00,"12,600.00"
2019-12-31,2019123101005397,GILB,11,50,10,840.00,"8,400.00"
2019-12-31,2019123101005222,GLICL,7,36,90,462.00,"41,580.00"
2019-12-31,2019123101005221,GLICL,3,36,500,462.00,"231,000.00"
2019-12-31,2019123101005220,GLICL,34,36,100,462.00,"46,200.00"
2019-12-31,2019123101005219,GLICL,50,36,100,463.00,"46,300.00"
2019-12-31,2019123101005108,GLICL,34,34,190,463.00,"87,970.00"
2019-12-31,2019123101005091,GLICL,34,34,200,463.00,"92,600.00"
2019-12-31,2019123101005090,GLICL,34,34,100,463.00,"46,300.00"
2019-12-31,2019123101005089,GLICL,34,34,200,463.00,"92,600.00"
2019-12-31,2019123101005088,GLICL,34,34,200,463.00,"92,600.00"
2019-12-31,2019123101005087,GLICL,16,34,200,464.00,"92,800.00"
2019-12-31,2019123101005086,GLICL,49,34,40,465.00,"18,600.00"
2019-12-31,2019123101005514,GMFBS,28,36,110,563.00,"61,930.00"
2019-12-31,2019123101005442,GMFBS,32,36,100,564.00,"56,400.00"
2019-12-31,2019123101005441,GMFBS,28,36,90,566.00,"50,940.00"
2019-12-31,2019123101005301,GRDBL,1,47,50,103.00,"5,150.00"
2019-12-31,2019123101005182,GRDBL,1,6,50,103.00,"5,150.00"
2019-12-31,2019123101005178,GRDBL,1,6,12,103.00,"1,236.00"
2019-12-31,2019123101005368,GUFL,1,52,50,110.00,"5,500.00"
2019-12-31,2019123101005187,HBL,29,57,100,507.00,"50,700.00"
2019-12-31,2019123101005412,HDL,38,58,20,"1,230.00","24,600.00"
2019-12-31,2019123101005411,HDL,19,58,20,"1,230.00","24,600.00"
2019-12-31,2019123101005243,HDL,45,58,300,"1,230.00","369,000.00"
2019-12-31,2019123101005058,HDL,32,25,143,"1,225.00","175,175.00"
2019-12-31,2019123101005039,HDL,55,25,50,"1,225.00","61,250.00"
2019-12-31,2019123101005038,HDL,19,25,20,"1,225.00","24,500.00"
2019-12-31,2019123101005037,HDL,49,25,110,"1,225.00","134,750.00"
2019-12-31,2019123101005036,HDL,53,25,30,"1,225.00","36,750.00"
2019-12-31,2019123101005035,HDL,44,25,50,"1,225.00","61,250.00"
2019-12-31,2019123101005034,HDL,6,25,50,"1,226.00","61,300.00"
2019-12-31,2019123101005033,HDL,17,25,20,"1,234.00","24,680.00"
2019-12-31,2019123101005516,HGI,34,34,10,290.00,"2,900.00"
2019-12-31,2019123101005515,HGI,34,36,834,287.00,"239,358.00"
2019-12-31,2019123101005310,HGI,34,3,534,287.00,"153,258.00"
2019-12-31,2019123101005308,HIDCL,41,29,30,144.00,"4,320.00"
2019-12-31,2019123101005209,HURJA,58,26,20,104.00,"2,080.00"
2019-12-31,2019123101005192,HURJA,58,45,"2,920",104.00,"303,680.00"
2019-12-31,2019123101005191,HURJA,58,29,100,103.00,"10,300.00"
2019-12-31,2019123101005190,HURJA,58,49,20,103.00,"2,060.00"
2019-12-31,2019123101005189,HURJA,58,26,20,103.00,"2,060.00"
2019-12-31,2019123101005188,HURJA,58,14,20,103.00,"2,060.00"
2019-12-31,2019123101005321,ICFC,51,14,100,146.00,"14,600.00"
2019-12-31,2019123101005171,IGI,48,42,100,301.00,"30,100.00"
2019-12-31,2019123101005170,IGI,51,42,50,301.00,"15,050.00"
2019-12-31,2019123101005512,JBBL,49,11,"1,000",167.00,"167,000.00"
2019-12-31,2019123101005511,JBBL,49,44,135,167.00,"22,545.00"
2019-12-31,2019123101005510,JBBL,49,26,"2,484",167.00,"414,828.00"
2019-12-31,2019123101005208,JBBL,19,26,100,167.00,"16,700.00"
2019-12-31,2019123101005173,JBBL,58,58,640,166.00,"106,240.00"
2019-12-31,2019123101005101,JBBL,39,58,60,166.00,"9,960.00"
2019-12-31,2019123101005045,JBBL,17,26,110,166.00,"18,260.00"
2019-12-31,2019123101005044,JBBL,41,26,500,166.00,"83,000.00"
2019-12-31,2019123101005043,JBBL,56,26,100,166.00,"16,600.00"
2019-12-31,2019123101005042,JBBL,49,26,100,166.00,"16,600.00"
2019-12-31,2019123101005041,JBBL,1,26,258,166.00,"42,828.00"
2019-12-31,2019123101005051,JBBL,29,26,46,166.00,"7,636.00"
2019-12-31,2019123101005050,JBBL,29,26,46,166.00,"7,636.00"
2019-12-31,2019123101005049,JBBL,29,26,46,166.00,"7,636.00"
2019-12-31,2019123101005048,JBBL,57,26,50,166.00,"8,300.00"
2019-12-31,2019123101005047,JBBL,38,26,"1,000",166.00,"166,000.00"
2019-12-31,2019123101005046,JBBL,17,26,"1,000",166.00,"166,000.00"
2019-12-31,2019123101005057,JBBL,41,26,"1,000",166.00,"166,000.00"
2019-12-31,2019123101005056,JBBL,3,26,603,166.00,"100,098.00"
2019-12-31,2019123101005055,JBBL,45,26,150,166.00,"24,900.00"
2019-12-31,2019123101005054,JBBL,7,26,100,166.00,"16,600.00"
2019-12-31,2019123101005053,JBBL,29,26,46,166.00,"7,636.00"
2019-12-31,2019123101005052,JBBL,29,26,46,166.00,"7,636.00"
2019-12-31,2019123101005123,JFL,45,37,25,164.00,"4,100.00"
2019-12-31,2019123101005217,JSLBB,37,7,52,"1,184.00","61,568.00"
2019-12-31,2019123101005216,JSLBB,5,7,50,"1,184.00","59,200.00"
2019-12-31,2019123101005215,JSLBB,45,7,20,"1,184.00","23,680.00"
2019-12-31,2019123101005418,KBL,33,43,30,178.00,"5,340.00"
2019-12-31,2019123101005391,KBL,13,43,92,177.00,"16,284.00"
2019-12-31,2019123101005390,KBL,13,36,"1,094",177.00,"193,638.00"
2019-12-31,2019123101005300,KBL,13,43,408,177.00,"72,216.00"
2019-12-31,2019123101005125,KBL,13,36,100,177.00,"17,700.00"
2019-12-31,2019123101005080,KBL,13,43,492,177.00,"87,084.00"
2019-12-31,2019123101005079,KBL,53,43,300,177.00,"53,100.00"
2019-12-31,2019123101005078,KBL,6,43,208,177.00,"36,816.00"
2019-12-31,2019123101005433,KSBBL,21,19,500,135.00,"67,500.00"
2019-12-31,2019123101005478,LBBL,52,59,500,192.00,"96,000.00"
2019-12-31,2019123101005329,LBBL,52,26,500,192.00,"96,000.00"
2019-12-31,2019123101005322,LBBL,46,44,35,193.00,"6,755.00"
2019-12-31,2019123101005314,LBBL,5,44,100,193.00,"19,300.00"
2019-12-31,2019123101005313,LBBL,17,44,50,193.00,"9,650.00"
2019-12-31,2019123101005312,LBBL,1,44,186,193.00,"35,898.00"
2019-12-31,2019123101005320,LBBL,46,44,244,193.00,"47,092.00"
2019-12-31,2019123101005319,LBBL,50,44,100,193.00,"19,300.00"
2019-12-31,2019123101005318,LBBL,38,44,100,193.00,"19,300.00"
2019-12-31,2019123101005317,LBBL,20,44,315,193.00,"60,795.00"
2019-12-31,2019123101005316,LBBL,45,44,50,193.00,"9,650.00"
2019-12-31,2019123101005315,LBBL,19,44,448,193.00,"86,464.00"
2019-12-31,2019123101005307,LBL,43,47,100,189.00,"18,900.00"
2019-12-31,2019123101005239,LBL,38,41,200,190.00,"38,000.00"
2019-12-31,2019123101005238,LBL,42,41,100,190.00,"19,000.00"
2019-12-31,2019123101005237,LBL,45,41,200,190.00,"38,000.00"
2019-12-31,2019123101005236,LBL,42,41,100,190.00,"19,000.00"
2019-12-31,2019123101005235,LBL,54,41,200,190.00,"38,000.00"
2019-12-31,2019123101005186,LBL,54,39,100,190.00,"19,000.00"
2019-12-31,2019123101005330,LEMF,47,22,"4,000",7.03,"28,120.00"
2019-12-31,2019123101005499,MBL,37,28,"1,000",215.00,"215,000.00"
2019-12-31,2019123101005287,MBL,56,36,107,214.00,"22,898.00"
2019-12-31,2019123101005286,MBL,49,36,100,214.00,"21,400.00"
2019-12-31,2019123101005285,MBL,13,36,300,214.00,"64,200.00"
2019-12-31,2019123101005284,MBL,59,36,250,214.00,"53,500.00"
2019-12-31,2019123101005283,MBL,26,36,622,214.00,"133,108.00"
2019-12-31,2019123101005311,MEGA,58,47,30,182.00,"5,460.00"
2019-12-31,2019123101005298,MEGA,58,36,"1,452",182.00,"264,264.00"
2019-12-31,2019123101005297,MEGA,11,36,16,182.00,"2,912.00"
2019-12-31,2019123101005296,MEGA,44,36,500,182.00,"91,000.00"
2019-12-31,2019123101005295,MEGA,57,36,50,182.00,"9,100.00"
2019-12-31,2019123101005294,MEGA,37,36,193,182.00,"35,126.00"
2019-12-31,2019123101005293,MEGA,53,36,30,183.00,"5,490.00"
2019-12-31,2019123101005428,MERO,32,33,55,447.00,"24,585.00"
2019-12-31,2019123101005289,MLBL,47,25,12,172.00,"2,064.00"
2019-12-31,2019123101005288,MLBL,37,25,344,172.00,"59,168.00"
2019-12-31,2019123101005431,MNBBL,45,47,300,273.00,"81,900.00"
2019-12-31,2019123101005388,MNBBL,44,47,205,273.00,"55,965.00"
2019-12-31,2019123101005387,MNBBL,22,47,295,273.00,"80,535.00"
2019-12-31,2019123101005272,MNBBL,22,40,148,273.00,"40,404.00"
2019-12-31,2019123101005466,NABIL,21,53,100,680.00,"68,000.00"
2019-12-31,2019123101005465,NABIL,25,53,10,680.00,"6,800.00"
2019-12-31,2019123101005464,NABIL,42,53,400,680.00,"272,000.00"
2019-12-31,2019123101005463,NABIL,42,53,100,680.00,"68,000.00"
2019-12-31,2019123101005462,NABIL,38,53,50,680.00,"34,000.00"
2019-12-31,2019123101005461,NABIL,29,53,11,680.00,"7,480.00"
2019-12-31,2019123101005432,NABIL,29,28,58,680.00,"39,440.00"
2019-12-31,2019123101005477,NADEP,32,48,100,477.00,"47,700.00"
2019-12-31,2019123101005476,NADEP,6,48,100,477.00,"47,700.00"
2019-12-31,2019123101005475,NADEP,16,48,127,477.00,"60,579.00"
2019-12-31,2019123101005457,NADEP,49,48,70,478.00,"33,460.00"
2019-12-31,2019123101005456,NADEP,59,48,90,478.00,"43,020.00"
2019-12-31,2019123101005439,NBB,46,38,100,185.00,"18,500.00"
2019-12-31,2019123101005438,NBB,56,38,100,185.00,"18,500.00"
2019-12-31,2019123101005437,NBB,49,38,200,185.00,"37,000.00"
2019-12-31,2019123101005436,NBB,56,38,10,185.00,"1,850.00"
2019-12-31,2019123101005276,NBB,49,25,90,186.00,"16,740.00"
2019-12-31,2019123101005479,NBL,33,57,200,263.00,"52,600.00"
2019-12-31,2019123101005460,NBL,33,14,500,263.00,"131,500.00"
2019-12-31,2019123101005292,NBL,33,29,199,263.00,"52,337.00"
2019-12-31,2019123101005291,NBL,33,6,500,263.00,"131,500.00"
2019-12-31,2019123101005290,NBL,33,44,"1,259",263.00,"331,117.00"
2019-12-31,2019123101005061,NBL,32,44,741,263.00,"194,883.00"
2019-12-31,2019123101005229,NCCB,49,51,10,203.00,"2,030.00"
2019-12-31,2019123101005332,NGPL,19,47,31,109.00,"3,379.00"
2019-12-31,2019123101005497,NIB,38,6,20,398.00,"7,960.00"
2019-12-31,2019123101005496,NIB,41,6,100,398.00,"39,800.00"
2019-12-31,2019123101005495,NIB,21,6,100,398.00,"39,800.00"
2019-12-31,2019123101005494,NIB,13,6,84,398.00,"33,432.00"
2019-12-31,2019123101005340,NIB,13,47,40,398.00,"15,920.00"
2019-12-31,2019123101005305,NIB,13,36,142,398.00,"56,516.00"
2019-12-31,2019123101005175,NIB,13,58,51,399.00,"20,349.00"
2019-12-31,2019123101005174,NIB,13,14,33,398.00,"13,134.00"
2019-12-31,2019123101005140,NIB,19,20,26,397.00,"10,322.00"
2019-12-31,2019123101005129,NIB,42,14,100,398.00,"39,800.00"
2019-12-31,2019123101005060,NIB,42,14,50,398.00,"19,900.00"
2019-12-31,2019123101005425,NIBPO,1,52,13,360.00,"4,680.00"
2019-12-31,2019123101005424,NIBPO,8,52,200,360.00,"72,000.00"
2019-12-31,2019123101005423,NIBPO,11,52,100,362.00,"36,200.00"
2019-12-31,2019123101005483,NICA,45,4,75,409.00,"30,675.00"
2019-12-31,2019123101005482,NICA,45,4,25,409.00,"10,225.00"
2019-12-31,2019123101005481,NICA,54,4,100,409.00,"40,900.00"
2019-12-31,2019123101005282,NICA,1,4,200,409.00,"81,800.00"
2019-12-31,2019123101005234,NICA,13,4,180,409.00,"73,620.00"
2019-12-31,2019123101005141,NICA,43,42,30,408.00,"12,240.00"
2019-12-31,2019123101005126,NICA,34,4,221,409.00,"90,389.00"
2019-12-31,2019123101005122,NICA,17,4,279,409.00,"114,111.00"
2019-12-31,2019123101005099,NICA,17,50,500,409.00,"204,500.00"
2019-12-31,2019123101005489,NICL,44,36,345,303.00,"104,535.00"
2019-12-31,2019123101005394,NICL,32,40,200,302.00,"60,400.00"
2019-12-31,2019123101005333,NICL,21,5,176,303.00,"53,328.00"
2019-12-31,2019123101005309,NICL,21,40,174,303.00,"52,722.00"
2019-12-31,2019123101005231,NICL,21,19,150,303.00,"45,450.00"
2019-12-31,2019123101005230,NICL,41,19,300,304.00,"91,200.00"
2019-12-31,2019123101005133,NICL,45,56,50,305.00,"15,250.00"
2019-12-31,2019123101005132,NICL,17,56,16,305.00,"4,880.00"
2019-12-31,2019123101005281,NIL,34,3,190,417.00,"79,230.00"
2019-12-31,2019123101005280,NIL,41,3,310,418.00,"129,580.00"
2019-12-31,2019123101005165,NIL,41,51,90,418.00,"37,620.00"
2019-12-31,2019123101005342,NLIC,5,59,60,976.00,"58,560.00"
2019-12-31,2019123101005325,NLIC,13,36,34,970.00,"32,980.00"
2019-12-31,2019123101005324,NLIC,21,36,10,971.00,"9,710.00"
2019-12-31,2019123101005323,NLIC,5,36,122,971.00,"118,462.00"
2019-12-31,2019123101005271,NLIC,5,21,78,971.00,"75,738.00"
2019-12-31,2019123101005203,NLIC,41,21,50,977.00,"48,850.00"
2019-12-31,2019123101005202,NLIC,41,56,100,974.00,"97,400.00"
2019-12-31,2019123101005201,NLIC,41,21,50,974.00,"48,700.00"
2019-12-31,2019123101005128,NLIC,13,39,14,970.00,"13,580.00"
2019-12-31,2019123101005127,NLIC,50,39,69,970.00,"66,930.00"
2019-12-31,2019123101005339,NLICL,33,36,77,485.00,"37,345.00"
2019-12-31,2019123101005338,NLICL,33,36,100,485.00,"48,500.00"
2019-12-31,2019123101005337,NLICL,6,36,12,486.00,"5,832.00"
2019-12-31,2019123101005336,NLICL,56,36,100,486.00,"48,600.00"
2019-12-31,2019123101005335,NLICL,45,36,165,486.00,"80,190.00"
2019-12-31,2019123101005453,NMB,33,38,60,323.00,"19,380.00"
2019-12-31,2019123101005419,NMB,33,29,380,323.00,"122,740.00"
2019-12-31,2019123101005059,NMB,33,20,12,323.00,"3,876.00"
2019-12-31,2019123101005435,NMFBS,38,45,20,"1,270.00","25,400.00"
2019-12-31,2019123101005114,NSEWA,6,11,190,511.00,"97,090.00"
2019-12-31,2019123101005113,NSEWA,34,11,60,512.00,"30,720.00"
2019-12-31,2019123101005118,NTC,51,59,100,624.00,"62,400.00"
2019-12-31,2019123101005506,NUBL,20,10,358,775.00,"277,450.00"
2019-12-31,2019123101005454,NUBL,4,10,100,775.00,"77,500.00"
2019-12-31,2019123101005185,NUBL,29,10,55,775.00,"42,625.00"
2019-12-31,2019123101005138,NUBL,40,10,843,775.00,"653,325.00"
2019-12-31,2019123101005137,NUBL,40,19,157,774.00,"121,518.00"
2019-12-31,2019123101005396,OHL,7,26,11,445.00,"4,895.00"
2019-12-31,2019123101005395,OHL,56,26,10,453.00,"4,530.00"
2019-12-31,2019123101005532,PCBL,41,37,240,235.00,"56,400.00"
2019-12-31,2019123101005501,PCBL,41,38,63,235.00,"14,805.00"
2019-12-31,2019123101005500,PCBL,17,38,437,235.00,"102,695.00"
2019-12-31,2019123101005363,PCBL,17,53,500,235.00,"117,500.00"
2019-12-31,2019123101005345,PCBL,17,36,"1,063",235.00,"249,805.00"
2019-12-31,2019123101005344,PCBL,41,36,10,235.00,"2,350.00"
2019-12-31,2019123101005343,PCBL,1,36,126,235.00,"29,610.00"
2019-12-31,2019123101005326,PCBL,53,45,25,236.00,"5,900.00"
2019-12-31,2019123101005212,PCBL,1,21,50,235.00,"11,750.00"
2019-12-31,2019123101005131,PIC,58,49,25,412.00,"10,300.00"
2019-12-31,2019123101005120,PIC,44,21,50,412.00,"20,600.00"
2019-12-31,2019123101005076,PICL,38,43,12,438.00,"5,256.00"
2019-12-31,2019123101005075,PICL,38,39,93,437.00,"40,641.00"
2019-12-31,2019123101005074,PICL,38,33,50,436.00,"21,800.00"
2019-12-31,2019123101005073,PICL,38,48,50,436.00,"21,800.00"
2019-12-31,2019123101005072,PICL,38,59,20,436.00,"8,720.00"
2019-12-31,2019123101005443,PLIC,34,51,25,368.00,"9,200.00"
2019-12-31,2019123101005393,PLIC,34,22,79,368.00,"29,072.00"
2019-12-31,2019123101005392,PLIC,34,22,221,368.00,"81,328.00"
2019-12-31,2019123101005331,PLIC,56,49,36,369.00,"13,284.00"
2019-12-31,2019123101005211,PLIC,40,53,300,369.00,"110,700.00"
2019-12-31,2019123101005180,PLIC,29,36,100,370.00,"37,000.00"
2019-12-31,2019123101005145,PLIC,1,14,87,371.00,"32,277.00"
2019-12-31,2019123101005144,PLIC,1,34,62,371.00,"23,002.00"
2019-12-31,2019123101005124,PLIC,56,34,200,370.00,"74,000.00"
2019-12-31,2019123101005063,PLIC,34,35,100,371.00,"37,100.00"
2019-12-31,2019123101005223,PMHPL,49,20,10,84.00,840.00
2019-12-31,2019123101005198,PMHPL,49,20,10,84.00,840.00
2019-12-31,2019123101005369,PRIN,22,45,200,332.00,"66,400.00"
2019-12-31,2019123101005492,PRVU,57,43,262,223.00,"58,426.00"
2019-12-31,2019123101005491,PRVU,13,43,210,223.00,"46,830.00"
2019-12-31,2019123101005077,RADHI,14,20,11,140.00,"1,540.00"
2019-12-31,2019123101005526,RBCL,34,59,10,"8,500.00","85,000.00"
2019-12-31,2019123101005525,RBCL,52,59,10,"8,517.00","85,170.00"
2019-12-31,2019123101005524,RBCL,41,59,10,"8,521.00","85,210.00"
2019-12-31,2019123101005523,RBCL,26,59,15,"8,522.00","127,830.00"
2019-12-31,2019123101005522,RBCL,42,59,15,"8,525.00","127,875.00"
2019-12-31,2019123101005521,RBCL,42,59,20,"8,530.00","170,600.00"
2019-12-31,2019123101005520,RBCL,51,59,10,"8,540.00","85,400.00"
2019-12-31,2019123101005422,RHPC,40,3,48,70.00,"3,360.00"
2019-12-31,2019123101005362,RSDC,57,36,188,314.00,"59,032.00"
2019-12-31,2019123101005361,RSDC,58,36,100,314.00,"31,400.00"
2019-12-31,2019123101005360,RSDC,32,36,90,314.00,"28,260.00"
2019-12-31,2019123101005359,RSDC,6,36,340,315.00,"107,100.00"
2019-12-31,2019123101005358,RSDC,6,36,200,315.00,"63,000.00"
2019-12-31,2019123101005357,RSDC,48,36,50,315.00,"15,750.00"
2019-12-31,2019123101005356,RSDC,57,36,107,317.00,"33,919.00"
2019-12-31,2019123101005241,RSDC,32,57,52,318.00,"16,536.00"
2019-12-31,2019123101005100,SABSL,22,20,10,545.00,"5,450.00"
2019-12-31,2019123101005094,SABSL,22,49,90,545.00,"49,050.00"
2019-12-31,2019123101005093,SABSL,34,49,50,545.00,"27,250.00"
2019-12-31,2019123101005092,SABSL,28,49,10,546.00,"5,460.00"
2019-12-31,2019123101005367,SANIMA,41,36,24,313.00,"7,512.00"
2019-12-31,2019123101005366,SANIMA,38,36,200,313.00,"62,600.00"
2019-12-31,2019123101005365,SANIMA,39,36,180,313.00,"56,340.00"
2019-12-31,2019123101005364,SANIMA,29,36,350,314.00,"109,900.00"
2019-12-31,2019123101005353,SANIMA,29,11,150,314.00,"47,100.00"
2019-12-31,2019123101005352,SANIMA,6,11,100,314.00,"31,400.00"
2019-12-31,2019123101005468,SAPDBL,4,51,39,125.00,"4,875.00"
2019-12-31,2019123101005467,SAPDBL,4,52,61,124.00,"7,564.00"
2019-12-31,2019123101005162,SAPDBL,56,25,46,124.00,"5,704.00"
2019-12-31,2019123101005161,SAPDBL,4,25,55,124.00,"6,820.00"
2019-12-31,2019123101005160,SAPDBL,6,52,39,124.00,"4,836.00"
2019-12-31,2019123101005486,SBI,50,25,34,352.00,"11,968.00"
2019-12-31,2019123101005474,SBI,22,41,71,353.00,"25,063.00"
2019-12-31,2019123101005473,SBI,40,41,90,353.00,"31,770.00"
2019-12-31,2019123101005472,SBI,57,41,500,354.00,"177,000.00"
2019-12-31,2019123101005471,SBI,53,41,100,354.00,"35,400.00"
2019-12-31,2019123101005470,SBI,25,41,135,354.00,"47,790.00"
2019-12-31,2019123101005505,SBL,3,25,127,280.00,"35,560.00"
2019-12-31,2019123101005386,SBL,3,36,288,280.00,"80,640.00"
2019-12-31,2019123101005385,SBL,39,36,50,280.00,"14,000.00"
2019-12-31,2019123101005384,SBL,28,36,100,280.00,"28,000.00"
2019-12-31,2019123101005383,SBL,1,36,100,280.00,"28,000.00"
2019-12-31,2019123101005382,SBL,50,36,100,280.00,"28,000.00"
2019-12-31,2019123101005375,SBL,38,36,100,281.00,"28,100.00"
2019-12-31,2019123101005374,SBL,41,36,20,281.00,"5,620.00"
2019-12-31,2019123101005373,SBL,14,36,40,281.00,"11,240.00"
2019-12-31,2019123101005372,SBL,28,36,200,281.00,"56,200.00"
2019-12-31,2019123101005371,SBL,45,36,131,281.00,"36,811.00"
2019-12-31,2019123101005370,SBL,13,36,300,282.00,"84,600.00"
2019-12-31,2019123101005381,SBL,52,36,100,280.00,"28,000.00"
2019-12-31,2019123101005380,SBL,34,36,200,280.00,"56,000.00"
2019-12-31,2019123101005379,SBL,57,36,100,280.00,"28,000.00"
2019-12-31,2019123101005378,SBL,37,36,20,280.00,"5,600.00"
2019-12-31,2019123101005377,SBL,34,36,10,280.00,"2,800.00"
2019-12-31,2019123101005376,SBL,45,36,30,281.00,"8,430.00"
2019-12-31,2019123101005413,SCB,33,21,20,533.00,"10,660.00"
2019-12-31,2019123101005355,SCB,43,47,20,532.00,"10,640.00"
2019-12-31,2019123101005172,SDESI,51,26,100,580.00,"58,000.00"
2019-12-31,2019123101005279,SFFIL,32,39,60,186.00,"11,160.00"
2019-12-31,2019123101005278,SFFIL,34,39,10,186.00,"1,860.00"
2019-12-31,2019123101005277,SFFIL,38,39,50,186.00,"9,300.00"
2019-12-31,2019123101005270,SFFIL,40,39,100,188.00,"18,800.00"
2019-12-31,2019123101005183,SHINE,45,45,500,233.00,"116,500.00"
2019-12-31,2019123101005484,SHIVM,4,5,50,465.00,"23,250.00"
2019-12-31,2019123101005469,SHIVM,6,19,300,464.00,"139,200.00"
2019-12-31,2019123101005400,SIC,14,36,200,495.00,"99,000.00"
2019-12-31,2019123101005399,SIC,34,36,50,496.00,"24,800.00"
2019-12-31,2019123101005299,SIL,13,3,300,411.00,"123,300.00"
2019-12-31,2019123101005207,SINDU,44,52,760,132.00,"100,320.00"
2019-12-31,2019123101005206,SINDU,34,52,100,132.00,"13,200.00"
2019-12-31,2019123101005205,SINDU,56,52,100,132.00,"13,200.00"
2019-12-31,2019123101005204,SINDU,59,52,811,132.00,"107,052.00"
2019-12-31,2019123101005062,SINDU,41,57,30,133.00,"3,990.00"
2019-12-31,2019123101005445,SKBBL,41,56,40,795.00,"31,800.00"
2019-12-31,2019123101005444,SKBBL,22,56,60,795.00,"47,700.00"
2019-12-31,2019123101005440,SKBBL,43,56,100,796.00,"79,600.00"
2019-12-31,2019123101005306,SKBBL,52,53,50,800.00,"40,000.00"
2019-12-31,2019123101005167,SKBBL,41,53,100,800.00,"80,000.00"
2019-12-31,2019123101005071,SKBBL,50,45,20,800.00,"16,000.00"
2019-12-31,2019123101005064,SKBBL,50,53,50,799.00,"39,950.00"
2019-12-31,2019123101005070,SKBBL,50,45,50,800.00,"40,000.00"
2019-12-31,2019123101005069,SKBBL,50,17,200,800.00,"160,000.00"
2019-12-31,2019123101005068,SKBBL,50,41,500,800.00,"400,000.00"
2019-12-31,2019123101005067,SKBBL,50,34,100,800.00,"80,000.00"
2019-12-31,2019123101005066,SKBBL,50,10,326,799.00,"260,474.00"
2019-12-31,2019123101005065,SKBBL,50,25,50,799.00,"39,950.00"
2019-12-31,2019123101005452,SLBBL,47,40,50,547.00,"27,350.00"
2019-12-31,2019123101005415,SLBBL,28,36,500,550.00,"275,000.00"
2019-12-31,2019123101005414,SLBBL,51,36,50,552.00,"27,600.00"
2019-12-31,2019123101005519,SLICL,45,38,10,306.00,"3,060.00"
2019-12-31,2019123101005166,SLICL,46,4,28,304.00,"8,512.00"
2019-12-31,2019123101005159,SLICL,22,4,500,305.00,"152,500.00"
2019-12-31,2019123101005102,SLICL,42,38,36,309.00,"11,124.00"
2019-12-31,2019123101005098,SLICL,42,16,44,309.00,"13,596.00"
2019-12-31,2019123101005097,SLICL,21,16,100,309.00,"30,900.00"
2019-12-31,2019123101005096,SLICL,58,16,81,309.00,"25,029.00"
2019-12-31,2019123101005095,SLICL,49,16,111,309.00,"34,299.00"
2019-12-31,2019123101005146,SLICL,57,4,848,307.00,"260,336.00"
2019-12-31,2019123101005107,SLICL,57,38,152,307.00,"46,664.00"
2019-12-31,2019123101005106,SLICL,40,38,200,307.00,"61,400.00"
2019-12-31,2019123101005105,SLICL,53,38,120,308.00,"36,960.00"
2019-12-31,2019123101005104,SLICL,45,38,50,308.00,"15,400.00"
2019-12-31,2019123101005103,SLICL,22,38,300,308.00,"92,400.00"
2019-12-31,2019123101005152,SLICL,50,4,"1,000",306.00,"306,000.00"
2019-12-31,2019123101005151,SLICL,50,4,150,306.00,"45,900.00"
2019-12-31,2019123101005150,SLICL,29,4,100,306.00,"30,600.00"
2019-12-31,2019123101005149,SLICL,16,4,325,306.00,"99,450.00"
2019-12-31,2019123101005148,SLICL,25,4,200,306.00,"61,200.00"
2019-12-31,2019123101005147,SLICL,41,4,500,307.00,"153,500.00"
2019-12-31,2019123101005158,SLICL,34,4,100,305.00,"30,500.00"
2019-12-31,2019123101005157,SLICL,7,4,100,305.00,"30,500.00"
2019-12-31,2019123101005156,SLICL,34,4,100,305.00,"30,500.00"
2019-12-31,2019123101005155,SLICL,38,4,300,305.00,"91,500.00"
2019-12-31,2019123101005154,SLICL,49,4,50,306.00,"15,300.00"
2019-12-31,2019123101005153,SLICL,49,4,100,306.00,"30,600.00"
2019-12-31,2019123101005531,STC,39,5,50,"1,991.00","99,550.00"
2019-12-31,2019123101005530,STC,49,5,15,"1,992.00","29,880.00"
2019-12-31,2019123101005529,STC,44,5,16,"1,992.00","31,872.00"
2019-12-31,2019123101005528,STC,6,5,10,"1,995.00","19,950.00"
2019-12-31,2019123101005527,STC,28,5,100,"1,995.00","199,500.00"
2019-12-31,2019123101005513,STC,28,5,50,"1,995.00","99,750.00"
2019-12-31,2019123101005430,STC,57,5,10,"1,996.00","19,960.00"
2019-12-31,2019123101005389,STC,49,34,20,"1,997.00","39,940.00"
2019-12-31,2019123101005213,STC,5,34,20,"2,000.00","40,000.00"
2019-12-31,2019123101005179,STC,39,28,100,"2,000.00","200,000.00"
2019-12-31,2019123101005503,SWBBL,44,17,150,838.00,"125,700.00"
2019-12-31,2019123101005493,SWBBL,44,55,200,836.00,"167,200.00"
2019-12-31,2019123101005455,SWBBL,50,22,200,834.00,"166,800.00"
2019-12-31,2019123101005451,SWBBL,33,49,893,833.00,"743,869.00"
2019-12-31,2019123101005450,SWBBL,33,43,10,833.00,"8,330.00"
2019-12-31,2019123101005449,SWBBL,33,49,"2,000",832.00,"1,664,000.00"
2019-12-31,2019123101005448,SWBBL,33,10,300,832.00,"249,600.00"
2019-12-31,2019123101005447,SWBBL,33,34,10,832.00,"8,320.00"
2019-12-31,2019123101005446,SWBBL,33,21,43,832.00,"35,776.00"
2019-12-31,2019123101005416,SWBBL,38,35,82,829.00,"67,978.00"
2019-12-31,2019123101005502,TMDBL,40,34,30,153.00,"4,590.00"
2019-12-31,2019123101005214,TMDBL,56,34,20,154.00,"3,080.00"
2019-12-31,2019123101005410,TRH,3,54,140,271.00,"37,940.00"
2019-12-31,2019123101005210,UIC,26,58,18,297.00,"5,346.00"
2019-12-31,2019123101005115,UIC,6,58,101,297.00,"29,997.00"
2019-12-31,2019123101005109,UPPER,1,20,50,233.00,"11,650.00"
2019-12-31,2019123101005507,VLBS,41,58,200,625.00,"125,000.00"
2019-12-31,2019123101005429,VLBS,19,47,30,620.00,"18,600.00"
2019-12-31,2019123101004533,ADBL,53,47,20,365.00,"7,300.00"
2019-12-31,2019123101005019,AKJCL,52,20,10,58.00,580.00
2019-12-31,2019123101004792,AKJCL,52,45,10,58.00,580.00
2019-12-31,2019123101004668,AKJCL,52,20,10,58.00,580.00
2019-12-31,2019123101004983,AKPL,45,39,13,110.00,"1,430.00"
2019-12-31,2019123101004971,AKPL,45,26,84,110.00,"9,240.00"
2019-12-31,2019123101004953,AKPL,45,48,765,110.00,"84,150.00"
2019-12-31,2019123101004949,AKPL,49,26,501,109.00,"54,609.00"
2019-12-31,2019123101004948,AKPL,41,26,10,109.00,"1,090.00"
2019-12-31,2019123101004716,ALBSL,18,45,10,481.00,"4,810.00"
2019-12-31,2019123101004671,ALBSL,18,20,10,481.00,"4,810.00"
2019-12-31,2019123101004750,ALICL,50,21,25,379.00,"9,475.00"
2019-12-31,2019123101004964,BBC,19,58,24,"1,825.00","43,800.00"
2019-12-31,2019123101004963,BBC,29,58,20,"1,825.00","36,500.00"
2019-12-31,2019123101004962,BBC,50,58,56,"1,861.00","104,216.00"
2019-12-31,2019123101004936,BBC,40,48,78,"1,861.00","145,158.00"
2019-12-31,2019123101004942,BBC,50,48,44,"1,861.00","81,884.00"
2019-12-31,2019123101004941,BBC,33,48,200,"1,861.00","372,200.00"
2019-12-31,2019123101004940,BBC,43,48,50,"1,861.00","93,050.00"
2019-12-31,2019123101004939,BBC,25,48,20,"1,861.00","37,220.00"
2019-12-31,2019123101004938,BBC,28,48,10,"1,861.00","18,610.00"
2019-12-31,2019123101004937,BBC,38,48,100,"1,861.00","186,100.00"
2019-12-31,2019123101004693,BFC,51,42,10,85.00,850.00
2019-12-31,2019123101004591,BOKL,13,58,150,214.00,"32,100.00"
2019-12-31,2019123101004590,BOKL,25,58,14,214.00,"2,996.00"
2019-12-31,2019123101004586,BPCL,37,6,100,302.00,"30,200.00"
2019-12-31,2019123101004696,CBBL,40,44,200,799.00,"159,800.00"
2019-12-31,2019123101004695,CBBL,40,45,100,799.00,"79,900.00"
2019-12-31,2019123101004952,CBL,17,21,197,134.00,"26,398.00"
2019-12-31,2019123101004926,CBL,6,21,48,135.00,"6,480.00"
2019-12-31,2019123101004667,CIT,33,21,20,"2,090.00","41,800.00"
2019-12-31,2019123101004666,CIT,17,21,40,"2,090.00","83,600.00"
2019-12-31,2019123101004665,CIT,45,21,40,"2,090.00","83,600.00"
2019-12-31,2019123101004664,CIT,43,21,34,"2,091.00","71,094.00"
2019-12-31,2019123101004578,CIT,43,17,60,"2,091.00","125,460.00"
2019-12-31,2019123101004563,CIT,43,17,106,"2,091.00","221,646.00"
2019-12-31,2019123101004562,CIT,43,17,50,"2,092.00","104,600.00"
2019-12-31,2019123101004561,CIT,1,17,24,"2,092.00","50,208.00"
2019-12-31,2019123101004560,CIT,14,17,20,"2,093.00","41,860.00"
2019-12-31,2019123101004748,CMF1,43,45,"6,400",8.90,"56,960.00"
2019-12-31,2019123101004764,DDBL,34,28,500,864.00,"432,000.00"
2019-12-31,2019123101004763,DDBL,8,28,200,864.00,"172,800.00"
2019-12-31,2019123101004762,DDBL,40,28,500,865.00,"432,500.00"
2019-12-31,2019123101004761,DDBL,40,28,100,866.00,"86,600.00"
2019-12-31,2019123101004760,DDBL,59,28,100,868.00,"86,800.00"
2019-12-31,2019123101004856,EBL,37,14,200,523.00,"104,600.00"
2019-12-31,2019123101004855,EBL,16,14,140,523.00,"73,220.00"
2019-12-31,2019123101004587,EBL,16,41,50,523.00,"26,150.00"
2019-12-31,2019123101004539,EBL,16,21,250,523.00,"130,750.00"
2019-12-31,2019123101005032,EDBL,17,52,50,289.00,"14,450.00"
2019-12-31,2019123101004978,EDBL,17,39,75,289.00,"21,675.00"
2019-12-31,2019123101004977,EDBL,16,39,100,290.00,"29,000.00"
2019-12-31,2019123101004850,EIC,57,47,50,275.00,"13,750.00"
2019-12-31,2019123101004849,EIC,57,6,74,275.00,"20,350.00"
2019-12-31,2019123101004795,EIC,28,34,500,273.00,"136,500.00"
2019-12-31,2019123101004793,GBBL,28,16,200,202.00,"40,400.00"
2019-12-31,2019123101004773,GBBL,17,52,31,201.00,"6,231.00"
2019-12-31,2019123101004772,GBBL,49,52,18,201.00,"3,618.00"
2019-12-31,2019123101004597,GBBL,40,16,74,202.00,"14,948.00"
2019-12-31,2019123101004596,GBBL,40,16,26,202.00,"5,252.00"
2019-12-31,2019123101004970,GBLBS,34,19,385,317.00,"122,045.00"
2019-12-31,2019123101004969,GBLBS,3,19,100,317.00,"31,700.00"
2019-12-31,2019123101004968,GBLBS,6,19,200,317.00,"63,400.00"
2019-12-31,2019123101004967,GBLBS,14,19,300,317.00,"95,100.00"
2019-12-31,2019123101004966,GBLBS,56,19,15,317.00,"4,755.00"
2019-12-31,2019123101004986,GGBSL,8,8,10,603.00,"6,030.00"
2019-12-31,2019123101004549,GGBSL,38,58,50,604.00,"30,200.00"
2019-12-31,2019123101004913,GILB,57,25,2,845.00,"1,690.00"
2019-12-31,2019123101004910,GILB,57,25,2,845.00,"1,690.00"
2019-12-31,2019123101004747,GILB,33,50,58,840.00,"48,720.00"
2019-12-31,2019123101004746,GILB,33,34,10,840.00,"8,400.00"
2019-12-31,2019123101004662,GLBSL,26,29,10,450.00,"4,500.00"
2019-12-31,2019123101004566,GLBSL,38,38,10,451.00,"4,510.00"
2019-12-31,2019123101004565,GLBSL,38,20,10,451.00,"4,510.00"
2019-12-31,2019123101004731,GLICL,7,58,59,465.00,"27,435.00"
2019-12-31,2019123101004730,GLICL,1,58,71,465.00,"33,015.00"
2019-12-31,2019123101004729,GLICL,14,58,300,465.00,"139,500.00"
2019-12-31,2019123101004728,GLICL,50,58,100,465.00,"46,500.00"
2019-12-31,2019123101004727,GLICL,34,58,13,466.00,"6,058.00"
2019-12-31,2019123101004663,GLICL,34,41,25,466.00,"11,650.00"
2019-12-31,2019123101004630,GMFBS,28,45,10,566.00,"5,660.00"
2019-12-31,2019123101004890,HBL,11,45,70,505.00,"35,350.00"
2019-12-31,2019123101004709,HBL,11,59,100,505.00,"50,500.00"
2019-12-31,2019123101004867,HDL,18,4,80,"1,226.00","98,080.00"
2019-12-31,2019123101004866,HDL,56,4,100,"1,226.00","122,600.00"
2019-12-31,2019123101004865,HDL,37,4,11,"1,227.00","13,497.00"
2019-12-31,2019123101004864,HDL,54,4,50,"1,227.00","61,350.00"
2019-12-31,2019123101004784,HDL,54,34,50,"1,227.00","61,350.00"
2019-12-31,2019123101004783,HDL,45,34,200,"1,227.00","245,400.00"
2019-12-31,2019123101004672,HDL,11,14,50,"1,233.00","61,650.00"
2019-12-31,2019123101004670,HDL,37,58,100,"1,240.00","124,000.00"
2019-12-31,2019123101004678,HDL,39,14,50,"1,230.00","61,500.00"
2019-12-31,2019123101004677,HDL,19,14,30,"1,230.00","36,900.00"
2019-12-31,2019123101004676,HDL,11,14,50,"1,230.00","61,500.00"
2019-12-31,2019123101004675,HDL,19,14,50,"1,231.00","61,550.00"
2019-12-31,2019123101004674,HDL,14,14,100,"1,232.00","123,200.00"
2019-12-31,2019123101004673,HDL,28,14,100,"1,232.00","123,200.00"
2019-12-31,2019123101004782,HDL,52,34,100,"1,228.00","122,800.00"
2019-12-31,2019123101004781,HDL,32,34,100,"1,229.00","122,900.00"
2019-12-31,2019123101004780,HDL,38,34,50,"1,229.00","61,450.00"
2019-12-31,2019123101004759,HDL,37,58,100,"1,230.00","123,000.00"
2019-12-31,2019123101004680,HDL,57,14,50,"1,230.00","61,500.00"
2019-12-31,2019123101004679,HDL,45,14,50,"1,230.00","61,500.00"
2019-12-31,2019123101004957,HGI,34,42,670,287.00,"192,290.00"
2019-12-31,2019123101004956,HGI,43,42,200,288.00,"57,600.00"
2019-12-31,2019123101004955,HGI,22,42,50,288.00,"14,400.00"
2019-12-31,2019123101004954,HGI,53,42,80,288.00,"23,040.00"
2019-12-31,2019123101004790,HGI,28,34,20,290.00,"5,800.00"
2019-12-31,2019123101004583,HGI,53,21,20,288.00,"5,760.00"
2019-12-31,2019123101004909,HIDCL,22,48,15,143.00,"2,145.00"
2019-12-31,2019123101004830,HIDCL,48,51,"1,412",144.00,"203,328.00"
2019-12-31,2019123101004620,HIDCL,50,51,351,144.00,"50,544.00"
2019-12-31,2019123101004611,HIDCL,40,51,100,144.00,"14,400.00"
2019-12-31,2019123101004608,HIDCL,22,49,50,143.00,"7,150.00"
2019-12-31,2019123101004607,HIDCL,58,49,300,143.00,"42,900.00"
2019-12-31,2019123101004600,HIDCL,26,49,300,143.00,"42,900.00"
2019-12-31,2019123101004599,HIDCL,5,49,149,143.00,"21,307.00"
