Date,Transact. No.,Symbol,Buyer,Seller,Quantity,Rate,Amount
2019-12-12,2019121201009984,ADBL,37,58,800,412.00,"329,600.00"
2019-12-12,2019121201009836,AHPC,58,28,500,102.00,"51,000.00"
2019-12-12,2019121201010063,AKBSL,41,10,100,473.00,"47,300.00"
2019-12-12,2019121201010037,AKBSL,41,10,50,474.00,"23,700.00"
2019-12-12,2019121201009835,AKPL,58,28,10,128.00,"1,280.00"
2019-12-12,2019121201009683,AKPL,58,44,637,125.00,"79,625.00"
2019-12-12,2019121201010102,ALBSL,22,35,10,471.00,"4,710.00"
2019-12-12,2019121201010101,ALBSL,22,44,10,469.00,"4,690.00"
2019-12-12,2019121201010100,ALBSL,22,13,100,467.00,"46,700.00"
2019-12-12,2019121201009809,ALBSL,34,13,10,467.00,"4,670.00"
2019-12-12,2019121201009997,ALICL,14,45,10,385.00,"3,850.00"
2019-12-12,2019121201009878,ALICL,14,6,266,379.00,"100,814.00"
2019-12-12,2019121201009877,ALICL,25,6,100,380.00,"38,000.00"
2019-12-12,2019121201009876,ALICL,26,6,10,380.00,"3,800.00"
2019-12-12,2019121201009875,ALICL,50,6,10,381.00,"3,810.00"
2019-12-12,2019121201009867,ALICL,14,45,10,385.00,"3,850.00"
2019-12-12,2019121201009848,ALICL,34,45,10,385.00,"3,850.00"
2019-12-12,2019121201009743,ALICL,50,50,200,381.00,"76,200.00"
2019-12-12,2019121201009715,ALICL,50,45,100,381.00,"38,100.00"
2019-12-12,2019121201010129,API,51,44,50,113.00,"5,650.00"
2019-12-12,2019121201010099,API,25,44,20,113.00,"2,260.00"
2019-12-12,2019121201010078,API,34,25,500,111.00,"55,500.00"
2019-12-12,2019121201009988,API,25,44,13,113.00,"1,469.00"
2019-12-12,2019121201009987,API,25,38,187,112.00,"20,944.00"
2019-12-12,2019121201009908,API,39,38,13,112.00,"1,456.00"
2019-12-12,2019121201010077,BFC,8,40,500,87.00,"43,500.00"
2019-12-12,2019121201009903,BFC,8,13,400,87.00,"34,800.00"
2019-12-12,2019121201009902,BFC,25,13,100,87.00,"8,700.00"
2019-12-12,2019121201009845,BOKL,42,49,10,218.00,"2,180.00"
2019-12-12,2019121201009653,BOKL,56,6,16,217.00,"3,472.00"
2019-12-12,2019121201009652,BOKL,32,6,500,217.00,"108,500.00"
2019-12-12,2019121201009651,BOKL,48,6,200,217.00,"43,400.00"
2019-12-12,2019121201009650,BOKL,7,6,50,217.00,"10,850.00"
2019-12-12,2019121201009844,BPCL,33,58,10,366.00,"3,660.00"
2019-12-12,2019121201009815,BPCL,58,54,"1,750",360.00,"630,000.00"
2019-12-12,2019121201009814,BPCL,43,54,250,361.00,"90,250.00"
2019-12-12,2019121201009813,BPCL,33,54,"1,000",361.00,"361,000.00"
2019-12-12,2019121201009812,BPCL,49,54,500,361.00,"180,500.00"
2019-12-12,2019121201009849,CBBL,41,49,100,810.00,"81,000.00"
2019-12-12,2019121201010134,CBL,43,35,38,137.00,"5,206.00"
2019-12-12,2019121201010133,CBL,34,35,"1,500",137.00,"205,500.00"
2019-12-12,2019121201010132,CBL,36,35,20,137.00,"2,740.00"
2019-12-12,2019121201010131,CBL,45,35,200,137.00,"27,400.00"
2019-12-12,2019121201010130,CBL,51,35,242,137.00,"33,154.00"
2019-12-12,2019121201010054,CCBL,4,7,471,170.00,"80,070.00"
2019-12-12,2019121201009850,CCBL,45,53,10,171.00,"1,710.00"
2019-12-12,2019121201009772,CCBL,4,45,"1,000",170.00,"170,000.00"
2019-12-12,2019121201009663,CCBL,4,7,60,169.00,"10,140.00"
2019-12-12,2019121201009662,CCBL,4,8,140,169.00,"23,660.00"
2019-12-12,2019121201009728,CCBL,4,7,90,169.00,"15,210.00"
2019-12-12,2019121201009721,CCBL,4,7,300,169.00,"50,700.00"
2019-12-12,2019121201009714,CCBL,4,7,100,169.00,"16,900.00"
2019-12-12,2019121201009701,CCBL,4,7,150,169.00,"25,350.00"
2019-12-12,2019121201009682,CCBL,4,7,100,169.00,"16,900.00"
2019-12-12,2019121201009674,CCBL,4,7,200,169.00,"33,800.00"
2019-12-12,2019121201009765,CCBL,4,25,500,170.00,"85,000.00"
2019-12-12,2019121201009764,CCBL,4,16,250,170.00,"42,500.00"
2019-12-12,2019121201009763,CCBL,4,44,490,170.00,"83,300.00"
2019-12-12,2019121201009762,CCBL,4,41,16,170.00,"2,720.00"
2019-12-12,2019121201009761,CCBL,4,22,120,169.00,"20,280.00"
2019-12-12,2019121201009729,CCBL,4,22,10,169.00,"1,690.00"
2019-12-12,2019121201009771,CCBL,4,1,300,170.00,"51,000.00"
2019-12-12,2019121201009770,CCBL,4,45,120,170.00,"20,400.00"
2019-12-12,2019121201009769,CCBL,4,7,"1,000",170.00,"170,000.00"
2019-12-12,2019121201009768,CCBL,4,44,50,170.00,"8,500.00"
2019-12-12,2019121201009767,CCBL,4,35,183,170.00,"31,110.00"
2019-12-12,2019121201009766,CCBL,4,19,500,170.00,"85,000.00"
2019-12-12,2019121201009933,CHCL,55,40,"1,000",363.00,"363,000.00"
2019-12-12,2019121201009932,CHCL,26,40,50,364.00,"18,200.00"
2019-12-12,2019121201009931,CHCL,35,40,101,364.00,"36,764.00"
2019-12-12,2019121201009722,CHCL,25,34,10,368.00,"3,680.00"
2019-12-12,2019121201010108,CZBIL,48,6,231,189.00,"43,659.00"
2019-12-12,2019121201010107,CZBIL,48,6,34,189.00,"6,426.00"
2019-12-12,2019121201010106,CZBIL,48,53,200,189.00,"37,800.00"
2019-12-12,2019121201010105,CZBIL,48,6,250,188.00,"47,000.00"
2019-12-12,2019121201010104,CZBIL,48,13,185,188.00,"34,780.00"
2019-12-12,2019121201010033,DBBL,43,57,100,125.00,"12,500.00"
2019-12-12,2019121201010032,DBBL,43,29,490,125.00,"61,250.00"
2019-12-12,2019121201009837,DBBL,26,29,10,125.00,"1,250.00"
2019-12-12,2019121201009782,DBBL,40,57,46,123.00,"5,658.00"
2019-12-12,2019121201009781,DBBL,34,57,10,123.00,"1,230.00"
2019-12-12,2019121201009780,DBBL,32,57,300,123.00,"36,900.00"
2019-12-12,2019121201009694,DBBL,32,57,700,123.00,"86,100.00"
2019-12-12,2019121201009693,DBBL,41,57,28,124.00,"3,472.00"
2019-12-12,2019121201009692,DBBL,51,57,200,124.00,"24,800.00"
2019-12-12,2019121201009691,DBBL,51,57,100,124.00,"12,400.00"
2019-12-12,2019121201009690,DBBL,57,57,972,124.00,"120,528.00"
2019-12-12,2019121201010085,DDBL,41,6,500,900.00,"450,000.00"
2019-12-12,2019121201010076,DDBL,45,56,50,901.00,"45,050.00"
2019-12-12,2019121201010075,DDBL,32,56,150,901.00,"135,150.00"
2019-12-12,2019121201010071,DDBL,58,35,15,904.00,"13,560.00"
2019-12-12,2019121201010003,DDBL,54,35,10,904.00,"9,040.00"
2019-12-12,2019121201009930,DDBL,8,34,200,905.00,"181,000.00"
2019-12-12,2019121201009702,DDBL,45,51,20,902.00,"18,040.00"
2019-12-12,2019121201009697,DDBL,14,34,100,902.00,"90,200.00"
2019-12-12,2019121201009667,DDBL,39,50,10,905.00,"9,050.00"
2019-12-12,2019121201009799,DDBL,14,39,15,901.00,"13,515.00"
2019-12-12,2019121201009788,DDBL,14,58,50,901.00,"45,050.00"
2019-12-12,2019121201009713,DDBL,14,39,235,901.00,"211,735.00"
2019-12-12,2019121201009712,DDBL,45,39,100,901.00,"90,100.00"
2019-12-12,2019121201009711,DDBL,20,39,85,901.00,"76,585.00"
2019-12-12,2019121201009710,DDBL,45,39,180,902.00,"162,360.00"
2019-12-12,2019121201009929,DDBL,8,56,150,905.00,"135,750.00"
2019-12-12,2019121201009913,DDBL,41,39,84,900.00,"75,600.00"
2019-12-12,2019121201009912,DDBL,41,39,100,901.00,"90,100.00"
2019-12-12,2019121201009911,DDBL,25,39,420,902.00,"378,840.00"
2019-12-12,2019121201009847,DDBL,25,50,80,902.00,"72,160.00"
2019-12-12,2019121201009800,DDBL,41,39,391,900.00,"351,900.00"
2019-12-12,2019121201010139,EBL,40,44,500,563.00,"281,500.00"
2019-12-12,2019121201010017,EBL,26,44,300,563.00,"168,900.00"
2019-12-12,2019121201009994,EBL,33,6,230,561.00,"129,030.00"
2019-12-12,2019121201009993,EBL,33,6,310,561.00,"173,910.00"
2019-12-12,2019121201009675,EBL,1,38,100,562.00,"56,200.00"
2019-12-12,2019121201009905,EBL,7,38,200,562.00,"112,400.00"
2019-12-12,2019121201010112,EIC,29,33,500,274.00,"137,000.00"
2019-12-12,2019121201010000,EIC,6,16,400,275.00,"110,000.00"
2019-12-12,2019121201009760,EIC,34,38,400,272.00,"108,800.00"
2019-12-12,2019121201009826,FMDBL,42,57,100,340.00,"34,000.00"
2019-12-12,2019121201009825,FMDBL,42,44,500,339.00,"169,500.00"
2019-12-12,2019121201009824,FMDBL,42,14,400,338.00,"135,200.00"
2019-12-12,2019121201010126,FOWAD,17,6,20,"1,367.00","27,340.00"
2019-12-12,2019121201010125,FOWAD,17,34,10,"1,370.00","13,700.00"
2019-12-12,2019121201009818,FOWAD,20,34,25,"1,370.00","34,250.00"
2019-12-12,2019121201009851,GBBL,1,44,450,206.00,"92,700.00"
2019-12-12,2019121201010135,GBLBS,33,46,10,329.00,"3,290.00"
2019-12-12,2019121201009949,GBLBS,52,33,50,328.00,"16,400.00"
2019-12-12,2019121201009919,GBLBS,52,37,50,327.00,"16,350.00"
2019-12-12,2019121201009817,GBLBS,7,19,165,325.00,"53,625.00"
2019-12-12,2019121201009671,GBLBS,52,19,135,327.00,"44,145.00"
2019-12-12,2019121201009831,GGBSL,11,35,100,637.00,"63,700.00"
2019-12-12,2019121201009830,GGBSL,11,1,10,635.00,"6,350.00"
2019-12-12,2019121201009829,GGBSL,11,48,10,635.00,"6,350.00"
2019-12-12,2019121201009828,GGBSL,11,40,10,632.00,"6,320.00"
2019-12-12,2019121201009827,GGBSL,11,16,10,630.00,"6,300.00"
2019-12-12,2019121201009746,GILB,26,34,25,830.00,"20,750.00"
2019-12-12,2019121201009745,GILB,11,34,29,830.00,"24,070.00"
2019-12-12,2019121201009989,GLICL,19,42,500,464.00,"232,000.00"
2019-12-12,2019121201009904,GLICL,25,34,190,463.00,"87,970.00"
2019-12-12,2019121201009704,GLICL,45,20,10,460.00,"4,600.00"
2019-12-12,2019121201009703,GLICL,16,20,41,461.00,"18,901.00"
2019-12-12,2019121201009696,GLICL,16,41,59,461.00,"27,199.00"
2019-12-12,2019121201009695,GLICL,42,41,20,461.00,"9,220.00"
2019-12-12,2019121201009676,GLICL,52,20,200,462.00,"92,400.00"
2019-12-12,2019121201009654,GLICL,19,56,49,464.00,"22,736.00"
2019-12-12,2019121201010096,GMFBS,28,43,10,604.00,"6,040.00"
2019-12-12,2019121201010095,GMFBS,28,28,10,603.00,"6,030.00"
2019-12-12,2019121201010094,GMFBS,28,25,10,601.00,"6,010.00"
2019-12-12,2019121201010093,GMFBS,28,21,10,601.00,"6,010.00"
2019-12-12,2019121201010092,GMFBS,28,45,20,601.00,"12,020.00"
2019-12-12,2019121201010091,GMFBS,28,44,10,600.00,"6,000.00"
2019-12-12,2019121201009942,GMFBS,36,7,100,595.00,"59,500.00"
2019-12-12,2019121201009941,HBL,41,44,153,504.00,"77,112.00"
2019-12-12,2019121201009940,HBL,41,53,47,503.00,"23,641.00"
2019-12-12,2019121201009730,HBL,37,57,15,500.00,"7,500.00"
2019-12-12,2019121201009672,HBL,26,57,10,504.00,"5,040.00"
2019-12-12,2019121201010115,HDL,58,34,100,"1,241.00","124,100.00"
2019-12-12,2019121201010114,HDL,14,34,100,"1,241.00","124,100.00"
2019-12-12,2019121201010014,HDL,58,48,100,"1,248.00","124,800.00"
2019-12-12,2019121201010064,HGI,38,34,450,299.00,"134,550.00"
2019-12-12,2019121201009957,HGI,6,19,300,299.00,"89,700.00"
2019-12-12,2019121201009956,HGI,6,36,500,299.00,"149,500.00"
2019-12-12,2019121201009955,HGI,6,36,500,299.00,"149,500.00"
2019-12-12,2019121201009954,HGI,6,46,20,299.00,"5,980.00"
2019-12-12,2019121201009953,HGI,6,22,30,299.00,"8,970.00"
2019-12-12,2019121201009724,HGI,42,45,20,298.00,"5,960.00"
2019-12-12,2019121201009709,HGI,41,36,500,299.00,"149,500.00"
2019-12-12,2019121201009669,HGI,42,41,220,298.00,"65,560.00"
2019-12-12,2019121201009952,HGI,6,37,100,299.00,"29,900.00"
2019-12-12,2019121201009951,HGI,6,36,53,299.00,"15,847.00"
2019-12-12,2019121201009853,HGI,40,7,84,298.00,"25,032.00"
2019-12-12,2019121201009852,HGI,42,7,15,298.00,"4,470.00"
2019-12-12,2019121201009823,HGI,43,36,200,299.00,"59,800.00"
2019-12-12,2019121201009732,HGI,42,45,20,298.00,"5,960.00"
2019-12-12,2019121201010044,HIDCL,35,19,200,139.00,"27,800.00"
2019-12-12,2019121201009947,HIDCL,5,19,50,139.00,"6,950.00"
2019-12-12,2019121201009927,HIDCL,5,52,311,137.00,"42,607.00"
2019-12-12,2019121201009926,HIDCL,5,11,111,137.00,"15,207.00"
2019-12-12,2019121201009855,HIDCL,49,52,89,137.00,"12,193.00"
2019-12-12,2019121201009854,HIDCL,49,7,11,137.00,"1,507.00"
2019-12-12,2019121201009740,HIDCL,5,7,50,137.00,"6,850.00"
2019-12-12,2019121201010009,ICFC,7,39,52,162.00,"8,424.00"
2019-12-12,2019121201010008,ICFC,26,39,200,162.00,"32,400.00"
2019-12-12,2019121201010007,ICFC,52,39,100,163.00,"16,300.00"
2019-12-12,2019121201009906,IGI,55,21,100,325.00,"32,500.00"
2019-12-12,2019121201010097,ILBS,44,58,10,575.00,"5,750.00"
2019-12-12,2019121201009649,ILBS,44,38,10,580.00,"5,800.00"
2019-12-12,2019121201009648,ILBS,44,57,100,579.00,"57,900.00"
2019-12-12,2019121201009647,ILBS,44,58,25,578.00,"14,450.00"
2019-12-12,2019121201009965,JBBL,49,13,300,169.00,"50,700.00"
2019-12-12,2019121201009964,JBBL,35,13,350,169.00,"59,150.00"
2019-12-12,2019121201009790,JBBL,1,19,70,170.00,"11,900.00"
2019-12-12,2019121201010111,JSLBB,44,51,64,"1,247.00","79,808.00"
2019-12-12,2019121201010110,JSLBB,44,34,80,"1,241.00","99,280.00"
2019-12-12,2019121201010089,JSLBB,22,34,100,"1,241.00","124,100.00"
2019-12-12,2019121201009774,KBL,13,53,50,182.00,"9,100.00"
2019-12-12,2019121201009670,KBL,53,25,58,183.00,"10,614.00"
2019-12-12,2019121201009668,KBL,46,25,550,183.00,"100,650.00"
2019-12-12,2019121201010080,KSBBL,6,40,60,138.00,"8,280.00"
2019-12-12,2019121201009839,KSBBL,50,40,440,140.00,"61,600.00"
2019-12-12,2019121201009838,KSBBL,50,34,60,139.00,"8,340.00"
2019-12-12,2019121201010049,LBBL,51,25,400,194.00,"77,600.00"
2019-12-12,2019121201009793,LBBL,45,25,50,194.00,"9,700.00"
2019-12-12,2019121201009958,LGIL,52,21,10,360.00,"3,600.00"
2019-12-12,2019121201009846,LGIL,35,45,100,357.00,"35,700.00"
2019-12-12,2019121201009803,LGIL,42,21,10,360.00,"3,600.00"
2019-12-12,2019121201009802,LGIL,42,6,40,358.00,"14,320.00"
2019-12-12,2019121201009801,LGIL,42,44,490,357.00,"174,930.00"
2019-12-12,2019121201009744,LGIL,52,44,10,357.00,"3,570.00"
2019-12-12,2019121201009731,LGIL,52,41,76,353.00,"26,828.00"
2019-12-12,2019121201009700,LICN,19,43,100,"1,060.00","106,000.00"
2019-12-12,2019121201010127,MBL,3,34,15,223.00,"3,345.00"
2019-12-12,2019121201009995,MBL,33,34,10,223.00,"2,230.00"
2019-12-12,2019121201009915,MBL,41,32,411,222.00,"91,242.00"
2019-12-12,2019121201009914,MBL,49,32,589,222.00,"130,758.00"
2019-12-12,2019121201009655,MBL,49,58,214,222.00,"47,508.00"
2019-12-12,2019121201010090,MEGA,56,48,10,190.00,"1,900.00"
2019-12-12,2019121201010055,MEGA,56,48,10,190.00,"1,900.00"
2019-12-12,2019121201010031,MEGA,43,48,20,190.00,"3,800.00"
2019-12-12,2019121201010030,MEGA,43,36,200,189.00,"37,800.00"
2019-12-12,2019121201010029,MEGA,43,51,660,189.00,"124,740.00"
2019-12-12,2019121201010028,MEGA,56,51,10,189.00,"1,890.00"
2019-12-12,2019121201009923,MEGA,43,51,10,189.00,"1,890.00"
2019-12-12,2019121201009948,MFIL,26,19,"1,019",135.00,"137,565.00"
2019-12-12,2019121201010074,MLBBL,32,28,10,555.00,"5,550.00"
2019-12-12,2019121201010053,MNBBL,22,34,155,283.00,"43,865.00"
2019-12-12,2019121201010052,MNBBL,22,57,50,283.00,"14,150.00"
2019-12-12,2019121201010051,MNBBL,22,32,95,283.00,"26,885.00"
2019-12-12,2019121201009868,MNBBL,26,14,600,282.00,"169,200.00"
2019-12-12,2019121201009778,MNBBL,26,42,200,282.00,"56,400.00"
2019-12-12,2019121201009998,MSMBS,32,37,10,560.00,"5,600.00"
2019-12-12,2019121201009860,MSMBS,6,37,10,560.00,"5,600.00"
2019-12-12,2019121201010038,NABIL,8,4,300,749.00,"224,700.00"
2019-12-12,2019121201009742,NABIL,17,47,462,748.00,"345,576.00"
2019-12-12,2019121201009698,NABIL,6,47,100,749.00,"74,900.00"
2019-12-12,2019121201010079,NADEP,39,13,190,478.00,"90,820.00"
2019-12-12,2019121201009991,NADEP,1,13,100,478.00,"47,800.00"
2019-12-12,2019121201009806,NADEP,57,13,10,478.00,"4,780.00"
2019-12-12,2019121201009718,NBB,28,19,50,194.00,"9,700.00"
2019-12-12,2019121201009717,NBB,28,49,50,194.00,"9,700.00"
2019-12-12,2019121201010138,NBL,33,4,20,314.00,"6,280.00"
2019-12-12,2019121201010065,NBL,44,4,197,314.00,"61,858.00"
2019-12-12,2019121201010020,NBL,44,32,"1,803",314.00,"566,142.00"
2019-12-12,2019121201009982,NBL,22,32,20,314.00,"6,280.00"
2019-12-12,2019121201009981,NBL,22,35,480,314.00,"150,720.00"
2019-12-12,2019121201009916,NBL,32,51,500,313.00,"156,500.00"
2019-12-12,2019121201009822,NBL,36,35,20,314.00,"6,280.00"
2019-12-12,2019121201009705,NBL,47,32,500,314.00,"157,000.00"
2019-12-12,2019121201010034,NCCB,40,40,100,205.00,"20,500.00"
2019-12-12,2019121201009920,NCCB,33,40,10,205.00,"2,050.00"
2019-12-12,2019121201009688,NCCB,57,50,595,203.00,"120,785.00"
2019-12-12,2019121201009687,NCCB,51,50,320,203.00,"64,960.00"
2019-12-12,2019121201009686,NCCB,4,50,85,204.00,"17,340.00"
2019-12-12,2019121201009973,NGPL,17,48,22,114.00,"2,508.00"
2019-12-12,2019121201009972,NGPL,44,48,78,115.00,"8,970.00"
2019-12-12,2019121201009819,NGPL,44,49,140,115.00,"16,100.00"
2019-12-12,2019121201009661,NGPL,44,25,200,115.00,"23,000.00"
2019-12-12,2019121201009925,NHPC,38,11,10,55.00,550.00
2019-12-12,2019121201010045,NICA,5,45,25,414.00,"10,350.00"
2019-12-12,2019121201009856,NICA,49,38,100,413.00,"41,300.00"
2019-12-12,2019121201010146,NICL,13,52,142,314.00,"44,588.00"
2019-12-12,2019121201010145,NICL,13,44,300,314.00,"94,200.00"
2019-12-12,2019121201010109,NICL,25,44,200,314.00,"62,800.00"
2019-12-12,2019121201010018,NICL,36,44,500,314.00,"157,000.00"
2019-12-12,2019121201009990,NICL,13,6,200,314.00,"62,800.00"
2019-12-12,2019121201009950,NICL,13,6,200,314.00,"62,800.00"
2019-12-12,2019121201009756,NICL,57,44,95,314.00,"29,830.00"
2019-12-12,2019121201009918,NICL,36,6,100,314.00,"31,400.00"
2019-12-12,2019121201009917,NICL,36,58,400,314.00,"125,600.00"
2019-12-12,2019121201009864,NICL,10,58,100,314.00,"31,400.00"
2019-12-12,2019121201009863,NICL,10,44,100,314.00,"31,400.00"
2019-12-12,2019121201009859,NICL,13,44,400,314.00,"125,600.00"
2019-12-12,2019121201009858,NICL,13,17,100,314.00,"31,400.00"
2019-12-12,2019121201010140,NIL,58,43,10,438.00,"4,380.00"
2019-12-12,2019121201010116,NIL,52,53,90,435.00,"39,150.00"
2019-12-12,2019121201010062,NIL,58,53,10,438.00,"4,380.00"
2019-12-12,2019121201009794,NIL,21,45,120,432.00,"51,840.00"
2019-12-12,2019121201009751,NIL,59,45,64,433.00,"27,712.00"
2019-12-12,2019121201009750,NIL,43,45,80,434.00,"34,720.00"
2019-12-12,2019121201009749,NIL,43,45,120,434.00,"52,080.00"
2019-12-12,2019121201010137,NLBBL,33,39,100,571.00,"57,100.00"
2019-12-12,2019121201009833,NLBBL,28,6,419,572.00,"239,668.00"
2019-12-12,2019121201009748,NLBBL,28,51,20,572.00,"11,440.00"
2019-12-12,2019121201010117,NLG,40,34,10,614.00,"6,140.00"
2019-12-12,2019121201010088,NLG,45,26,180,602.00,"108,360.00"
2019-12-12,2019121201010087,NLG,34,26,20,603.00,"12,060.00"
2019-12-12,2019121201009971,NLG,46,25,27,610.00,"16,470.00"
2019-12-12,2019121201009970,NLG,46,10,80,606.00,"48,480.00"
2019-12-12,2019121201010103,NLIC,49,28,200,915.00,"183,000.00"
2019-12-12,2019121201010072,NLIC,34,57,17,915.00,"15,555.00"
2019-12-12,2019121201010047,NLIC,51,19,50,913.00,"45,650.00"
2019-12-12,2019121201010046,NLIC,51,33,81,913.00,"73,953.00"
2019-12-12,2019121201010027,NLIC,19,33,60,913.00,"54,780.00"
2019-12-12,2019121201010026,NLIC,19,41,40,913.00,"36,520.00"
2019-12-12,2019121201009679,NLIC,4,33,33,912.00,"30,096.00"
2019-12-12,2019121201009678,NLIC,4,33,90,910.00,"81,900.00"
2019-12-12,2019121201009960,NLIC,42,44,50,912.00,"45,600.00"
2019-12-12,2019121201009936,NLIC,42,55,30,910.00,"27,300.00"
2019-12-12,2019121201009935,NLIC,26,55,25,910.00,"22,750.00"
2019-12-12,2019121201009934,NLIC,38,55,100,910.00,"91,000.00"
2019-12-12,2019121201009928,NLIC,49,44,16,912.00,"14,592.00"
2019-12-12,2019121201009680,NLIC,4,33,27,913.00,"24,651.00"
2019-12-12,2019121201010086,NLICL,43,7,10,498.00,"4,980.00"
2019-12-12,2019121201010122,NMB,50,54,269,397.00,"106,793.00"
2019-12-12,2019121201010121,NMB,47,54,500,397.00,"198,500.00"
2019-12-12,2019121201010120,NMB,17,54,100,397.00,"39,700.00"
2019-12-12,2019121201010119,NMB,43,54,30,397.00,"11,910.00"
2019-12-12,2019121201010118,NMB,40,54,101,397.00,"40,097.00"
2019-12-12,2019121201010084,NMB,4,33,210,398.00,"83,580.00"
2019-12-12,2019121201009707,NMB,1,16,206,398.00,"81,988.00"
2019-12-12,2019121201010083,NMB,4,34,290,398.00,"115,420.00"
2019-12-12,2019121201010002,NMB,29,34,50,398.00,"19,900.00"
2019-12-12,2019121201009986,NMB,33,34,10,398.00,"3,980.00"
2019-12-12,2019121201009907,NMB,40,19,400,397.00,"158,800.00"
2019-12-12,2019121201009789,NMB,41,34,100,398.00,"39,800.00"
2019-12-12,2019121201009708,NMB,1,50,294,398.00,"117,012.00"
2019-12-12,2019121201010128,NMBMF,50,41,20,587.00,"11,740.00"
2019-12-12,2019121201009792,NMBMF,16,45,21,576.00,"12,096.00"
2019-12-12,2019121201009755,NMBMF,34,41,10,593.00,"5,930.00"
2019-12-12,2019121201009985,NMFBS,10,38,22,"1,261.00","27,742.00"
2019-12-12,2019121201010113,NNLB,32,38,10,652.00,"6,520.00"
2019-12-12,2019121201010068,NNLB,19,5,61,646.00,"39,406.00"
2019-12-12,2019121201010050,NNLB,6,57,100,645.00,"64,500.00"
2019-12-12,2019121201009996,NNLB,6,22,50,645.00,"32,250.00"
2019-12-12,2019121201009777,NNLB,6,33,50,645.00,"32,250.00"
2019-12-12,2019121201009978,NSEWA,22,11,10,520.00,"5,200.00"
2019-12-12,2019121201009977,NSEWA,22,25,10,520.00,"5,200.00"
2019-12-12,2019121201009976,NSEWA,22,11,10,520.00,"5,200.00"
2019-12-12,2019121201009975,NSEWA,22,1,10,520.00,"5,200.00"
2019-12-12,2019121201009974,NSEWA,22,40,10,518.00,"5,180.00"
2019-12-12,2019121201010070,NUBL,17,55,10,990.00,"9,900.00"
2019-12-12,2019121201009804,NUBL,16,34,145,985.00,"142,825.00"
2019-12-12,2019121201009677,NUBL,54,55,10,990.00,"9,900.00"
2019-12-12,2019121201010012,PCBL,46,6,19,281.00,"5,339.00"
2019-12-12,2019121201010011,PCBL,46,45,75,281.00,"21,075.00"
2019-12-12,2019121201010010,PCBL,46,57,106,281.00,"29,786.00"
2019-12-12,2019121201009872,PCBL,21,48,500,280.00,"140,000.00"
2019-12-12,2019121201009871,PCBL,6,48,"1,500",280.00,"420,000.00"
2019-12-12,2019121201009870,PCBL,6,48,"2,000",280.00,"560,000.00"
2019-12-12,2019121201010021,PFL,39,49,20,146.00,"2,920.00"
2019-12-12,2019121201010005,PIC,42,7,495,434.00,"214,830.00"
2019-12-12,2019121201010004,PIC,32,7,30,435.00,"13,050.00"
2019-12-12,2019121201009938,PIC,32,42,50,435.00,"21,750.00"
2019-12-12,2019121201009937,PIC,8,42,150,435.00,"65,250.00"
2019-12-12,2019121201010069,PICL,41,4,200,440.00,"88,000.00"
2019-12-12,2019121201010060,PICL,32,28,130,432.00,"56,160.00"
2019-12-12,2019121201010059,PICL,49,28,90,434.00,"39,060.00"
2019-12-12,2019121201010058,PICL,1,28,200,435.00,"87,000.00"
2019-12-12,2019121201010057,PICL,45,28,50,435.00,"21,750.00"
2019-12-12,2019121201010056,PICL,16,28,100,435.00,"43,500.00"
2019-12-12,2019121201009689,PICL,13,6,390,436.00,"170,040.00"
2019-12-12,2019121201010067,PLIC,8,49,200,376.00,"75,200.00"
2019-12-12,2019121201010066,PLIC,13,49,52,376.00,"19,552.00"
2019-12-12,2019121201009969,PLIC,13,42,69,376.00,"25,944.00"
2019-12-12,2019121201009968,PLIC,37,42,500,376.00,"188,000.00"
2019-12-12,2019121201009967,PLIC,55,42,50,377.00,"18,850.00"
2019-12-12,2019121201009966,PLIC,21,42,81,379.00,"30,699.00"
2019-12-12,2019121201009666,PLIC,43,36,60,375.00,"22,500.00"
2019-12-12,2019121201009665,PLIC,43,36,200,376.00,"75,200.00"
2019-12-12,2019121201009664,PLIC,35,36,150,376.00,"56,400.00"
2019-12-12,2019121201009946,PLIC,21,14,19,379.00,"7,201.00"
2019-12-12,2019121201009924,PLIC,22,42,500,385.00,"192,500.00"
2019-12-12,2019121201009747,PLIC,41,33,96,386.00,"37,056.00"
2019-12-12,2019121201009734,PLIC,41,7,162,385.00,"62,370.00"
2019-12-12,2019121201009733,PLIC,41,14,242,385.00,"93,170.00"
2019-12-12,2019121201009673,PLIC,43,34,180,378.00,"68,040.00"
2019-12-12,2019121201009791,PPCL,3,57,10,109.00,"1,090.00"
2019-12-12,2019121201010073,PRIN,20,36,25,354.00,"8,850.00"
2019-12-12,2019121201010015,PRIN,58,36,10,354.00,"3,540.00"
2019-12-12,2019121201009922,PRIN,46,44,500,349.00,"174,500.00"
2019-12-12,2019121201009862,PRIN,45,44,30,349.00,"10,470.00"
2019-12-12,2019121201009832,PRIN,58,44,70,349.00,"24,430.00"
2019-12-12,2019121201009811,PRIN,56,44,300,349.00,"104,700.00"
2019-12-12,2019121201009810,PRIN,57,44,100,349.00,"34,900.00"
2019-12-12,2019121201009776,PRIN,46,34,100,353.00,"35,300.00"
2019-12-12,2019121201009775,PRIN,46,59,30,353.00,"10,590.00"
2019-12-12,2019121201010136,PRVU,42,49,150,226.00,"33,900.00"
2019-12-12,2019121201010048,PRVU,13,1,53,225.00,"11,925.00"
2019-12-12,2019121201009808,PRVU,7,49,690,226.00,"155,940.00"
2019-12-12,2019121201009807,PRVU,7,8,510,226.00,"115,260.00"
2019-12-12,2019121201010061,RBCL,38,41,10,"8,790.00","87,900.00"
2019-12-12,2019121201009857,RBCL,22,43,20,"8,670.00","173,400.00"
2019-12-12,2019121201010019,RBCLPO,19,50,10,"7,900.00","79,000.00"
2019-12-12,2019121201009992,RBCLPO,37,28,20,"7,899.00","157,980.00"
2019-12-12,2019121201009961,RBCLPO,37,58,39,"7,890.00","307,710.00"
2019-12-12,2019121201009866,RBCLPO,38,58,10,"7,890.00","78,900.00"
2019-12-12,2019121201009865,RBCLPO,38,14,10,"7,890.00","78,900.00"
2019-12-12,2019121201009805,RHPC,35,39,100,74.00,"7,400.00"
2019-12-12,2019121201010144,RHPL,59,39,40,179.00,"7,160.00"
2019-12-12,2019121201010143,RHPL,59,49,100,179.00,"17,900.00"
2019-12-12,2019121201010142,RHPL,59,44,840,179.00,"150,360.00"
2019-12-12,2019121201010141,RHPL,59,54,160,178.00,"28,480.00"
2019-12-12,2019121201010043,RHPL,52,54,500,178.00,"89,000.00"
2019-12-12,2019121201010042,RHPL,45,54,340,178.00,"60,520.00"
2019-12-12,2019121201009983,RHPL,45,57,40,178.00,"7,120.00"
2019-12-12,2019121201009816,RHPL,45,17,20,178.00,"3,560.00"
2019-12-12,2019121201009735,RHPL,59,34,20,177.00,"3,540.00"
2019-12-12,2019121201009725,RHPL,59,4,100,177.00,"17,700.00"
2019-12-12,2019121201009716,RHPL,59,29,40,177.00,"7,080.00"
2019-12-12,2019121201009980,RMDC,37,4,25,637.00,"15,925.00"
2019-12-12,2019121201009752,RMDC,48,58,500,648.00,"324,000.00"
2019-12-12,2019121201009739,RMDC,48,58,292,648.00,"189,216.00"
2019-12-12,2019121201009738,RMDC,48,6,89,645.00,"57,405.00"
2019-12-12,2019121201009737,RMDC,48,59,58,645.00,"37,410.00"
2019-12-12,2019121201009736,RMDC,48,34,61,644.00,"39,284.00"
2019-12-12,2019121201009842,RSDC,38,25,22,346.00,"7,612.00"
2019-12-12,2019121201009841,RSDC,38,39,38,346.00,"13,148.00"
2019-12-12,2019121201009840,RSDC,38,43,68,344.00,"23,392.00"
2019-12-12,2019121201009786,SANIMA,1,28,180,313.00,"56,340.00"
2019-12-12,2019121201009785,SANIMA,1,44,20,312.00,"6,240.00"
2019-12-12,2019121201010041,SBL,48,50,50,291.00,"14,550.00"
2019-12-12,2019121201010040,SBL,34,50,250,291.00,"72,750.00"
2019-12-12,2019121201010124,SCB,49,49,64,538.00,"34,432.00"
2019-12-12,2019121201010123,SCB,49,39,10,538.00,"5,380.00"
2019-12-12,2019121201009869,SCB,37,43,64,536.00,"34,304.00"
2019-12-12,2019121201009773,SDESI,6,45,100,590.00,"59,000.00"
2019-12-12,2019121201010036,SHINE,44,34,50,230.00,"11,500.00"
2019-12-12,2019121201009797,SHINE,45,7,52,230.00,"11,960.00"
2019-12-12,2019121201009798,SHINE,45,34,48,230.00,"11,040.00"
2019-12-12,2019121201010039,SHIVM,45,45,100,380.00,"38,000.00"
2019-12-12,2019121201010035,SHIVM,32,45,10,380.00,"3,800.00"
2019-12-12,2019121201009901,SHIVM,10,45,100,377.00,"37,700.00"
2019-12-12,2019121201009900,SHIVM,46,45,50,377.00,"18,850.00"
2019-12-12,2019121201009899,SHIVM,10,45,200,377.00,"75,400.00"
2019-12-12,2019121201009880,SHIVM,29,45,500,380.00,"190,000.00"
2019-12-12,2019121201009879,SHIVM,45,45,400,380.00,"152,000.00"
2019-12-12,2019121201009834,SHIVM,52,22,100,381.00,"38,100.00"
2019-12-12,2019121201009886,SHIVM,8,45,"1,000",379.00,"379,000.00"
2019-12-12,2019121201009885,SHIVM,49,45,50,379.00,"18,950.00"
2019-12-12,2019121201009884,SHIVM,48,45,100,379.00,"37,900.00"
2019-12-12,2019121201009883,SHIVM,34,45,50,379.00,"18,950.00"
2019-12-12,2019121201009882,SHIVM,52,45,100,380.00,"38,000.00"
2019-12-12,2019121201009881,SHIVM,36,45,200,380.00,"76,000.00"
2019-12-12,2019121201009892,SHIVM,47,45,50,378.00,"18,900.00"
2019-12-12,2019121201009891,SHIVM,48,45,100,378.00,"37,800.00"
2019-12-12,2019121201009890,SHIVM,32,45,200,378.00,"75,600.00"
2019-12-12,2019121201009889,SHIVM,48,45,"1,000",378.00,"378,000.00"
2019-12-12,2019121201009888,SHIVM,32,45,61,378.00,"23,058.00"
2019-12-12,2019121201009887,SHIVM,36,45,200,379.00,"75,800.00"
2019-12-12,2019121201009898,SHIVM,45,45,500,377.00,"188,500.00"
2019-12-12,2019121201009897,SHIVM,43,45,50,377.00,"18,850.00"
2019-12-12,2019121201009896,SHIVM,7,45,300,377.00,"113,100.00"
2019-12-12,2019121201009895,SHIVM,26,45,100,377.00,"37,700.00"
2019-12-12,2019121201009894,SHIVM,21,45,200,377.00,"75,400.00"
2019-12-12,2019121201009893,SHIVM,26,45,950,377.00,"358,150.00"
2019-12-12,2019121201010006,SHPC,16,48,100,200.00,"20,000.00"
2019-12-12,2019121201010001,SHPC,16,35,100,200.00,"20,000.00"
2019-12-12,2019121201009910,SHPC,16,46,800,200.00,"160,000.00"
2019-12-12,2019121201009909,SHPC,16,46,200,200.00,"40,000.00"
2019-12-12,2019121201009723,SHPC,16,56,"1,800",200.00,"360,000.00"
2019-12-12,2019121201009719,SHPC,59,41,340,198.00,"67,320.00"
2019-12-12,2019121201010081,SIC,45,11,100,521.00,"52,100.00"
2019-12-12,2019121201009754,SICL,49,49,10,870.00,"8,700.00"
2019-12-12,2019121201009753,SICL,49,33,74,863.00,"63,862.00"
2019-12-12,2019121201009699,SICL,53,17,110,861.00,"94,710.00"
2019-12-12,2019121201009939,SIL,25,54,100,432.00,"43,200.00"
2019-12-12,2019121201009787,SIL,40,6,128,427.00,"54,656.00"
2019-12-12,2019121201009681,SIL,40,53,50,427.00,"21,350.00"
2019-12-12,2019121201010082,SJCL,16,57,20,164.00,"3,280.00"
2019-12-12,2019121201009727,SJCL,39,46,500,163.00,"81,500.00"
2019-12-12,2019121201009726,SJCL,39,29,20,163.00,"3,260.00"
2019-12-12,2019121201009821,SJCL,58,6,20,164.00,"3,280.00"
2019-12-12,2019121201009820,SJCL,58,4,520,164.00,"85,280.00"
2019-12-12,2019121201009783,SJCL,39,34,10,163.00,"1,630.00"
2019-12-12,2019121201009741,SJCL,39,41,220,163.00,"35,860.00"
2019-12-12,2019121201009979,SKBBL,39,55,10,989.00,"9,890.00"
2019-12-12,2019121201009861,SKBBL,16,36,480,981.00,"470,880.00"
2019-12-12,2019121201009706,SKBBL,39,36,10,990.00,"9,900.00"
2019-12-12,2019121201010016,SLICL,45,41,45,309.00,"13,905.00"
2019-12-12,2019121201009962,SMB,56,25,10,580.00,"5,800.00"
2019-12-12,2019121201009945,SMB,56,13,10,576.00,"5,760.00"
2019-12-12,2019121201009944,SMB,56,11,10,575.00,"5,750.00"
2019-12-12,2019121201009943,SMB,56,56,70,568.00,"39,760.00"
2019-12-12,2019121201009843,SMB,6,56,10,568.00,"5,680.00"
2019-12-12,2019121201009874,SMFBS,34,28,10,939.00,"9,390.00"
2019-12-12,2019121201009873,SMFBS,34,45,30,925.00,"27,750.00"
2019-12-12,2019121201009796,SMFBS,34,45,10,925.00,"9,250.00"
2019-12-12,2019121201009779,SMFBS,34,21,10,907.00,"9,070.00"
2019-12-12,2019121201009720,SMFBS,34,45,10,925.00,"9,250.00"
2019-12-12,2019121201009660,SMFBS,6,17,10,921.00,"9,210.00"
2019-12-12,2019121201009659,SMFBS,6,45,10,918.00,"9,180.00"
2019-12-12,2019121201009658,SMFBS,6,10,10,917.00,"9,170.00"
2019-12-12,2019121201009657,SMFBS,6,48,10,916.00,"9,160.00"
2019-12-12,2019121201009656,SMFBS,6,58,20,915.00,"18,300.00"
2019-12-12,2019121201009963,SPARS,44,22,100,625.00,"62,500.00"
2019-12-12,2019121201009921,SPDL,56,52,22,95.00,"2,090.00"
2019-12-12,2019121201009759,SPDL,56,37,61,95.00,"5,795.00"
2019-12-12,2019121201009758,SPDL,56,1,117,95.00,"11,115.00"
2019-12-12,2019121201009757,SPDL,56,26,100,94.00,"9,400.00"
2019-12-12,2019121201010098,SWBBL,17,22,10,"1,060.00","10,600.00"
2019-12-12,2019121201010022,SWBBL,33,22,222,"1,060.00","235,320.00"
2019-12-12,2019121201009999,SWBBL,33,14,78,"1,060.00","82,680.00"
2019-12-12,2019121201009784,SWBBL,38,33,400,"1,060.00","424,000.00"
2019-12-12,2019121201009685,SWBBL,37,44,53,"1,056.00","55,968.00"
2019-12-12,2019121201009684,SWBBL,6,44,97,"1,057.00","102,529.00"
2019-12-12,2019121201009795,UMHL,5,59,10,107.00,"1,070.00"
2019-12-12,2019121201010025,UPPER,28,16,20,245.00,"4,900.00"
2019-12-12,2019121201010024,UPPER,28,29,10,244.00,"2,440.00"
2019-12-12,2019121201010023,UPPER,28,55,300,244.00,"73,200.00"
2019-12-12,2019121201009959,UPPER,6,50,"1,000",243.00,"243,000.00"
2019-12-12,2019121201010013,VLBS,54,6,22,689.00,"15,158.00"
2019-12-12,2019121201009504,ADBL,39,57,100,413.00,"41,300.00"
2019-12-12,2019121201009316,ADBL,41,58,329,411.00,"135,219.00"
2019-12-12,2019121201009315,ADBL,44,58,"1,971",411.00,"810,081.00"
2019-12-12,2019121201009633,AHPC,55,42,"1,596",102.00,"162,792.00"
2019-12-12,2019121201009632,AHPC,55,28,"2,000",102.00,"204,000.00"
2019-12-12,2019121201009631,AHPC,55,47,"1,000",102.00,"102,000.00"
2019-12-12,2019121201009630,AHPC,55,14,"1,000",102.00,"102,000.00"
2019-12-12,2019121201009629,AHPC,55,59,50,102.00,"5,100.00"
2019-12-12,2019121201009553,AHPC,55,34,"1,000",101.00,"101,000.00"
2019-12-12,2019121201009552,AHPC,55,17,450,101.00,"45,450.00"
2019-12-12,2019121201009534,AHPC,42,17,500,101.00,"50,500.00"
2019-12-12,2019121201009533,AHPC,42,29,500,101.00,"50,500.00"
2019-12-12,2019121201009336,AHPC,28,22,100,100.00,"10,000.00"
2019-12-12,2019121201009335,AHPC,28,49,230,100.00,"23,000.00"
2019-12-12,2019121201009556,AKBSL,34,19,10,472.00,"4,720.00"
2019-12-12,2019121201009555,AKBSL,55,19,10,473.00,"4,730.00"
2019-12-12,2019121201009255,AKBSL,34,21,10,472.00,"4,720.00"
2019-12-12,2019121201009341,AKJCL,57,42,10,59.00,590.00
2019-12-12,2019121201009340,AKJCL,57,32,20,59.00,"1,180.00"
2019-12-12,2019121201009483,ALBSL,29,43,70,460.00,"32,200.00"
2019-12-12,2019121201009162,ALBSL,34,43,10,468.00,"4,680.00"
2019-12-12,2019121201009161,ALBSL,34,1,10,465.00,"4,650.00"
2019-12-12,2019121201009147,ALBSL,29,33,50,460.00,"23,000.00"
2019-12-12,2019121201009615,ALICL,50,58,390,381.00,"148,590.00"
2019-12-12,2019121201009614,ALICL,57,58,110,381.00,"41,910.00"
2019-12-12,2019121201009551,ALICL,42,50,407,382.00,"155,474.00"
2019-12-12,2019121201009406,ALICL,42,44,124,382.00,"47,368.00"
2019-12-12,2019121201009405,ALICL,11,44,50,383.00,"19,150.00"
2019-12-12,2019121201009394,ALICL,42,44,125,382.00,"47,750.00"
2019-12-12,2019121201009348,ALICL,42,14,294,382.00,"112,308.00"
2019-12-12,2019121201009258,ALICL,41,5,250,383.00,"95,750.00"
2019-12-12,2019121201009172,ALICL,41,43,50,383.00,"19,150.00"
2019-12-12,2019121201009435,API,25,34,49,114.00,"5,586.00"
2019-12-12,2019121201009431,API,25,45,500,113.00,"56,500.00"
2019-12-12,2019121201009308,API,25,40,966,111.00,"107,226.00"
2019-12-12,2019121201009270,API,58,40,500,111.00,"55,500.00"
2019-12-12,2019121201009269,API,25,40,134,113.00,"15,142.00"
2019-12-12,2019121201009265,API,25,44,866,113.00,"97,858.00"
2019-12-12,2019121201009231,API,41,44,600,113.00,"67,800.00"
2019-12-12,2019121201009230,API,41,33,400,112.00,"44,800.00"
2019-12-12,2019121201009184,API,58,40,700,112.00,"78,400.00"
2019-12-12,2019121201009183,API,58,40,"2,500",112.00,"280,000.00"
2019-12-12,2019121201009182,API,58,40,100,112.00,"11,200.00"
2019-12-12,2019121201009446,BNT,55,35,50,"6,085.00","304,250.00"
2019-12-12,2019121201009445,BNT,57,35,20,"6,086.00","121,720.00"
2019-12-12,2019121201009259,BOKL,45,6,200,218.00,"43,600.00"
2019-12-12,2019121201009562,BPCL,58,55,264,363.00,"95,832.00"
2019-12-12,2019121201009561,BPCL,7,55,30,364.00,"10,920.00"
2019-12-12,2019121201009560,BPCL,33,55,94,364.00,"34,216.00"
2019-12-12,2019121201009559,BPCL,58,55,12,365.00,"4,380.00"
2019-12-12,2019121201009189,BPCL,58,43,12,365.00,"4,380.00"
2019-12-12,2019121201009580,CBBL,25,35,50,810.00,"40,500.00"
2019-12-12,2019121201009579,CBL,45,41,"1,000",138.00,"138,000.00"
2019-12-12,2019121201009578,CBL,45,35,"1,000",138.00,"138,000.00"
2019-12-12,2019121201009539,CBL,42,35,"1,000",138.00,"138,000.00"
2019-12-12,2019121201009245,CBL,51,42,157,137.00,"21,509.00"
2019-12-12,2019121201009187,CBL,26,35,192,138.00,"26,496.00"
2019-12-12,2019121201009186,CBL,26,38,25,138.00,"3,450.00"
2019-12-12,2019121201009643,CCBL,4,8,200,169.00,"33,800.00"
2019-12-12,2019121201009620,CCBL,4,8,200,169.00,"33,800.00"
2019-12-12,2019121201009592,CCBL,4,8,100,169.00,"16,900.00"
2019-12-12,2019121201009567,CCBL,4,8,50,169.00,"8,450.00"
2019-12-12,2019121201009522,CCBL,35,8,350,169.00,"59,150.00"
2019-12-12,2019121201009521,CCBL,39,8,550,169.00,"92,950.00"
2019-12-12,2019121201009520,CCBL,21,8,410,169.00,"69,290.00"
2019-12-12,2019121201009515,CCBL,1,44,10,170.00,"1,700.00"
2019-12-12,2019121201009514,CCBL,1,48,990,170.00,"168,300.00"
2019-12-12,2019121201009472,CHCL,35,38,99,364.00,"36,036.00"
2019-12-12,2019121201009321,CHCL,26,45,152,370.00,"56,240.00"
2019-12-12,2019121201009320,CHCL,26,42,48,370.00,"17,760.00"
2019-12-12,2019121201009240,CHCL,55,36,500,365.00,"182,500.00"
2019-12-12,2019121201009273,CZBIL,48,42,150,187.00,"28,050.00"
2019-12-12,2019121201009416,DBBL,57,57,28,124.00,"3,472.00"
2019-12-12,2019121201009415,DBBL,32,57,472,124.00,"58,528.00"
2019-12-12,2019121201009569,DDBL,22,32,50,901.00,"45,050.00"
2019-12-12,2019121201009510,DDBL,21,50,10,905.00,"9,050.00"
2019-12-12,2019121201009500,DDBL,41,57,100,900.00,"90,000.00"
2019-12-12,2019121201009466,DDBL,41,4,687,900.00,"618,300.00"
2019-12-12,2019121201009465,DDBL,49,4,150,901.00,"135,150.00"
2019-12-12,2019121201009464,DDBL,49,4,50,901.00,"45,050.00"
2019-12-12,2019121201009448,DDBL,25,45,72,906.00,"65,232.00"
2019-12-12,2019121201009447,DDBL,25,45,28,906.00,"25,368.00"
2019-12-12,2019121201009396,DDBL,25,28,372,906.00,"337,032.00"
2019-12-12,2019121201009325,DDBL,25,56,100,906.00,"90,600.00"
2019-12-12,2019121201009324,DDBL,20,56,10,906.00,"9,060.00"
2019-12-12,2019121201009246,DDBL,20,45,10,907.00,"9,070.00"
2019-12-12,2019121201009457,DDBL,20,4,10,902.00,"9,020.00"
2019-12-12,2019121201009456,DDBL,20,4,"1,000",903.00,"903,000.00"
2019-12-12,2019121201009455,DDBL,45,4,100,904.00,"90,400.00"
2019-12-12,2019121201009454,DDBL,20,4,10,904.00,"9,040.00"
2019-12-12,2019121201009453,DDBL,1,4,50,905.00,"45,250.00"
2019-12-12,2019121201009452,DDBL,25,4,428,906.00,"387,768.00"
2019-12-12,2019121201009463,DDBL,43,4,100,901.00,"90,100.00"
2019-12-12,2019121201009462,DDBL,1,4,70,901.00,"63,070.00"
2019-12-12,2019121201009461,DDBL,35,4,100,902.00,"90,200.00"
2019-12-12,2019121201009460,DDBL,45,4,100,902.00,"90,200.00"
2019-12-12,2019121201009459,DDBL,57,4,45,902.00,"40,590.00"
2019-12-12,2019121201009458,DDBL,14,4,100,902.00,"90,200.00"
2019-12-12,2019121201009442,EBL,52,38,200,562.00,"112,400.00"
2019-12-12,2019121201009409,EBL,52,38,300,562.00,"168,600.00"
2019-12-12,2019121201009408,EBL,22,38,100,562.00,"56,200.00"
2019-12-12,2019121201009407,EBL,26,38,100,562.00,"56,200.00"
2019-12-12,2019121201009594,EIC,19,16,100,275.00,"27,500.00"
2019-12-12,2019121201009544,EIC,6,33,450,270.00,"121,500.00"
2019-12-12,2019121201009481,EIC,32,33,50,270.00,"13,500.00"
2019-12-12,2019121201009480,EIC,19,33,100,270.00,"27,000.00"
2019-12-12,2019121201009479,EIC,41,33,100,270.00,"27,000.00"
2019-12-12,2019121201009478,EIC,38,33,218,270.00,"58,860.00"
2019-12-12,2019121201009226,EIC,16,17,100,273.00,"27,300.00"
2019-12-12,2019121201009276,EIC,29,28,20,270.00,"5,400.00"
2019-12-12,2019121201009275,EIC,35,28,100,270.00,"27,000.00"
2019-12-12,2019121201009274,EIC,28,28,100,271.00,"27,100.00"
2019-12-12,2019121201009229,EIC,35,17,500,272.00,"136,000.00"
2019-12-12,2019121201009228,EIC,32,17,"1,000",272.00,"272,000.00"
2019-12-12,2019121201009227,EIC,58,17,100,272.00,"27,200.00"
2019-12-12,2019121201009473,EIC,45,16,100,275.00,"27,500.00"
2019-12-12,2019121201009469,EIC,6,16,70,275.00,"19,250.00"
2019-12-12,2019121201009426,EIC,38,52,100,270.00,"27,000.00"
2019-12-12,2019121201009356,EIC,17,29,100,273.00,"27,300.00"
2019-12-12,2019121201009323,EIC,38,40,150,270.00,"40,500.00"
2019-12-12,2019121201009277,EIC,38,28,32,270.00,"8,640.00"
2019-12-12,2019121201009307,FMDBL,43,14,450,336.00,"151,200.00"
2019-12-12,2019121201009306,FMDBL,41,14,30,336.00,"10,080.00"
2019-12-12,2019121201009622,GBLBS,52,19,65,327.00,"21,255.00"
2019-12-12,2019121201009621,GBLBS,49,19,85,327.00,"27,795.00"
2019-12-12,2019121201009577,GBLBS,58,33,50,328.00,"16,400.00"
2019-12-12,2019121201009380,GFCL,59,1,30,137.00,"4,110.00"
2019-12-12,2019121201009158,GGBSL,54,1,40,626.00,"25,040.00"
2019-12-12,2019121201009157,GGBSL,52,1,20,626.00,"12,520.00"
2019-12-12,2019121201009613,GILB,11,55,71,830.00,"58,930.00"
2019-12-12,2019121201009414,GLBSL,29,7,100,459.00,"45,900.00"
2019-12-12,2019121201009609,GLICL,26,50,50,465.00,"23,250.00"
2019-12-12,2019121201009608,GLICL,5,50,100,465.00,"46,500.00"
2019-12-12,2019121201009607,GLICL,29,50,200,465.00,"93,000.00"
2019-12-12,2019121201009606,GLICL,19,50,145,466.00,"67,570.00"
2019-12-12,2019121201009538,GLICL,59,42,10,467.00,"4,670.00"
2019-12-12,2019121201009344,GLICL,36,34,48,470.00,"22,560.00"
2019-12-12,2019121201009242,GLICL,19,52,300,466.00,"139,800.00"
2019-12-12,2019121201009519,GMFBS,28,45,20,601.00,"12,020.00"
2019-12-12,2019121201009512,GMFBS,28,28,10,596.00,"5,960.00"
2019-12-12,2019121201009443,GMFBS,39,58,10,585.00,"5,850.00"
2019-12-12,2019121201009239,GMFBS,1,7,40,590.00,"23,600.00"
2019-12-12,2019121201009152,GMFBS,1,58,10,590.00,"5,900.00"
2019-12-12,2019121201009322,GRDBL,41,51,250,103.00,"25,750.00"
2019-12-12,2019121201009575,HDL,14,48,90,"1,244.00","111,960.00"
2019-12-12,2019121201009449,HDL,26,7,300,"1,241.00","372,300.00"
2019-12-12,2019121201009150,HDL,45,22,300,"1,242.00","372,600.00"
2019-12-12,2019121201009635,HGI,43,19,50,299.00,"14,950.00"
2019-12-12,2019121201009565,HGI,42,58,100,298.00,"29,800.00"
2019-12-12,2019121201009518,HGI,42,5,250,298.00,"74,500.00"
2019-12-12,2019121201009501,HGI,37,19,50,299.00,"14,950.00"
2019-12-12,2019121201009382,HGI,6,19,200,299.00,"59,800.00"
2019-12-12,2019121201009333,HGI,47,45,30,297.00,"8,910.00"
2019-12-12,2019121201009309,HGI,47,55,40,297.00,"11,880.00"
2019-12-12,2019121201009244,HGI,13,36,"1,000",299.00,"299,000.00"
2019-12-12,2019121201009190,HGI,20,44,215,298.00,"64,070.00"
2019-12-12,2019121201009557,HIDCL,55,38,22,136.00,"2,992.00"
2019-12-12,2019121201009437,HIDCL,17,7,300,137.00,"41,100.00"
2019-12-12,2019121201009436,HIDCL,17,39,200,137.00,"27,400.00"
2019-12-12,2019121201009329,HIDCL,55,7,139,137.00,"19,043.00"
2019-12-12,2019121201009589,ILBS,43,22,90,574.00,"51,660.00"
2019-12-12,2019121201009588,ILBS,57,22,55,574.00,"31,570.00"
2019-12-12,2019121201009587,ILBS,44,22,100,574.00,"57,400.00"
2019-12-12,2019121201009586,ILBS,46,22,40,575.00,"23,000.00"
2019-12-12,2019121201009585,ILBS,48,22,15,575.00,"8,625.00"
2019-12-12,2019121201009571,ILBS,48,11,50,575.00,"28,750.00"
2019-12-12,2019121201009366,ILBS,48,7,135,575.00,"77,625.00"
2019-12-12,2019121201009365,ILBS,46,7,145,575.00,"83,375.00"
2019-12-12,2019121201009364,ILBS,57,7,180,576.00,"103,680.00"
2019-12-12,2019121201009363,ILBS,57,7,100,577.00,"57,700.00"
2019-12-12,2019121201009362,ILBS,47,7,50,577.00,"28,850.00"
2019-12-12,2019121201009304,ILBS,57,21,10,576.00,"5,760.00"
2019-12-12,2019121201009372,JBBL,51,34,50,169.00,"8,450.00"
2019-12-12,2019121201009371,JBBL,51,1,400,169.00,"67,600.00"
2019-12-12,2019121201009595,JOSHI,58,52,60,56.00,"3,360.00"
2019-12-12,2019121201009611,JSLBB,1,51,196,"1,241.00","243,236.00"
2019-12-12,2019121201009610,JSLBB,44,51,630,"1,241.00","781,830.00"
2019-12-12,2019121201009423,JSLBB,48,38,100,"1,241.00","124,100.00"
2019-12-12,2019121201009422,JSLBB,21,38,100,"1,242.00","124,200.00"
2019-12-12,2019121201009421,JSLBB,44,38,200,"1,243.00","248,600.00"
2019-12-12,2019121201009420,JSLBB,1,38,200,"1,244.00","248,800.00"
2019-12-12,2019121201009419,JSLBB,48,38,30,"1,244.00","37,320.00"
2019-12-12,2019121201009424,JSLBB,44,38,370,"1,241.00","459,170.00"
2019-12-12,2019121201009566,KBL,25,38,10,184.00,"1,840.00"
2019-12-12,2019121201009612,LBBL,56,25,100,194.00,"19,400.00"
2019-12-12,2019121201009547,LBBL,32,21,500,193.00,"96,500.00"
2019-12-12,2019121201009492,LBBL,39,25,50,194.00,"9,700.00"
2019-12-12,2019121201009402,LBBL,41,25,300,194.00,"58,200.00"
2019-12-12,2019121201009284,LBBL,35,25,100,194.00,"19,400.00"
2019-12-12,2019121201009283,LBBL,6,25,162,194.00,"31,428.00"
2019-12-12,2019121201009268,LBBL,6,7,338,194.00,"65,572.00"
2019-12-12,2019121201009267,LBBL,29,7,500,194.00,"97,000.00"
2019-12-12,2019121201009266,LBBL,29,7,449,194.00,"87,106.00"
2019-12-12,2019121201009153,LBBL,22,32,40,195.00,"7,800.00"
2019-12-12,2019121201009568,LBL,32,38,380,197.00,"74,860.00"
2019-12-12,2019121201009173,LBL,32,22,120,197.00,"23,640.00"
2019-12-12,2019121201009471,LGIL,13,6,590,348.00,"205,320.00"
2019-12-12,2019121201009403,LGIL,50,5,100,348.00,"34,800.00"
2019-12-12,2019121201009374,LGIL,45,5,50,348.00,"17,400.00"
2019-12-12,2019121201009332,LGIL,45,43,50,348.00,"17,400.00"
2019-12-12,2019121201009605,LICN,45,53,52,"1,070.00","55,640.00"
2019-12-12,2019121201009604,LICN,45,58,28,"1,070.00","29,960.00"
2019-12-12,2019121201009576,LICN,40,58,10,"1,070.00","10,700.00"
2019-12-12,2019121201009233,LICN,14,6,30,"1,065.00","31,950.00"
2019-12-12,2019121201009232,LICN,4,6,18,"1,065.00","19,170.00"
2019-12-12,2019121201009532,LLBS,46,22,40,686.00,"27,440.00"
2019-12-12,2019121201009531,LLBS,46,36,305,686.00,"209,230.00"
2019-12-12,2019121201009148,MBL,49,34,197,222.00,"43,734.00"
2019-12-12,2019121201009379,MDB,35,38,362,247.00,"89,414.00"
2019-12-12,2019121201009378,MDB,57,38,64,248.00,"15,872.00"
2019-12-12,2019121201009517,MEGA,57,47,200,188.00,"37,600.00"
2019-12-12,2019121201009204,MEGA,8,51,320,189.00,"60,480.00"
2019-12-12,2019121201009541,MFIL,45,19,168,135.00,"22,680.00"
2019-12-12,2019121201009370,MHNL,25,28,40,84.00,"3,360.00"
2019-12-12,2019121201009369,MHNL,25,28,30,84.00,"2,520.00"
2019-12-12,2019121201009285,MNBBL,26,6,200,282.00,"56,400.00"
2019-12-12,2019121201009573,MSLB,43,39,26,947.00,"24,622.00"
2019-12-12,2019121201009543,MSLB,43,17,11,946.00,"10,406.00"
2019-12-12,2019121201009211,NBB,45,49,50,194.00,"9,700.00"
2019-12-12,2019121201009185,NBB,7,57,500,193.00,"96,500.00"
2019-12-12,2019121201009602,NBL,14,32,"1,000",314.00,"314,000.00"
2019-12-12,2019121201009601,NBL,59,32,30,314.00,"9,420.00"
2019-12-12,2019121201009600,NBL,11,32,50,314.00,"15,700.00"
2019-12-12,2019121201009599,NBL,44,32,497,314.00,"156,058.00"
2019-12-12,2019121201009438,NBL,44,36,603,314.00,"189,342.00"
2019-12-12,2019121201009349,NBL,44,22,100,314.00,"31,400.00"
2019-12-12,2019121201009179,NBL,49,19,100,314.00,"31,400.00"
2019-12-12,2019121201009219,NBL,29,44,500,314.00,"157,000.00"
2019-12-12,2019121201009218,NBL,29,44,500,314.00,"157,000.00"
2019-12-12,2019121201009217,NBL,52,44,200,314.00,"62,800.00"
2019-12-12,2019121201009216,NBL,32,44,100,314.00,"31,400.00"
2019-12-12,2019121201009181,NBL,32,19,400,314.00,"125,600.00"
2019-12-12,2019121201009180,NBL,34,19,500,314.00,"157,000.00"
2019-12-12,2019121201009238,NBL,44,44,"1,800",314.00,"565,200.00"
2019-12-12,2019121201009224,NBL,10,44,200,314.00,"62,800.00"
2019-12-12,2019121201009223,NBL,39,44,"1,000",314.00,"314,000.00"
2019-12-12,2019121201009222,NBL,43,44,100,314.00,"31,400.00"
2019-12-12,2019121201009221,NBL,59,44,300,314.00,"94,200.00"
2019-12-12,2019121201009220,NBL,59,44,300,314.00,"94,200.00"
2019-12-12,2019121201009623,NCCB,4,14,200,204.00,"40,800.00"
2019-12-12,2019121201009491,NCCB,4,49,"6,499",204.00,"1,325,796.00"
2019-12-12,2019121201009305,NCCB,4,22,41,204.00,"8,364.00"
2019-12-12,2019121201009160,NCCB,4,10,200,204.00,"40,800.00"
2019-12-12,2019121201009540,NEF,26,18,"2,414",7.40,"17,863.60"
2019-12-12,2019121201009645,NGPL,44,21,100,115.00,"11,500.00"
2019-12-12,2019121201009593,NGPL,44,59,460,115.00,"52,900.00"
2019-12-12,2019121201009477,NGPL,44,10,"1,000",115.00,"115,000.00"
2019-12-12,2019121201009313,NGPL,41,34,63,113.00,"7,119.00"
2019-12-12,2019121201009297,NGPL,52,46,100,115.00,"11,500.00"
2019-12-12,2019121201009296,NGPL,52,43,100,115.00,"11,500.00"
2019-12-12,2019121201009295,NGPL,52,26,500,115.00,"57,500.00"
2019-12-12,2019121201009294,NGPL,52,14,500,115.00,"57,500.00"
2019-12-12,2019121201009548,NIB,16,37,44,429.00,"18,876.00"
2019-12-12,2019121201009195,NIB,16,22,30,429.00,"12,870.00"
2019-12-12,2019121201009627,NICA,28,34,972,412.00,"400,464.00"
2019-12-12,2019121201009529,NICA,40,34,300,412.00,"123,600.00"
2019-12-12,2019121201009528,NICA,33,34,10,412.00,"4,120.00"
2019-12-12,2019121201009527,NICA,42,34,150,412.00,"61,800.00"
2019-12-12,2019121201009526,NICA,28,34,568,412.00,"234,016.00"
2019-12-12,2019121201009554,NICL,13,44,500,314.00,"157,000.00"
2019-12-12,2019121201009476,NICL,13,44,500,314.00,"157,000.00"
2019-12-12,2019121201009410,NICL,50,44,405,314.00,"127,170.00"
2019-12-12,2019121201009376,NICL,50,44,500,314.00,"157,000.00"
2019-12-12,2019121201009375,NICL,50,49,95,314.00,"29,830.00"
2019-12-12,2019121201009368,NICL,38,49,405,314.00,"127,170.00"
2019-12-12,2019121201009367,NICL,38,51,95,314.00,"29,830.00"
2019-12-12,2019121201009298,NICL,17,51,50,314.00,"15,700.00"
2019-12-12,2019121201009429,NIL,38,43,355,435.00,"154,425.00"
2019-12-12,2019121201009428,NIL,38,1,374,435.00,"162,690.00"
2019-12-12,2019121201009338,NIL,59,37,60,433.00,"25,980.00"
2019-12-12,2019121201009334,NIL,59,53,100,433.00,"43,300.00"
2019-12-12,2019121201009327,NIL,59,37,100,433.00,"43,300.00"
2019-12-12,2019121201009317,NIL,59,53,100,433.00,"43,300.00"
2019-12-12,2019121201009287,NIL,59,29,76,433.00,"32,908.00"
2019-12-12,2019121201009201,NLBBL,28,34,61,572.00,"34,892.00"
2019-12-12,2019121201009200,NLBBL,5,34,50,572.00,"28,600.00"
2019-12-12,2019121201009199,NLBBL,34,34,189,573.00,"108,297.00"
2019-12-12,2019121201009603,NLG,45,5,100,602.00,"60,200.00"
2019-12-12,2019121201009581,NLG,40,58,129,605.00,"78,045.00"
2019-12-12,2019121201009511,NLG,40,38,120,605.00,"72,600.00"
2019-12-12,2019121201009506,NLG,14,10,20,606.00,"12,120.00"
2019-12-12,2019121201009451,NLG,40,35,251,605.00,"151,855.00"
2019-12-12,2019121201009450,NLG,46,35,300,605.00,"181,500.00"
2019-12-12,2019121201009591,NLIC,20,55,176,909.00,"159,984.00"
2019-12-12,2019121201009572,NLIC,25,33,50,910.00,"45,500.00"
2019-12-12,2019121201009558,NLIC,48,33,20,910.00,"18,200.00"
2019-12-12,2019121201009503,NLIC,20,19,24,909.00,"21,816.00"
2019-12-12,2019121201009502,NLIC,34,19,76,909.00,"69,084.00"
2019-12-12,2019121201009490,NLIC,25,33,50,910.00,"45,500.00"
2019-12-12,2019121201009400,NLIC,25,14,44,912.00,"40,128.00"
2019-12-12,2019121201009241,NLIC,25,11,22,912.00,"20,064.00"
2019-12-12,2019121201009213,NLIC,25,57,22,912.00,"20,064.00"
2019-12-12,2019121201009171,NLIC,25,19,112,912.00,"102,144.00"
2019-12-12,2019121201009170,NLIC,33,19,70,912.00,"63,840.00"
2019-12-12,2019121201009169,NLIC,39,19,118,913.00,"107,734.00"
2019-12-12,2019121201009489,NLIC,42,33,50,910.00,"45,500.00"
2019-12-12,2019121201009488,NLIC,42,33,30,910.00,"27,300.00"
2019-12-12,2019121201009487,NLIC,20,33,10,911.00,"9,110.00"
2019-12-12,2019121201009468,NLIC,57,33,11,912.00,"10,032.00"
2019-12-12,2019121201009434,NLIC,20,53,44,911.00,"40,084.00"
2019-12-12,2019121201009401,NLIC,20,14,156,911.00,"142,116.00"
2019-12-12,2019121201009498,NLICL,48,43,75,494.00,"37,050.00"
2019-12-12,2019121201009418,NLICL,43,34,66,491.00,"32,406.00"
2019-12-12,2019121201009417,NLICL,26,34,50,494.00,"24,700.00"
2019-12-12,2019121201009355,NLICL,26,57,50,494.00,"24,700.00"
2019-12-12,2019121201009628,NMB,40,46,65,397.00,"25,805.00"
2019-12-12,2019121201009619,NMB,38,16,500,398.00,"199,000.00"
2019-12-12,2019121201009530,NMB,52,16,350,398.00,"139,300.00"
2019-12-12,2019121201009342,NMB,45,16,100,398.00,"39,800.00"
2019-12-12,2019121201009300,NMB,40,42,75,397.00,"29,775.00"
2019-12-12,2019121201009198,NMB,40,57,100,397.00,"39,700.00"
2019-12-12,2019121201009149,NMB,40,32,25,397.00,"9,925.00"
2019-12-12,2019121201009536,NMBMF,16,16,100,587.00,"58,700.00"
2019-12-12,2019121201009535,NMBMF,16,44,90,576.00,"51,840.00"
2019-12-12,2019121201009331,NMBMF,40,44,100,576.00,"57,600.00"
2019-12-12,2019121201009330,NMBMF,34,44,10,588.00,"5,880.00"
2019-12-12,2019121201009212,NMBMF,38,34,100,577.00,"57,700.00"
2019-12-12,2019121201009205,NMBMF,34,43,50,585.00,"29,250.00"
2019-12-12,2019121201009618,NNLB,25,45,60,643.00,"38,580.00"
2019-12-12,2019121201009617,NNLB,35,45,25,644.00,"16,100.00"
2019-12-12,2019121201009616,NNLB,35,45,25,644.00,"16,100.00"
2019-12-12,2019121201009389,NNLB,48,58,42,644.00,"27,048.00"
2019-12-12,2019121201009636,NSEWA,11,56,155,513.00,"79,515.00"
2019-12-12,2019121201009596,NUBL,16,4,270,985.00,"265,950.00"
2019-12-12,2019121201009524,NUBL,45,4,10,985.00,"9,850.00"
2019-12-12,2019121201009470,NUBL,37,4,150,985.00,"147,750.00"
2019-12-12,2019121201009467,NUBL,45,55,10,990.00,"9,900.00"
2019-12-12,2019121201009398,NUBL,39,40,150,995.00,"149,250.00"
2019-12-12,2019121201009397,NUBL,39,57,50,992.00,"49,600.00"
2019-12-12,2019121201009432,PCBL,48,57,10,281.00,"2,810.00"
2019-12-12,2019121201009214,PFL,36,45,52,146.00,"7,592.00"
2019-12-12,2019121201009638,PIC,8,52,50,435.00,"21,750.00"
2019-12-12,2019121201009570,PIC,19,7,100,441.00,"44,100.00"
2019-12-12,2019121201009549,PIC,25,7,50,441.00,"22,050.00"
2019-12-12,2019121201009439,PIC,6,34,200,441.00,"88,200.00"
2019-12-12,2019121201009178,PIC,42,49,35,434.00,"15,190.00"
2019-12-12,2019121201009177,PIC,32,49,15,435.00,"6,525.00"
2019-12-12,2019121201009474,PICL,13,5,180,436.00,"78,480.00"
2019-12-12,2019121201009373,PICL,39,4,180,440.00,"79,200.00"
2019-12-12,2019121201009347,PICL,39,19,20,440.00,"8,800.00"
2019-12-12,2019121201009280,PICL,29,19,15,440.00,"6,600.00"
2019-12-12,2019121201009260,PICL,38,28,20,441.00,"8,820.00"
2019-12-12,2019121201009644,PLIC,35,5,50,376.00,"18,800.00"
2019-12-12,2019121201009444,PLIC,41,34,20,378.00,"7,560.00"
2019-12-12,2019121201009289,PRIN,49,44,19,348.00,"6,612.00"
2019-12-12,2019121201009288,PRIN,36,44,160,348.00,"55,680.00"
2019-12-12,2019121201009640,PRVU,13,32,307,225.00,"69,075.00"
2019-12-12,2019121201009639,PRVU,46,32,693,225.00,"155,925.00"
2019-12-12,2019121201009598,PRVU,46,38,301,225.00,"67,725.00"
2019-12-12,2019121201009359,PRVU,46,46,506,225.00,"113,850.00"
2019-12-12,2019121201009358,PRVU,33,46,494,225.00,"111,150.00"
2019-12-12,2019121201009292,PRVU,33,6,100,225.00,"22,500.00"
2019-12-12,2019121201009272,PRVU,33,36,406,225.00,"91,350.00"
2019-12-12,2019121201009271,PRVU,22,36,594,225.00,"133,650.00"
2019-12-12,2019121201009505,RBCLPO,37,58,10,"7,750.00","77,500.00"
2019-12-12,2019121201009475,RHPL,59,29,40,177.00,"7,080.00"
2019-12-12,2019121201009433,RHPL,52,17,80,178.00,"14,240.00"
2019-12-12,2019121201009391,RHPL,59,6,40,177.00,"7,080.00"
2019-12-12,2019121201009377,RHPL,59,45,40,177.00,"7,080.00"
2019-12-12,2019121201009346,RHPL,59,59,50,177.00,"8,850.00"
2019-12-12,2019121201009299,RHPL,59,59,40,177.00,"7,080.00"
2019-12-12,2019121201009247,RHPL,59,58,30,177.00,"5,310.00"
2019-12-12,2019121201009165,RHPL,59,32,30,177.00,"5,310.00"
2019-12-12,2019121201009159,RHPL,59,58,30,177.00,"5,310.00"
2019-12-12,2019121201009151,RHPL,28,44,645,178.00,"114,810.00"
2019-12-12,2019121201009194,RRHP,45,32,20,100.00,"2,000.00"
2019-12-12,2019121201009202,RSDC,42,16,50,341.00,"17,050.00"
2019-12-12,2019121201009314,RSDC,38,42,15,340.00,"5,100.00"
2019-12-12,2019121201009311,RSDC,38,58,104,340.00,"35,360.00"
2019-12-12,2019121201009257,RSDC,47,58,50,340.00,"17,000.00"
2019-12-12,2019121201009256,RSDC,56,58,146,340.00,"49,640.00"
2019-12-12,2019121201009254,RSDC,56,22,60,340.00,"20,400.00"
2019-12-12,2019121201009203,RSDC,56,16,50,340.00,"17,000.00"
2019-12-12,2019121201009345,RSDC,38,25,100,340.00,"34,000.00"
2019-12-12,2019121201009523,SABSL,38,19,170,551.00,"93,670.00"
2019-12-12,2019121201009413,SABSL,19,29,10,552.00,"5,520.00"
2019-12-12,2019121201009301,SABSL,19,29,10,552.00,"5,520.00"
2019-12-12,2019121201009279,SABSL,19,58,10,552.00,"5,520.00"
2019-12-12,2019121201009248,SABSL,19,59,10,552.00,"5,520.00"
2019-12-12,2019121201009237,SABSL,19,59,10,552.00,"5,520.00"
2019-12-12,2019121201009215,SABSL,19,59,10,552.00,"5,520.00"
2019-12-12,2019121201009206,SABSL,19,59,10,552.00,"5,520.00"
2019-12-12,2019121201009192,SABSL,19,59,10,552.00,"5,520.00"
2019-12-12,2019121201009175,SABSL,19,59,10,552.00,"5,520.00"
2019-12-12,2019121201009168,SABSL,19,19,100,552.00,"55,200.00"
2019-12-12,2019121201009191,SADBL,4,59,26,145.00,"3,770.00"
2019-12-12,2019121201009637,SANIMA,45,44,380,312.00,"118,560.00"
2019-12-12,2019121201009291,SANIMA,45,34,105,312.00,"32,760.00"
2019-12-12,2019121201009290,SANIMA,59,34,175,312.00,"54,600.00"
2019-12-12,2019121201009209,SANIMA,59,37,825,312.00,"257,400.00"
2019-12-12,2019121201009208,SANIMA,59,37,"2,000",312.00,"624,000.00"
2019-12-12,2019121201009207,SANIMA,59,37,775,312.00,"241,800.00"
2019-12-12,2019121201009496,SBI,45,57,34,357.00,"12,138.00"
2019-12-12,2019121201009482,SBI,45,52,266,357.00,"94,962.00"
2019-12-12,2019121201009626,SBL,1,51,50,293.00,"14,650.00"
2019-12-12,2019121201009625,SBL,1,14,700,293.00,"205,100.00"
2019-12-12,2019121201009624,SBL,1,51,50,292.00,"14,600.00"
2019-12-12,2019121201009597,SCB,37,47,11,536.00,"5,896.00"
2019-12-12,2019121201009350,SCB,37,36,900,536.00,"482,400.00"
2019-12-12,2019121201009425,SDESI,40,56,26,586.00,"15,236.00"
2019-12-12,2019121201009390,SDESI,45,56,100,586.00,"58,600.00"
2019-12-12,2019121201009361,SDESI,20,56,55,589.00,"32,395.00"
2019-12-12,2019121201009360,SDESI,17,56,29,591.00,"17,139.00"
2019-12-12,2019121201009210,SEF,3,32,"2,000",8.81,"17,620.00"
2019-12-12,2019121201009545,SHIVM,45,48,250,380.00,"95,000.00"
2019-12-12,2019121201009509,SHIVM,45,21,350,380.00,"133,000.00"
2019-12-12,2019121201009508,SHIVM,59,21,25,381.00,"9,525.00"
2019-12-12,2019121201009507,SHIVM,33,21,25,381.00,"9,525.00"
2019-12-12,2019121201009235,SHIVM,33,17,475,381.00,"180,975.00"
2019-12-12,2019121201009234,SHIVM,49,17,25,381.00,"9,525.00"
2019-12-12,2019121201009513,SHL,40,55,200,191.00,"38,200.00"
2019-12-12,2019121201009499,SHL,40,34,100,191.00,"19,100.00"
2019-12-12,2019121201009243,SHL,40,49,400,191.00,"76,400.00"
2019-12-12,2019121201009493,SHPC,16,56,"1,500",200.00,"300,000.00"
2019-12-12,2019121201009399,SHPC,16,51,500,200.00,"100,000.00"
2019-12-12,2019121201009253,SHPC,21,48,"1,000",200.00,"200,000.00"
2019-12-12,2019121201009252,SHPC,53,48,800,200.00,"160,000.00"
2019-12-12,2019121201009251,SHPC,41,48,"1,000",200.00,"200,000.00"
2019-12-12,2019121201009250,SHPC,29,48,500,200.00,"100,000.00"
2019-12-12,2019121201009249,SHPC,16,48,608,200.00,"121,600.00"
2019-12-12,2019121201009188,SHPC,16,38,200,200.00,"40,000.00"
2019-12-12,2019121201009590,SIC,43,45,50,521.00,"26,050.00"
2019-12-12,2019121201009328,SIC,6,19,300,521.00,"156,300.00"
2019-12-12,2019121201009642,SICL,39,33,100,863.00,"86,300.00"
2019-12-12,2019121201009641,SICL,1,33,100,864.00,"86,400.00"
2019-12-12,2019121201009564,SIL,40,56,72,427.00,"30,744.00"
2019-12-12,2019121201009563,SIL,56,56,20,428.00,"8,560.00"
2019-12-12,2019121201009497,SJCL,39,29,20,163.00,"3,260.00"
2019-12-12,2019121201009427,SJCL,39,59,20,163.00,"3,260.00"
2019-12-12,2019121201009404,SJCL,48,4,480,164.00,"78,720.00"
2019-12-12,2019121201009381,SJCL,48,59,20,164.00,"3,280.00"
2019-12-12,2019121201009282,SJCL,48,4,500,164.00,"82,000.00"
2019-12-12,2019121201009225,SJCL,39,32,20,165.00,"3,300.00"
2019-12-12,2019121201009176,SJCL,39,58,20,165.00,"3,300.00"
2019-12-12,2019121201009164,SJCL,51,29,10,166.00,"1,660.00"
2019-12-12,2019121201009163,SJCL,43,29,10,166.00,"1,660.00"
2019-12-12,2019121201009281,SJCL,58,4,200,164.00,"32,800.00"
2019-12-12,2019121201009264,SJCL,56,58,500,165.00,"82,500.00"
2019-12-12,2019121201009263,SJCL,50,58,500,165.00,"82,500.00"
2019-12-12,2019121201009262,SJCL,43,58,200,165.00,"33,000.00"
2019-12-12,2019121201009261,SJCL,39,58,400,165.00,"66,000.00"
2019-12-12,2019121201009236,SJCL,39,58,20,165.00,"3,300.00"
2019-12-12,2019121201009634,SLBBL,57,43,10,570.00,"5,700.00"
2019-12-12,2019121201009319,SLBBL,57,45,150,563.00,"84,450.00"
2019-12-12,2019121201009318,SLBBL,34,45,50,569.00,"28,450.00"
2019-12-12,2019121201009303,SLBBL,34,19,50,569.00,"28,450.00"
2019-12-12,2019121201009302,SLBBL,25,19,100,569.00,"56,900.00"
2019-12-12,2019121201009197,SLBBL,37,43,162,570.00,"92,340.00"
2019-12-12,2019121201009193,SLBBL,37,45,85,570.00,"48,450.00"
2019-12-12,2019121201009574,SLICL,45,34,501,309.00,"154,809.00"
2019-12-12,2019121201009546,SLICL,45,17,250,309.00,"77,250.00"
2019-12-12,2019121201009354,SLICL,45,4,97,309.00,"29,973.00"
2019-12-12,2019121201009353,SLICL,29,4,100,309.00,"30,900.00"
2019-12-12,2019121201009352,SLICL,47,4,200,309.00,"61,800.00"
2019-12-12,2019121201009351,SLICL,56,4,103,309.00,"31,827.00"
2019-12-12,2019121201009293,SLICL,56,36,800,309.00,"247,200.00"
2019-12-12,2019121201009156,SLICL,56,44,97,309.00,"29,973.00"
2019-12-12,2019121201009155,SLICL,5,44,300,309.00,"92,700.00"
2019-12-12,2019121201009154,SLICL,42,44,103,309.00,"31,827.00"
2019-12-12,2019121201009495,SMATA,33,56,50,588.00,"29,400.00"
2019-12-12,2019121201009494,SMATA,56,56,50,588.00,"29,400.00"
2019-12-12,2019121201009339,SMATA,37,56,100,595.00,"59,500.00"
2019-12-12,2019121201009542,SMB,56,37,20,557.00,"11,140.00"
2019-12-12,2019121201009486,SMB,56,21,30,564.00,"16,920.00"
2019-12-12,2019121201009485,SMB,45,21,20,564.00,"11,280.00"
2019-12-12,2019121201009484,SMB,56,21,50,564.00,"28,200.00"
2019-12-12,2019121201009411,SMB,45,21,30,564.00,"16,920.00"
2019-12-12,2019121201009337,SMB,48,21,20,570.00,"11,400.00"
2019-12-12,2019121201009393,SMB,42,21,30,565.00,"16,950.00"
2019-12-12,2019121201009392,SMB,58,21,50,565.00,"28,250.00"
2019-12-12,2019121201009357,SMB,56,21,50,569.00,"28,450.00"
2019-12-12,2019121201009516,SMFBS,57,58,10,915.00,"9,150.00"
2019-12-12,2019121201009343,SPARS,34,57,10,629.00,"6,290.00"
2019-12-12,2019121201009196,SPDL,32,37,100,95.00,"9,500.00"
2019-12-12,2019121201009412,SRBL,14,49,463,218.00,"100,934.00"
2019-12-12,2019121201009386,SRBL,40,49,500,219.00,"109,500.00"
2019-12-12,2019121201009385,SRBL,21,49,200,219.00,"43,800.00"
2019-12-12,2019121201009384,SRBL,33,49,500,219.00,"109,500.00"
2019-12-12,2019121201009383,SRBL,17,49,644,219.00,"141,036.00"
2019-12-12,2019121201009441,STC,54,41,104,"1,490.00","154,960.00"
2019-12-12,2019121201009440,STC,42,41,16,"1,491.00","23,856.00"
2019-12-12,2019121201009278,STC,42,41,143,"1,491.00","213,213.00"
2019-12-12,2019121201009174,STC,42,41,41,"1,491.00","61,131.00"
2019-12-12,2019121201009584,SWBBL,6,34,103,"1,057.00","108,871.00"
2019-12-12,2019121201009583,SWBBL,53,34,40,"1,057.00","42,280.00"
2019-12-12,2019121201009537,SWBBL,38,43,500,"1,066.00","533,000.00"
2019-12-12,2019121201009388,SWBBL,35,34,100,"1,060.00","106,000.00"
2019-12-12,2019121201009387,SWBBL,35,33,200,"1,060.00","212,000.00"
2019-12-12,2019121201009167,UMHL,40,7,600,106.00,"63,600.00"
2019-12-12,2019121201009550,UPCL,33,17,50,76.00,"3,800.00"
2019-12-12,2019121201009525,UPCL,33,17,50,76.00,"3,800.00"
2019-12-12,2019121201009430,UPCL,33,51,400,77.00,"30,800.00"
2019-12-12,2019121201009395,UPCL,57,51,100,77.00,"7,700.00"
2019-12-12,2019121201009310,UPCL,57,41,100,77.00,"7,700.00"
2019-12-12,2019121201009286,UPCL,57,37,150,77.00,"11,550.00"
2019-12-12,2019121201009326,UPPER,55,32,90,244.00,"21,960.00"
2019-12-12,2019121201009166,UPPER,25,49,20,245.00,"4,900.00"
2019-12-12,2019121201009646,VLBS,54,29,49,689.00,"33,761.00"
2019-12-12,2019121201009582,VLBS,22,11,208,680.00,"141,440.00"
2019-12-12,2019121201009312,VLBS,22,22,48,680.00,"32,640.00"
2019-12-12,2019121201008891,ADBL,37,34,200,410.00,"82,000.00"
2019-12-12,2019121201008856,ADBL,44,34,"1,029",409.00,"420,861.00"
2019-12-12,2019121201008836,ADBL,44,34,50,409.00,"20,450.00"
2019-12-12,2019121201008707,ADBL,17,34,200,409.00,"81,800.00"
2019-12-12,2019121201008709,AKBSL,34,34,10,472.00,"4,720.00"
2019-12-12,2019121201008676,AKPL,49,41,48,126.00,"6,048.00"
2019-12-12,2019121201008660,AKPL,49,45,952,126.00,"119,952.00"
2019-12-12,2019121201008659,AKPL,19,45,74,127.00,"9,398.00"
2019-12-12,2019121201009023,ALBSL,29,25,75,460.00,"34,500.00"
2019-12-12,2019121201008972,ALBSL,46,25,50,461.00,"23,050.00"
2019-12-12,2019121201008906,ALBSL,17,42,15,463.00,"6,945.00"
2019-12-12,2019121201008905,ALBSL,39,42,55,463.00,"25,465.00"
2019-12-12,2019121201008846,ALBSL,39,11,10,463.00,"4,630.00"
2019-12-12,2019121201008943,ALICL,52,50,100,385.00,"38,500.00"
2019-12-12,2019121201008750,ALICL,7,14,206,386.00,"79,516.00"
2019-12-12,2019121201009031,API,25,44,34,113.00,"3,842.00"
2019-12-12,2019121201009010,API,25,34,50,114.00,"5,700.00"
2019-12-12,2019121201008999,API,25,22,166,113.00,"18,758.00"
2019-12-12,2019121201008947,API,25,22,34,113.00,"3,842.00"
2019-12-12,2019121201008928,API,25,34,63,114.00,"7,182.00"
2019-12-12,2019121201008925,API,25,6,44,113.00,"4,972.00"
2019-12-12,2019121201008924,API,25,44,222,113.00,"25,086.00"
2019-12-12,2019121201008819,API,19,44,300,113.00,"33,900.00"
2019-12-12,2019121201008787,API,7,34,30,114.00,"3,420.00"
2019-12-12,2019121201008654,BFC,42,19,10,87.00,870.00
2019-12-12,2019121201008927,BOKL,33,6,34,218.00,"7,412.00"
2019-12-12,2019121201009100,BPCL,58,32,21,365.00,"7,665.00"
2019-12-12,2019121201008893,BPCL,58,32,22,365.00,"8,030.00"
2019-12-12,2019121201008775,BPCL,58,58,"1,933",365.00,"705,545.00"
2019-12-12,2019121201008774,BPCL,21,58,"1,000",366.00,"366,000.00"
2019-12-12,2019121201008773,BPCL,47,58,500,366.00,"183,000.00"
2019-12-12,2019121201008772,BPCL,36,58,167,366.00,"61,122.00"
2019-12-12,2019121201008746,BPCL,36,28,33,366.00,"12,078.00"
2019-12-12,2019121201008742,BPCL,6,4,500,367.00,"183,500.00"
2019-12-12,2019121201008727,BPCL,17,4,500,367.00,"183,500.00"
2019-12-12,2019121201008703,BPCL,58,7,54,368.00,"19,872.00"
2019-12-12,2019121201008818,CBBL,45,6,100,809.00,"80,900.00"
2019-12-12,2019121201009024,CCBL,4,51,100,169.00,"16,900.00"
2019-12-12,2019121201009009,CCBL,7,28,8,169.00,"1,352.00"
2019-12-12,2019121201008697,CCBL,4,58,100,169.00,"16,900.00"
2019-12-12,2019121201008670,CCBL,4,58,28,169.00,"4,732.00"
2019-12-12,2019121201008669,CCBL,4,59,418,169.00,"70,642.00"
2019-12-12,2019121201008812,CCBL,4,34,100,169.00,"16,900.00"
2019-12-12,2019121201008780,CCBL,4,34,300,169.00,"50,700.00"
2019-12-12,2019121201008752,CCBL,4,34,50,169.00,"8,450.00"
2019-12-12,2019121201008720,CCBL,4,58,121,169.00,"20,449.00"
2019-12-12,2019121201008719,CCBL,4,58,279,169.00,"47,151.00"
2019-12-12,2019121201008860,CCBL,16,50,"1,000",168.00,"168,000.00"
2019-12-12,2019121201008841,CCBL,4,34,50,169.00,"8,450.00"
2019-12-12,2019121201008946,CCBL,45,48,10,170.00,"1,700.00"
2019-12-12,2019121201008918,CCBL,48,38,400,169.00,"67,600.00"
2019-12-12,2019121201008917,CCBL,48,16,200,169.00,"33,800.00"
2019-12-12,2019121201008916,CCBL,48,34,"1,300",169.00,"219,700.00"
2019-12-12,2019121201008907,CCBL,4,34,100,169.00,"16,900.00"
2019-12-12,2019121201008867,CCBL,4,34,100,169.00,"16,900.00"
2019-12-12,2019121201008701,CHCL,25,56,20,371.00,"7,420.00"
2019-12-12,2019121201008753,CHL,44,28,34,78.00,"2,652.00"
2019-12-12,2019121201008849,CIT,40,36,17,"1,740.00","29,580.00"
2019-12-12,2019121201008704,CIT,49,36,20,"1,740.00","34,800.00"
2019-12-12,2019121201008745,DBBL,32,45,28,124.00,"3,472.00"
2019-12-12,2019121201008744,DBBL,47,45,72,124.00,"8,928.00"
2019-12-12,2019121201009132,DDBL,20,35,500,908.00,"454,000.00"
2019-12-12,2019121201008859,DDBL,45,54,10,905.00,"9,050.00"
2019-12-12,2019121201008762,DDBL,34,54,30,905.00,"27,150.00"
2019-12-12,2019121201008755,DDBL,1,38,30,901.00,"27,030.00"
2019-12-12,2019121201008754,DDBL,29,38,20,902.00,"18,040.00"
2019-12-12,2019121201008735,DDBL,29,45,80,902.00,"72,160.00"
2019-12-12,2019121201008695,DDBL,53,7,50,905.00,"45,250.00"
2019-12-12,2019121201008694,DDBL,50,7,30,906.00,"27,180.00"
2019-12-12,2019121201008693,DDBL,10,7,100,906.00,"90,600.00"
2019-12-12,2019121201008692,DDBL,45,7,52,906.00,"47,112.00"
2019-12-12,2019121201008691,DDBL,45,7,100,907.00,"90,700.00"
2019-12-12,2019121201008690,DDBL,6,7,100,907.00,"90,700.00"
2019-12-12,2019121201008734,DDBL,6,45,20,902.00,"18,040.00"
2019-12-12,2019121201008733,DDBL,43,45,100,902.00,"90,200.00"
2019-12-12,2019121201008725,DDBL,43,54,32,905.00,"28,960.00"
2019-12-12,2019121201008699,DDBL,43,45,468,905.00,"423,540.00"
2019-12-12,2019121201008698,DDBL,17,45,32,905.00,"28,960.00"
2019-12-12,2019121201008696,DDBL,17,7,68,905.00,"61,540.00"
2019-12-12,2019121201009094,DHPL,7,34,980,56.00,"54,880.00"
2019-12-12,2019121201008892,EBL,26,40,300,562.00,"168,600.00"
2019-12-12,2019121201008876,EBL,26,7,100,562.00,"56,200.00"
2019-12-12,2019121201008875,EBL,17,7,100,562.00,"56,200.00"
2019-12-12,2019121201009076,EIC,22,16,100,275.00,"27,500.00"
2019-12-12,2019121201009075,EIC,17,16,500,275.00,"137,500.00"
2019-12-12,2019121201009074,EIC,37,16,200,275.00,"55,000.00"
2019-12-12,2019121201009073,EIC,26,16,50,275.00,"13,750.00"
2019-12-12,2019121201009072,EIC,17,16,400,275.00,"110,000.00"
2019-12-12,2019121201009071,EIC,44,16,50,275.00,"13,750.00"
2019-12-12,2019121201009046,EIC,39,16,71,275.00,"19,525.00"
2019-12-12,2019121201009052,EIC,50,16,300,275.00,"82,500.00"
2019-12-12,2019121201009051,EIC,54,16,50,275.00,"13,750.00"
2019-12-12,2019121201009050,EIC,22,16,500,275.00,"137,500.00"
2019-12-12,2019121201009049,EIC,7,16,"1,700",275.00,"467,500.00"
2019-12-12,2019121201009048,EIC,37,16,100,275.00,"27,500.00"
2019-12-12,2019121201009047,EIC,41,16,200,275.00,"55,000.00"
2019-12-12,2019121201009058,EIC,57,16,500,275.00,"137,500.00"
2019-12-12,2019121201009057,EIC,17,16,500,275.00,"137,500.00"
2019-12-12,2019121201009056,EIC,39,16,"1,000",275.00,"275,000.00"
2019-12-12,2019121201009055,EIC,1,16,200,275.00,"55,000.00"
2019-12-12,2019121201009054,EIC,6,16,15,275.00,"4,125.00"
2019-12-12,2019121201009053,EIC,44,16,200,275.00,"55,000.00"
2019-12-12,2019121201009064,EIC,51,16,"1,000",275.00,"275,000.00"
2019-12-12,2019121201009063,EIC,19,16,100,275.00,"27,500.00"
2019-12-12,2019121201009062,EIC,38,16,100,275.00,"27,500.00"
2019-12-12,2019121201009061,EIC,14,16,50,275.00,"13,750.00"
2019-12-12,2019121201009060,EIC,38,16,500,275.00,"137,500.00"
2019-12-12,2019121201009059,EIC,5,16,400,275.00,"110,000.00"
2019-12-12,2019121201009070,EIC,42,16,20,275.00,"5,500.00"
2019-12-12,2019121201009069,EIC,50,16,"1,000",275.00,"275,000.00"
2019-12-12,2019121201009068,EIC,49,16,150,275.00,"41,250.00"
2019-12-12,2019121201009067,EIC,10,16,256,275.00,"70,400.00"
2019-12-12,2019121201009066,EIC,41,16,100,275.00,"27,500.00"
2019-12-12,2019121201009065,EIC,41,16,100,275.00,"27,500.00"
2019-12-12,2019121201009008,GBBL,40,7,200,206.00,"41,200.00"
2019-12-12,2019121201009146,GBLBS,49,25,15,327.00,"4,905.00"
2019-12-12,2019121201009145,GBLBS,38,25,85,327.00,"27,795.00"
2019-12-12,2019121201009114,GBLBS,38,32,15,327.00,"4,905.00"
2019-12-12,2019121201009042,GBLBS,38,10,100,327.00,"32,700.00"
2019-12-12,2019121201008993,GBLBS,52,32,45,328.00,"14,760.00"
2019-12-12,2019121201008857,GFCL,51,22,100,136.00,"13,600.00"
2019-12-12,2019121201008862,GLBSL,41,7,100,459.00,"45,900.00"
2019-12-12,2019121201008764,GLBSL,54,43,40,466.00,"18,640.00"
2019-12-12,2019121201008934,GLICL,19,45,100,466.00,"46,600.00"
2019-12-12,2019121201008840,GLICL,19,7,455,466.00,"212,030.00"
2019-12-12,2019121201008839,GLICL,26,7,505,466.00,"235,330.00"
2019-12-12,2019121201008838,GLICL,39,7,100,466.00,"46,600.00"
2019-12-12,2019121201009093,GMFBS,51,7,10,591.00,"5,910.00"
2019-12-12,2019121201008889,GMFBS,1,5,50,590.00,"29,500.00"
2019-12-12,2019121201008888,GMFBS,28,5,500,591.00,"295,500.00"
2019-12-12,2019121201008887,GMFBS,43,5,100,591.00,"59,100.00"
2019-12-12,2019121201008886,GMFBS,28,5,150,592.00,"88,800.00"
2019-12-12,2019121201008885,GMFBS,55,5,100,593.00,"59,300.00"
2019-12-12,2019121201008702,HBL,36,49,100,504.00,"50,400.00"
2019-12-12,2019121201008689,HBL,17,43,100,505.00,"50,500.00"
2019-12-12,2019121201009045,HDL,26,7,45,"1,241.00","55,845.00"
2019-12-12,2019121201009044,HDL,25,7,15,"1,241.00","18,615.00"
2019-12-12,2019121201008761,HDL,25,25,10,"1,241.00","12,410.00"
2019-12-12,2019121201008760,HDL,34,25,100,"1,241.00","124,100.00"
2019-12-12,2019121201008759,HDL,42,25,10,"1,241.00","12,410.00"
2019-12-12,2019121201008758,HDL,58,25,15,"1,241.00","18,615.00"
2019-12-12,2019121201008757,HDL,25,25,25,"1,242.00","31,050.00"
2019-12-12,2019121201008756,HDL,33,25,20,"1,242.00","24,840.00"
2019-12-12,2019121201008751,HDL,58,1,10,"1,243.00","12,430.00"
2019-12-12,2019121201009108,HGI,25,44,21,298.00,"6,258.00"
2019-12-12,2019121201009107,HGI,25,25,100,298.00,"29,800.00"
2019-12-12,2019121201009106,HGI,25,6,200,298.00,"59,600.00"
2019-12-12,2019121201009105,HGI,25,42,179,298.00,"53,342.00"
2019-12-12,2019121201009018,HGI,19,42,200,298.00,"59,600.00"
2019-12-12,2019121201008977,HGI,42,49,375,295.00,"110,625.00"
2019-12-12,2019121201008976,HGI,25,49,150,296.00,"44,400.00"
2019-12-12,2019121201008975,HGI,35,49,150,296.00,"44,400.00"
2019-12-12,2019121201008974,HGI,42,49,25,296.00,"7,400.00"
2019-12-12,2019121201008793,HGI,1,42,300,298.00,"89,400.00"
2019-12-12,2019121201008717,HGI,21,56,500,297.00,"148,500.00"
2019-12-12,2019121201008990,IGI,57,38,500,325.00,"162,500.00"
2019-12-12,2019121201008989,IGI,55,38,200,325.00,"65,000.00"
2019-12-12,2019121201008988,IGI,38,38,100,325.00,"32,500.00"
2019-12-12,2019121201008987,IGI,49,38,50,325.00,"16,250.00"
2019-12-12,2019121201008986,IGI,43,38,500,325.00,"162,500.00"
2019-12-12,2019121201008985,IGI,42,38,20,325.00,"6,500.00"
2019-12-12,2019121201008984,IGI,34,38,300,325.00,"97,500.00"
2019-12-12,2019121201009083,ILBS,57,11,10,577.00,"5,770.00"
2019-12-12,2019121201008664,ILBS,57,11,100,576.00,"57,600.00"
2019-12-12,2019121201008802,JBBL,36,34,77,168.00,"12,936.00"
2019-12-12,2019121201008801,JBBL,29,34,123,168.00,"20,664.00"
2019-12-12,2019121201009082,JFL,6,20,200,196.00,"39,200.00"
2019-12-12,2019121201009081,JFL,45,20,500,196.00,"98,000.00"
2019-12-12,2019121201008913,JFL,51,20,100,197.00,"19,700.00"
2019-12-12,2019121201008912,JFL,13,20,100,197.00,"19,700.00"
2019-12-12,2019121201008958,JSLBB,48,52,70,"1,244.00","87,080.00"
2019-12-12,2019121201008957,JSLBB,47,52,100,"1,246.00","124,600.00"
2019-12-12,2019121201008956,JSLBB,1,52,10,"1,246.00","12,460.00"
2019-12-12,2019121201008955,JSLBB,35,52,20,"1,247.00","24,940.00"
2019-12-12,2019121201008677,JSLBB,22,51,56,"1,257.00","70,392.00"
2019-12-12,2019121201008786,JSLBB,44,52,100,"1,253.00","125,300.00"
2019-12-12,2019121201008858,JSLBB,35,52,10,"1,247.00","12,470.00"
2019-12-12,2019121201008835,JSLBB,44,52,199,"1,249.00","248,551.00"
2019-12-12,2019121201008834,JSLBB,1,52,200,"1,250.00","250,000.00"
2019-12-12,2019121201008833,JSLBB,34,52,10,"1,250.00","12,500.00"
2019-12-12,2019121201008982,KKHC,58,14,80,57.00,"4,560.00"
2019-12-12,2019121201008736,KPCL,33,39,10,86.00,860.00
2019-12-12,2019121201008791,KPCL,33,28,10,86.00,860.00
2019-12-12,2019121201008788,KPCL,33,56,10,87.00,870.00
2019-12-12,2019121201008737,KPCL,33,39,130,86.00,"11,180.00"
2019-12-12,2019121201008902,KPCL,56,33,10,88.00,880.00
2019-12-12,2019121201008822,KPCL,33,56,10,87.00,870.00
2019-12-12,2019121201009079,KSBBL,6,35,19,138.00,"2,622.00"
2019-12-12,2019121201009078,KSBBL,35,35,500,138.00,"69,000.00"
2019-12-12,2019121201009077,KSBBL,17,35,481,138.00,"66,378.00"
2019-12-12,2019121201009036,LBBL,29,43,51,194.00,"9,894.00"
2019-12-12,2019121201009035,LBBL,38,43,150,194.00,"29,100.00"
2019-12-12,2019121201008722,LBBL,57,26,64,194.00,"12,416.00"
2019-12-12,2019121201008686,LBBL,57,26,64,194.00,"12,416.00"
2019-12-12,2019121201009034,LBBL,41,43,"1,000",194.00,"194,000.00"
2019-12-12,2019121201009033,LBBL,33,43,299,194.00,"58,006.00"
2019-12-12,2019121201009012,LBBL,33,34,201,194.00,"38,994.00"
2019-12-12,2019121201009011,LBBL,57,34,599,194.00,"116,206.00"
2019-12-12,2019121201008951,LBL,40,22,211,197.00,"41,567.00"
2019-12-12,2019121201008950,LBL,40,22,66,197.00,"13,002.00"
2019-12-12,2019121201008663,LBL,40,22,50,197.00,"9,850.00"
2019-12-12,2019121201009118,LGIL,41,43,40,348.00,"13,920.00"
2019-12-12,2019121201009117,LGIL,34,43,10,348.00,"3,480.00"
2019-12-12,2019121201008960,LGIL,40,57,500,348.00,"174,000.00"
2019-12-12,2019121201008800,LGIL,22,6,500,349.00,"174,500.00"
2019-12-12,2019121201008799,LGIL,58,6,100,350.00,"35,000.00"
2019-12-12,2019121201008798,LGIL,56,6,200,351.00,"70,200.00"
2019-12-12,2019121201008797,LGIL,56,6,200,351.00,"70,200.00"
2019-12-12,2019121201008796,LGIL,51,6,100,351.00,"35,100.00"
2019-12-12,2019121201008795,LGIL,26,6,400,352.00,"140,800.00"
2019-12-12,2019121201008794,LGIL,40,6,166,352.00,"58,432.00"
2019-12-12,2019121201008784,LGIL,40,38,350,355.00,"124,250.00"
2019-12-12,2019121201008768,LGIL,22,48,100,353.00,"35,300.00"
2019-12-12,2019121201008741,LICN,4,39,11,"1,065.00","11,715.00"
2019-12-12,2019121201008651,MBL,59,34,500,223.00,"111,500.00"
2019-12-12,2019121201008650,MBL,38,34,10,223.00,"2,230.00"
2019-12-12,2019121201009000,MEGA,8,17,700,189.00,"132,300.00"
2019-12-12,2019121201008766,MHNL,34,28,40,85.00,"3,400.00"
2019-12-12,2019121201008711,MLBBL,45,34,50,545.00,"27,250.00"
2019-12-12,2019121201008710,MLBBL,14,34,50,546.00,"27,300.00"
2019-12-12,2019121201009139,MNBBL,25,19,200,282.00,"56,400.00"
2019-12-12,2019121201009138,MNBBL,25,1,100,282.00,"28,200.00"
2019-12-12,2019121201009137,MNBBL,25,52,500,282.00,"141,000.00"
2019-12-12,2019121201009136,MNBBL,25,43,787,282.00,"221,934.00"
2019-12-12,2019121201008657,MNBBL,44,42,61,281.00,"17,141.00"
2019-12-12,2019121201008820,MNBBL,57,51,20,280.00,"5,600.00"
2019-12-12,2019121201008783,MNBBL,14,42,195,281.00,"54,795.00"
2019-12-12,2019121201008782,MNBBL,57,42,105,281.00,"29,505.00"
2019-12-12,2019121201008748,MNBBL,57,42,95,281.00,"26,695.00"
2019-12-12,2019121201008747,MNBBL,44,42,405,281.00,"113,805.00"
2019-12-12,2019121201008740,MNBBL,44,25,81,281.00,"22,761.00"
2019-12-12,2019121201008967,MNBBL,25,43,100,282.00,"28,200.00"
2019-12-12,2019121201008821,MNBBL,1,51,31,280.00,"8,680.00"
2019-12-12,2019121201008815,MPFL,6,51,192,104.00,"19,968.00"
2019-12-12,2019121201008814,MPFL,6,45,20,104.00,"2,080.00"
2019-12-12,2019121201008964,MSMBS,10,5,51,552.00,"28,152.00"
2019-12-12,2019121201008963,MSMBS,11,5,10,552.00,"5,520.00"
2019-12-12,2019121201008944,MSMBS,46,5,100,553.00,"55,300.00"
2019-12-12,2019121201009111,NABIL,4,4,"5,000",748.00,"3,740,000.00"
2019-12-12,2019121201009043,NBL,5,17,50,315.00,"15,750.00"
2019-12-12,2019121201009032,NBL,4,4,"5,100",314.00,"1,601,400.00"
2019-12-12,2019121201008911,NBL,49,4,400,314.00,"125,600.00"
2019-12-12,2019121201008910,NBL,13,4,312,314.00,"97,968.00"
2019-12-12,2019121201008909,NBL,52,4,200,314.00,"62,800.00"
2019-12-12,2019121201008908,NBL,59,4,"4,188",314.00,"1,315,032.00"
2019-12-12,2019121201008674,NBL,25,17,500,315.00,"157,500.00"
2019-12-12,2019121201008965,NCCB,4,19,231,204.00,"47,124.00"
2019-12-12,2019121201008809,NCCB,4,7,"1,500",204.00,"306,000.00"
2019-12-12,2019121201008808,NCCB,4,50,400,204.00,"81,600.00"
2019-12-12,2019121201008807,NCCB,4,34,50,204.00,"10,200.00"
2019-12-12,2019121201008806,NCCB,4,38,12,204.00,"2,448.00"
2019-12-12,2019121201008805,NCCB,4,40,500,204.00,"102,000.00"
2019-12-12,2019121201008804,NCCB,4,40,282,204.00,"57,528.00"
2019-12-12,2019121201008848,NIB,16,55,24,429.00,"10,296.00"
2019-12-12,2019121201008730,NIBPO,11,22,21,401.00,"8,421.00"
2019-12-12,2019121201008715,NIBPO,11,22,102,401.00,"40,902.00"
2019-12-12,2019121201008831,NICA,14,38,98,413.00,"40,474.00"
2019-12-12,2019121201008830,NICA,45,38,102,413.00,"42,126.00"
2019-12-12,2019121201009125,NICL,25,51,55,314.00,"17,270.00"
2019-12-12,2019121201009089,NICL,25,49,145,314.00,"45,530.00"
2019-12-12,2019121201009041,NICL,38,49,355,314.00,"111,470.00"
2019-12-12,2019121201009040,NICL,38,19,55,314.00,"17,270.00"
2019-12-12,2019121201008997,NICL,38,6,90,314.00,"28,260.00"
2019-12-12,2019121201008996,NICL,13,6,210,314.00,"65,940.00"
2019-12-12,2019121201008705,NICL,14,44,400,314.00,"125,600.00"
2019-12-12,2019121201008678,NICL,14,44,200,314.00,"62,800.00"
2019-12-12,2019121201008666,NICL,29,44,400,314.00,"125,600.00"
2019-12-12,2019121201008884,NICL,13,6,300,314.00,"94,200.00"
2019-12-12,2019121201008872,NICL,40,49,37,312.00,"11,544.00"
2019-12-12,2019121201008861,NICL,46,6,200,314.00,"62,800.00"
2019-12-12,2019121201008823,NICL,40,49,82,312.00,"25,584.00"
2019-12-12,2019121201008743,NICL,1,34,75,314.00,"23,550.00"
2019-12-12,2019121201009110,NIL,40,6,15,435.00,"6,525.00"
2019-12-12,2019121201009109,NIL,38,6,99,435.00,"43,065.00"
2019-12-12,2019121201009095,NIL,50,56,200,438.00,"87,600.00"
2019-12-12,2019121201009030,NIL,38,7,301,435.00,"130,935.00"
2019-12-12,2019121201009029,NIL,6,7,146,435.00,"63,510.00"
2019-12-12,2019121201009028,NIL,25,7,52,436.00,"22,672.00"
2019-12-12,2019121201008726,NIL,45,1,26,440.00,"11,440.00"
2019-12-12,2019121201008718,NIL,45,28,224,440.00,"98,560.00"
2019-12-12,2019121201008700,NIL,45,51,250,440.00,"110,000.00"
2019-12-12,2019121201009098,NLBBL,34,29,11,573.00,"6,303.00"
2019-12-12,2019121201009097,NLBBL,5,29,150,573.00,"85,950.00"
2019-12-12,2019121201009096,NLBBL,25,29,39,573.00,"22,347.00"
2019-12-12,2019121201008935,NLBBL,34,5,50,574.00,"28,700.00"
2019-12-12,2019121201008656,NLBBL,25,43,61,573.00,"34,953.00"
2019-12-12,2019121201008655,NLBBL,46,43,90,573.00,"51,570.00"
2019-12-12,2019121201009127,NLG,1,58,155,606.00,"93,930.00"
2019-12-12,2019121201008853,NLG,1,43,35,606.00,"21,210.00"
2019-12-12,2019121201008679,NLG,1,38,810,606.00,"490,860.00"
2019-12-12,2019121201009134,NLIC,39,34,50,913.00,"45,650.00"
2019-12-12,2019121201009085,NLIC,39,41,32,913.00,"29,216.00"
2019-12-12,2019121201009084,NLIC,39,41,468,914.00,"427,752.00"
2019-12-12,2019121201008983,NLIC,38,57,33,915.00,"30,195.00"
2019-12-12,2019121201008948,NLIC,25,55,100,919.00,"91,900.00"
2019-12-12,2019121201008904,NLIC,38,56,62,915.00,"56,730.00"
2019-12-12,2019121201008811,NLIC,39,19,200,916.00,"183,200.00"
2019-12-12,2019121201008767,NLIC,33,48,30,917.00,"27,510.00"
2019-12-12,2019121201008728,NLIC,25,46,53,918.00,"48,654.00"
2019-12-12,2019121201008712,NLIC,25,42,115,918.00,"105,570.00"
2019-12-12,2019121201008895,NLIC,25,46,147,918.00,"134,946.00"
2019-12-12,2019121201008894,NLIC,25,48,70,917.00,"64,190.00"
2019-12-12,2019121201008878,NLIC,38,49,105,915.00,"96,075.00"
2019-12-12,2019121201008877,NLIC,16,49,100,915.00,"91,500.00"
2019-12-12,2019121201008868,NLIC,53,34,100,915.00,"91,500.00"
2019-12-12,2019121201008855,NLIC,39,50,50,916.00,"45,800.00"
2019-12-12,2019121201008901,NLIC,25,47,52,920.00,"47,840.00"
2019-12-12,2019121201008900,NLIC,25,47,73,920.00,"67,160.00"
2019-12-12,2019121201008899,NLIC,25,47,63,920.00,"57,960.00"
2019-12-12,2019121201008898,NLIC,25,47,19,920.00,"17,480.00"
2019-12-12,2019121201008897,NLIC,25,47,62,920.00,"57,040.00"
2019-12-12,2019121201008896,NLIC,25,47,14,920.00,"12,880.00"
2019-12-12,2019121201009015,NLICL,5,57,200,494.00,"98,800.00"
2019-12-12,2019121201009014,NLICL,53,57,100,495.00,"49,500.00"
2019-12-12,2019121201009013,NLICL,52,57,150,495.00,"74,250.00"
2019-12-12,2019121201008981,NLICL,35,44,162,499.00,"80,838.00"
2019-12-12,2019121201008980,NLICL,35,56,38,498.00,"18,924.00"
2019-12-12,2019121201008962,NLICL,52,42,50,495.00,"24,750.00"
2019-12-12,2019121201008961,NLICL,52,50,200,495.00,"99,000.00"
2019-12-12,2019121201008790,NLICL,14,44,100,499.00,"49,900.00"
2019-12-12,2019121201008763,NLICL,14,44,100,499.00,"49,900.00"
2019-12-12,2019121201009080,NMB,40,34,"1,000",397.00,"397,000.00"
2019-12-12,2019121201009026,NMB,26,16,44,398.00,"17,512.00"
2019-12-12,2019121201009025,NMB,26,21,156,398.00,"62,088.00"
2019-12-12,2019121201008954,NMB,40,17,234,397.00,"92,898.00"
2019-12-12,2019121201008953,NMB,8,17,397,397.00,"157,609.00"
2019-12-12,2019121201008952,NMB,47,21,450,398.00,"179,100.00"
2019-12-12,2019121201008684,NMB,8,13,500,397.00,"198,500.00"
2019-12-12,2019121201008683,NMB,34,13,50,397.00,"19,850.00"
2019-12-12,2019121201008682,NMB,1,13,99,397.00,"39,303.00"
2019-12-12,2019121201008914,NMB,47,21,50,398.00,"19,900.00"
2019-12-12,2019121201008864,NMB,20,21,344,398.00,"136,912.00"
2019-12-12,2019121201008863,NMB,20,40,156,398.00,"62,088.00"
2019-12-12,2019121201008854,NMB,8,14,200,397.00,"79,400.00"
2019-12-12,2019121201008706,NMB,8,39,152,397.00,"60,344.00"
2019-12-12,2019121201008685,NMB,8,13,251,397.00,"99,647.00"
2019-12-12,2019121201008923,NMBMF,50,38,200,578.00,"115,600.00"
2019-12-12,2019121201008922,NMBMF,16,38,200,580.00,"116,000.00"
2019-12-12,2019121201008921,NMBMF,13,38,50,581.00,"29,050.00"
2019-12-12,2019121201008920,NMBMF,1,38,18,581.00,"10,458.00"
2019-12-12,2019121201008919,NMBMF,50,38,30,581.00,"17,430.00"
2019-12-12,2019121201008870,NMBMF,50,1,20,581.00,"11,620.00"
2019-12-12,2019121201008729,NMBMF,29,43,50,585.00,"29,250.00"
2019-12-12,2019121201009017,NNLB,25,7,400,643.00,"257,200.00"
2019-12-12,2019121201009016,NNLB,13,7,100,645.00,"64,500.00"
2019-12-12,2019121201008883,NNLB,17,55,20,644.00,"12,880.00"
2019-12-12,2019121201008874,NNLB,19,55,200,650.00,"130,000.00"
2019-12-12,2019121201008873,NNLB,17,55,50,651.00,"32,550.00"
2019-12-12,2019121201008688,NTC,11,43,35,651.00,"22,785.00"
2019-12-12,2019121201008687,NTC,51,43,30,652.00,"19,560.00"
2019-12-12,2019121201008828,PCBL,4,29,200,279.00,"55,800.00"
2019-12-12,2019121201008827,PCBL,14,29,150,279.00,"41,850.00"
2019-12-12,2019121201008826,PCBL,36,29,100,279.00,"27,900.00"
2019-12-12,2019121201008825,PCBL,25,29,141,280.00,"39,480.00"
2019-12-12,2019121201008777,PCBL,35,17,200,282.00,"56,400.00"
2019-12-12,2019121201008716,PCBL,25,43,59,280.00,"16,520.00"
2019-12-12,2019121201008789,PIC,21,53,18,442.00,"7,956.00"
2019-12-12,2019121201008673,PIC,14,53,10,442.00,"4,420.00"
2019-12-12,2019121201008661,PIC,6,16,200,443.00,"88,600.00"
2019-12-12,2019121201008653,PIC,36,37,200,445.00,"89,000.00"
2019-12-12,2019121201008652,PIC,36,11,11,445.00,"4,895.00"
2019-12-12,2019121201008724,PICL,38,6,300,442.00,"132,600.00"
2019-12-12,2019121201008665,PICL,10,51,200,445.00,"89,000.00"
2019-12-12,2019121201008649,PICL,38,43,180,441.00,"79,380.00"
2019-12-12,2019121201008648,PICL,45,43,20,442.00,"8,840.00"
2019-12-12,2019121201008882,PLIC,41,36,20,380.00,"7,600.00"
2019-12-12,2019121201008881,PLIC,22,36,500,380.00,"190,000.00"
2019-12-12,2019121201008880,PLIC,28,36,50,380.00,"19,000.00"
2019-12-12,2019121201008879,PLIC,41,36,20,381.00,"7,620.00"
2019-12-12,2019121201008776,PLIC,7,7,500,381.00,"190,500.00"
2019-12-12,2019121201008903,PMHPL,33,57,10,85.00,850.00
2019-12-12,2019121201008847,PMHPL,56,14,200,84.00,"16,800.00"
2019-12-12,2019121201008832,PMHPL,56,28,10,84.00,840.00
2019-12-12,2019121201009113,PPCL,3,57,10,110.00,"1,100.00"
2019-12-12,2019121201009119,PRIN,21,36,"1,000",350.00,"350,000.00"
2019-12-12,2019121201009116,PRIN,26,7,500,351.00,"175,500.00"
2019-12-12,2019121201009103,PRIN,56,57,500,351.00,"175,500.00"
2019-12-12,2019121201009102,PRIN,58,57,500,352.00,"176,000.00"
2019-12-12,2019121201009101,PRIN,22,57,200,352.00,"70,400.00"
2019-12-12,2019121201009027,PRIN,28,36,32,354.00,"11,328.00"
2019-12-12,2019121201008979,PRIN,28,36,50,354.00,"17,700.00"
2019-12-12,2019121201008713,PRIN,28,6,418,354.00,"147,972.00"
2019-12-12,2019121201008672,PRIN,33,6,356,354.00,"126,024.00"
2019-12-12,2019121201009131,PRVU,22,41,406,225.00,"91,350.00"
2019-12-12,2019121201009130,PRVU,38,41,25,225.00,"5,625.00"
2019-12-12,2019121201009129,PRVU,13,41,169,225.00,"38,025.00"
2019-12-12,2019121201009038,PRVU,13,49,831,225.00,"186,975.00"
2019-12-12,2019121201009037,PRVU,46,49,169,225.00,"38,025.00"
2019-12-12,2019121201008995,PRVU,46,14,131,225.00,"29,475.00"
2019-12-12,2019121201008994,PRVU,41,14,169,225.00,"38,025.00"
2019-12-12,2019121201008813,PRVU,41,29,331,225.00,"74,475.00"
2019-12-12,2019121201008779,PRVU,26,29,169,225.00,"38,025.00"
2019-12-12,2019121201008778,PRVU,26,32,151,225.00,"33,975.00"
2019-12-12,2019121201008749,PRVU,1,32,37,225.00,"8,325.00"
2019-12-12,2019121201008936,RADHI,6,59,27,142.00,"3,834.00"
2019-12-12,2019121201008658,RBCL,38,34,10,"8,650.00","86,500.00"
2019-12-12,2019121201009133,RHPL,59,29,40,177.00,"7,080.00"
2019-12-12,2019121201009126,RHPL,58,44,200,178.00,"35,600.00"
2019-12-12,2019121201009124,RHPL,59,57,10,177.00,"1,770.00"
2019-12-12,2019121201009104,RHPL,59,44,"1,155",178.00,"205,590.00"
2019-12-12,2019121201009088,RHPL,22,44,60,179.00,"10,740.00"
2019-12-12,2019121201009039,RHPL,45,44,600,179.00,"107,400.00"
2019-12-12,2019121201008668,RHPL,28,45,500,179.00,"89,500.00"
2019-12-12,2019121201008667,RHPL,40,45,770,179.00,"137,830.00"
2019-12-12,2019121201008647,RHPL,40,28,40,179.00,"7,160.00"
2019-12-12,2019121201008992,RHPL,59,19,845,178.00,"150,410.00"
2019-12-12,2019121201008991,RHPL,37,19,155,178.00,"27,590.00"
2019-12-12,2019121201008978,RHPL,37,58,30,178.00,"5,340.00"
2019-12-12,2019121201008937,RHPL,37,28,70,178.00,"12,460.00"
2019-12-12,2019121201008852,RHPL,37,28,10,178.00,"1,780.00"
2019-12-12,2019121201008816,RHPL,58,44,500,179.00,"89,500.00"
2019-12-12,2019121201009002,RSDC,25,43,72,344.00,"24,768.00"
2019-12-12,2019121201009001,RSDC,25,26,28,344.00,"9,632.00"
2019-12-12,2019121201008966,RSDC,56,59,14,340.00,"4,760.00"
2019-12-12,2019121201008930,RSDC,56,45,30,340.00,"10,200.00"
2019-12-12,2019121201008929,RSDC,34,45,10,340.00,"3,400.00"
2019-12-12,2019121201009092,SABSL,19,28,285,552.00,"157,320.00"
2019-12-12,2019121201009091,SABSL,22,28,15,553.00,"8,295.00"
2019-12-12,2019121201008939,SABSL,19,28,10,552.00,"5,520.00"
2019-12-12,2019121201008926,SABSL,19,28,10,552.00,"5,520.00"
2019-12-12,2019121201008866,SADBL,11,57,50,144.00,"7,200.00"
2019-12-12,2019121201009006,SANIMA,59,17,225,312.00,"70,200.00"
2019-12-12,2019121201009005,SANIMA,39,17,60,312.00,"18,720.00"
2019-12-12,2019121201009004,SANIMA,40,17,200,312.00,"62,400.00"
2019-12-12,2019121201009003,SANIMA,37,17,115,312.00,"35,880.00"
2019-12-12,2019121201008770,SBI,41,43,89,356.00,"31,684.00"
2019-12-12,2019121201008769,SBI,19,43,428,356.00,"152,368.00"
2019-12-12,2019121201008731,SBI,34,43,683,357.00,"243,831.00"
2019-12-12,2019121201009112,SCB,32,43,64,535.00,"34,240.00"
2019-12-12,2019121201008837,SCB,57,34,100,537.00,"53,700.00"
2019-12-12,2019121201009123,SDESI,51,56,175,593.00,"103,775.00"
2019-12-12,2019121201009122,SDESI,39,56,50,593.00,"29,650.00"
2019-12-12,2019121201009121,SDESI,45,56,500,595.00,"297,500.00"
2019-12-12,2019121201008890,SHINE,44,21,100,230.00,"23,000.00"
2019-12-12,2019121201008765,SHIVM,52,28,710,381.00,"270,510.00"
2019-12-12,2019121201008708,SHIVM,6,28,200,381.00,"76,200.00"
2019-12-12,2019121201008938,SHL,14,49,500,191.00,"95,500.00"
2019-12-12,2019121201009128,SHPC,45,34,500,202.00,"101,000.00"
2019-12-12,2019121201009087,SHPC,48,34,279,201.00,"56,079.00"
2019-12-12,2019121201009086,SHPC,58,34,42,201.00,"8,442.00"
2019-12-12,2019121201008970,SHPC,42,52,81,203.00,"16,443.00"
2019-12-12,2019121201008969,SHPC,42,45,19,203.00,"3,857.00"
2019-12-12,2019121201008968,SHPC,42,34,150,202.00,"30,300.00"
2019-12-12,2019121201008945,SHPC,48,28,21,201.00,"4,221.00"
2019-12-12,2019121201009144,SIC,39,17,71,512.00,"36,352.00"
2019-12-12,2019121201009143,SIC,43,17,200,515.00,"103,000.00"
2019-12-12,2019121201009142,SIC,43,17,300,516.00,"154,800.00"
2019-12-12,2019121201008851,SICL,1,33,100,864.00,"86,400.00"
2019-12-12,2019121201008850,SICL,6,33,60,865.00,"51,900.00"
2019-12-12,2019121201008721,SICL,22,42,20,876.00,"17,520.00"
2019-12-12,2019121201009007,SIL,7,42,70,429.00,"30,030.00"
2019-12-12,2019121201008971,SIL,7,5,200,429.00,"85,800.00"
2019-12-12,2019121201008915,SIL,7,38,58,429.00,"24,882.00"
2019-12-12,2019121201008845,SIL,7,25,70,429.00,"30,030.00"
2019-12-12,2019121201008844,SIL,20,25,30,429.00,"12,870.00"
2019-12-12,2019121201008843,SIL,40,25,300,430.00,"129,000.00"
2019-12-12,2019121201008842,SIL,59,25,100,431.00,"43,100.00"
2019-12-12,2019121201008785,SIL,57,54,608,432.00,"262,656.00"
2019-12-12,2019121201008781,SIL,57,38,392,432.00,"169,344.00"
2019-12-12,2019121201008714,SIL,36,56,50,435.00,"21,750.00"
2019-12-12,2019121201008675,SIL,36,56,50,435.00,"21,750.00"
2019-12-12,2019121201009135,SJCL,43,57,10,166.00,"1,660.00"
2019-12-12,2019121201008998,SJCL,43,58,20,166.00,"3,320.00"
2019-12-12,2019121201008662,SJCL,43,28,20,166.00,"3,320.00"
2019-12-12,2019121201008803,SLBBL,37,29,106,570.00,"60,420.00"
2019-12-12,2019121201008824,SMFDB,34,38,10,663.00,"6,630.00"
2019-12-12,2019121201008817,SMFDB,34,22,14,652.00,"9,128.00"
2019-12-12,2019121201008680,SPARS,44,28,200,617.00,"123,400.00"
2019-12-12,2019121201009141,STC,50,41,100,"1,490.00","149,000.00"
2019-12-12,2019121201009140,STC,34,41,110,"1,490.00","163,900.00"
2019-12-12,2019121201008949,STC,34,19,70,"1,490.00","104,300.00"
2019-12-12,2019121201008942,STC,34,44,120,"1,490.00","178,800.00"
2019-12-12,2019121201008941,STC,34,44,50,"1,491.00","74,550.00"
2019-12-12,2019121201008940,STC,38,44,30,"1,491.00","44,730.00"
2019-12-12,2019121201008932,STC,5,19,20,"1,493.00","29,860.00"
2019-12-12,2019121201008931,STC,34,19,10,"1,493.00","14,930.00"
2019-12-12,2019121201008732,STC,54,41,61,"1,495.00","91,195.00"
2019-12-12,2019121201008871,SWBBL,36,33,200,"1,060.00","212,000.00"
2019-12-12,2019121201008829,SWBBL,17,34,200,"1,060.00","212,000.00"
2019-12-12,2019121201008723,SWBBL,50,28,99,"1,061.00","105,039.00"
2019-12-12,2019121201009022,TMDBL,11,34,600,146.00,"87,600.00"
2019-12-12,2019121201009021,TMDBL,11,4,56,146.00,"8,176.00"
2019-12-12,2019121201009020,TMDBL,11,16,200,146.00,"29,200.00"
2019-12-12,2019121201009019,TMDBL,11,54,272,146.00,"39,712.00"
2019-12-12,2019121201008810,TMDBL,35,54,40,146.00,"5,840.00"
2019-12-12,2019121201008771,TMDBL,35,54,40,146.00,"5,840.00"
2019-12-12,2019121201008869,UFL,40,53,183,169.00,"30,927.00"
2019-12-12,2019121201008865,UFL,34,53,200,170.00,"34,000.00"
2019-12-12,2019121201008792,UFL,34,52,180,170.00,"30,600.00"
2019-12-12,2019121201008959,UPCL,57,28,50,77.00,"3,850.00"
2019-12-12,2019121201008671,UPCL,57,28,50,77.00,"3,850.00"
2019-12-12,2019121201009115,UPPER,35,28,40,241.00,"9,640.00"
2019-12-12,2019121201009099,UPPER,35,29,10,241.00,"2,410.00"
2019-12-12,2019121201008681,UPPER,45,28,50,242.00,"12,100.00"
2019-12-12,2019121201008739,UPPER,21,4,500,242.00,"121,000.00"
2019-12-12,2019121201008738,UPPER,45,4,200,242.00,"48,400.00"
2019-12-12,2019121201008973,UPPER,35,28,40,241.00,"9,640.00"
2019-12-12,2019121201009120,VLBS,22,21,10,680.00,"6,800.00"
2019-12-12,2019121201009090,VLBS,22,59,19,680.00,"12,920.00"
2019-12-12,2019121201008933,VLBS,22,17,15,680.00,"10,200.00"
2019-12-12,2019121201008477,ADBL,26,34,100,409.00,"40,900.00"
2019-12-12,2019121201008401,ADBL,26,34,200,409.00,"81,800.00"
2019-12-12,2019121201008399,ADBL,38,34,15,409.00,"6,135.00"
2019-12-12,2019121201008303,ADBL,4,34,50,409.00,"20,450.00"
2019-12-12,2019121201008382,AHPC,26,45,812,100.00,"81,200.00"
2019-12-12,2019121201008372,AHPC,47,48,825,99.00,"81,675.00"
2019-12-12,2019121201008371,AHPC,21,48,500,99.00,"49,500.00"
2019-12-12,2019121201008370,AHPC,58,48,350,99.00,"34,650.00"
2019-12-12,2019121201008243,AHPC,17,45,500,100.00,"50,000.00"
2019-12-12,2019121201008152,AHPC,6,57,500,100.00,"50,000.00"
2019-12-12,2019121201008151,AHPC,51,57,100,100.00,"10,000.00"
2019-12-12,2019121201008150,AHPC,7,57,200,100.00,"20,000.00"
2019-12-12,2019121201008208,AKBSL,44,34,460,474.00,"218,040.00"
2019-12-12,2019121201008207,AKBSL,37,34,140,475.00,"66,500.00"
2019-12-12,2019121201008175,AKBSL,37,48,10,475.00,"4,750.00"
2019-12-12,2019121201008615,AKJCL,52,37,20,60.00,"1,200.00"
2019-12-12,2019121201008450,AKJCL,52,25,20,59.00,"1,180.00"
2019-12-12,2019121201008306,AKJCL,52,56,30,58.00,"1,740.00"
2019-12-12,2019121201008267,AKJCL,52,56,20,57.00,"1,140.00"
2019-12-12,2019121201008617,AKPL,19,45,300,127.00,"38,100.00"
2019-12-12,2019121201008454,AKPL,25,28,300,128.00,"38,400.00"
2019-12-12,2019121201008368,AKPL,19,58,13,127.00,"1,651.00"
2019-12-12,2019121201008338,AKPL,19,58,13,127.00,"1,651.00"
2019-12-12,2019121201008328,AKPL,19,58,20,127.00,"2,540.00"
2019-12-12,2019121201008222,AKPL,28,28,"1,000",128.00,"128,000.00"
2019-12-12,2019121201008181,AKPL,28,28,"1,000",128.00,"128,000.00"
2019-12-12,2019121201008180,AKPL,58,28,"1,000",128.00,"128,000.00"
2019-12-12,2019121201008377,ALBSL,39,36,35,463.00,"16,205.00"
2019-12-12,2019121201008376,ALBSL,50,36,50,463.00,"23,150.00"
2019-12-12,2019121201008375,ALBSL,56,36,20,463.00,"9,260.00"
2019-12-12,2019121201008223,ALBSL,51,25,220,464.00,"102,080.00"
2019-12-12,2019121201008628,ALICL,7,59,94,386.00,"36,284.00"
2019-12-12,2019121201008531,ALICL,7,51,200,386.00,"77,200.00"
2019-12-12,2019121201008424,ALICL,16,19,237,387.00,"91,719.00"
2019-12-12,2019121201008409,ALICL,41,40,107,388.00,"41,516.00"
2019-12-12,2019121201008381,ALICL,16,40,200,388.00,"77,600.00"
2019-12-12,2019121201008369,ALICL,16,43,63,387.00,"24,381.00"
2019-12-12,2019121201008237,ALICL,49,22,50,387.00,"19,350.00"
2019-12-12,2019121201008236,ALICL,49,57,50,387.00,"19,350.00"
2019-12-12,2019121201008235,ALICL,49,37,400,387.00,"154,800.00"
2019-12-12,2019121201008215,ALICL,35,35,202,386.00,"77,972.00"
2019-12-12,2019121201008177,ALICL,14,52,130,386.00,"50,180.00"
2019-12-12,2019121201008354,ALICL,16,38,150,387.00,"58,050.00"
2019-12-12,2019121201008271,ALICL,16,41,"1,000",387.00,"387,000.00"
2019-12-12,2019121201008270,ALICL,16,26,100,387.00,"38,700.00"
2019-12-12,2019121201008269,ALICL,16,22,450,387.00,"174,150.00"
2019-12-12,2019121201008268,ALICL,49,28,500,386.00,"193,000.00"
2019-12-12,2019121201008246,ALICL,49,28,500,386.00,"193,000.00"
2019-12-12,2019121201008592,API,25,43,55,114.00,"6,270.00"
2019-12-12,2019121201008533,API,25,43,200,115.00,"23,000.00"
2019-12-12,2019121201008523,API,25,39,200,114.00,"22,800.00"
2019-12-12,2019121201008522,API,25,51,45,114.00,"5,130.00"
2019-12-12,2019121201008403,API,25,51,55,114.00,"6,270.00"
2019-12-12,2019121201008398,API,25,52,100,114.00,"11,400.00"
2019-12-12,2019121201008173,API,48,56,945,114.00,"107,730.00"
2019-12-12,2019121201008172,API,25,56,55,114.00,"6,270.00"
2019-12-12,2019121201008343,API,25,43,70,115.00,"8,050.00"
2019-12-12,2019121201008333,API,25,41,345,114.00,"39,330.00"
2019-12-12,2019121201008302,API,22,41,500,113.00,"56,500.00"
2019-12-12,2019121201008301,API,50,41,100,114.00,"11,400.00"
2019-12-12,2019121201008300,API,48,41,55,114.00,"6,270.00"
2019-12-12,2019121201008211,API,38,43,130,115.00,"14,950.00"
2019-12-12,2019121201008616,BOKL,48,37,570,218.00,"124,260.00"
2019-12-12,2019121201008604,BPCL,17,59,133,370.00,"49,210.00"
2019-12-12,2019121201008570,BPCL,46,59,167,370.00,"61,790.00"
2019-12-12,2019121201008417,BPCL,29,28,33,371.00,"12,243.00"
2019-12-12,2019121201008416,BPCL,29,44,290,370.00,"107,300.00"
2019-12-12,2019121201008232,BPCL,38,44,300,370.00,"111,000.00"
2019-12-12,2019121201008231,BPCL,38,8,200,370.00,"74,000.00"
2019-12-12,2019121201008174,BPCL,58,38,246,368.00,"90,528.00"
2019-12-12,2019121201008532,BPCL,46,28,33,370.00,"12,210.00"
2019-12-12,2019121201008528,BPCL,46,34,300,370.00,"111,000.00"
2019-12-12,2019121201008420,BPCL,29,39,150,371.00,"55,650.00"
2019-12-12,2019121201008419,BPCL,29,40,233,371.00,"86,443.00"
2019-12-12,2019121201008418,BPCL,29,58,244,371.00,"90,524.00"
2019-12-12,2019121201008466,CBBL,4,35,125,810.00,"101,250.00"
2019-12-12,2019121201008465,CBBL,6,35,225,810.00,"182,250.00"
2019-12-12,2019121201008438,CBBL,6,6,60,810.00,"48,600.00"
2019-12-12,2019121201008437,CBBL,32,6,60,810.00,"48,600.00"
2019-12-12,2019121201008464,CBBL,6,35,40,810.00,"32,400.00"
2019-12-12,2019121201008646,CBL,28,38,600,138.00,"82,800.00"
2019-12-12,2019121201008489,CBL,44,38,20,138.00,"2,760.00"
2019-12-12,2019121201008452,CBL,51,7,519,137.00,"71,103.00"
2019-12-12,2019121201008636,CCBL,4,59,300,169.00,"50,700.00"
2019-12-12,2019121201008622,CCBL,4,59,100,169.00,"16,900.00"
2019-12-12,2019121201008601,CCBL,4,59,100,169.00,"16,900.00"
2019-12-12,2019121201008569,CCBL,4,59,50,169.00,"8,450.00"
2019-12-12,2019121201008527,CCBL,4,59,150,169.00,"25,350.00"
2019-12-12,2019121201008190,CCBL,52,59,250,169.00,"42,250.00"
2019-12-12,2019121201008509,CCBL,4,59,100,169.00,"16,900.00"
2019-12-12,2019121201008473,CCBL,4,59,300,169.00,"50,700.00"
2019-12-12,2019121201008400,CCBL,4,59,80,169.00,"13,520.00"
2019-12-12,2019121201008362,CCBL,4,59,52,169.00,"8,788.00"
2019-12-12,2019121201008340,CCBL,16,41,676,168.00,"113,568.00"
2019-12-12,2019121201008339,CCBL,45,41,37,168.00,"6,216.00"
2019-12-12,2019121201008600,CHCL,35,45,500,364.00,"182,000.00"
2019-12-12,2019121201008320,CHCL,37,56,10,371.00,"3,710.00"
2019-12-12,2019121201008421,CHL,44,25,10,78.00,780.00
2019-12-12,2019121201008566,CIT,46,36,20,"1,740.00","34,800.00"
2019-12-12,2019121201008565,CIT,5,36,50,"1,740.00","87,000.00"
2019-12-12,2019121201008564,CIT,46,36,10,"1,742.00","17,420.00"
2019-12-12,2019121201008563,CIT,35,36,48,"1,742.00","83,616.00"
2019-12-12,2019121201008562,CIT,55,36,20,"1,745.00","34,900.00"
2019-12-12,2019121201008561,CIT,14,36,15,"1,746.00","26,190.00"
2019-12-12,2019121201008560,CZBIL,48,42,69,186.00,"12,834.00"
2019-12-12,2019121201008559,CZBIL,1,42,200,186.00,"37,200.00"
2019-12-12,2019121201008558,CZBIL,50,42,651,186.00,"121,086.00"
2019-12-12,2019121201008503,DDBL,36,42,200,908.00,"181,600.00"
2019-12-12,2019121201008502,DDBL,39,42,50,908.00,"45,400.00"
2019-12-12,2019121201008501,DDBL,45,42,50,909.00,"45,450.00"
2019-12-12,2019121201008500,DDBL,20,42,80,909.00,"72,720.00"
2019-12-12,2019121201008499,DDBL,1,42,30,910.00,"27,300.00"
2019-12-12,2019121201008498,DDBL,20,42,10,910.00,"9,100.00"
2019-12-12,2019121201008351,DDBL,20,57,100,912.00,"91,200.00"
2019-12-12,2019121201008334,DDBL,20,10,150,913.00,"136,950.00"
2019-12-12,2019121201008258,DDBL,21,55,96,913.00,"87,648.00"
2019-12-12,2019121201008357,DHPL,42,25,10,57.00,570.00
2019-12-12,2019121201008606,EBL,33,58,540,561.00,"302,940.00"
2019-12-12,2019121201008605,EBL,33,58,460,561.00,"258,060.00"
2019-12-12,2019121201008347,EBL,33,38,40,561.00,"22,440.00"
2019-12-12,2019121201008346,EBL,28,38,60,561.00,"33,660.00"
2019-12-12,2019121201008317,EBL,50,6,300,563.00,"168,900.00"
