Date,Transact. No.,Symbol,Buyer,Seller,Quantity,Rate,Amount
2019-12-30,2019123001007031,ADBL,58,42,322,365.00,"117,530.00"
2019-12-30,2019123001007030,ADBL,58,43,108,365.00,"39,420.00"
2019-12-30,2019123001007029,ADBL,58,45,35,365.00,"12,775.00"
2019-12-30,2019123001007028,ADBL,58,14,500,364.00,"182,000.00"
2019-12-30,2019123001006713,ADBL,39,22,200,364.00,"72,800.00"
2019-12-30,2019123001006712,ADBL,39,55,121,364.00,"44,044.00"
2019-12-30,2019123001006896,AHPC,59,34,100,90.00,"9,000.00"
2019-12-30,2019123001006687,AKJCL,20,51,50,59.00,"2,950.00"
2019-12-30,2019123001006567,AKPL,43,41,20,110.00,"2,200.00"
2019-12-30,2019123001006901,ALBSL,16,59,10,475.00,"4,750.00"
2019-12-30,2019123001007003,ALICL,38,45,300,378.00,"113,400.00"
2019-12-30,2019123001006928,ALICL,52,34,100,379.00,"37,900.00"
2019-12-30,2019123001006723,ALICL,36,35,20,380.00,"7,600.00"
2019-12-30,2019123001006722,ALICL,36,43,80,380.00,"30,400.00"
2019-12-30,2019123001006701,ALICL,36,43,104,377.00,"39,208.00"
2019-12-30,2019123001006700,ALICL,36,54,11,377.00,"4,147.00"
2019-12-30,2019123001006583,ALICL,36,50,"1,177",375.00,"441,375.00"
2019-12-30,2019123001006582,ALICL,36,49,300,375.00,"112,500.00"
2019-12-30,2019123001006699,ALICL,36,43,73,377.00,"27,521.00"
2019-12-30,2019123001006698,ALICL,36,43,200,377.00,"75,400.00"
2019-12-30,2019123001006697,ALICL,36,43,22,377.00,"8,294.00"
2019-12-30,2019123001006662,ALICL,19,29,60,376.00,"22,560.00"
2019-12-30,2019123001006585,ALICL,36,16,3,375.00,"1,125.00"
2019-12-30,2019123001006584,ALICL,36,57,20,375.00,"7,500.00"
2019-12-30,2019123001007008,API,25,48,11,107.00,"1,177.00"
2019-12-30,2019123001006920,API,13,48,50,105.00,"5,250.00"
2019-12-30,2019123001006611,API,25,48,200,107.00,"21,400.00"
2019-12-30,2019123001006596,API,13,25,424,105.00,"44,520.00"
2019-12-30,2019123001006595,API,58,25,500,105.00,"52,500.00"
2019-12-30,2019123001006594,API,36,25,576,105.00,"60,480.00"
2019-12-30,2019123001006580,API,36,48,124,105.00,"13,020.00"
2019-12-30,2019123001006579,API,44,48,51,106.00,"5,406.00"
2019-12-30,2019123001006738,BARUN,52,51,100,82.00,"8,200.00"
2019-12-30,2019123001006950,BOKL,42,37,10,215.00,"2,150.00"
2019-12-30,2019123001006607,BOKL,36,5,100,213.00,"21,300.00"
2019-12-30,2019123001006606,BOKL,36,5,50,214.00,"10,700.00"
2019-12-30,2019123001007035,BPCL,41,22,50,304.00,"15,200.00"
2019-12-30,2019123001006623,CBBL,34,22,"1,017",786.00,"799,362.00"
2019-12-30,2019123001006863,CBBL,39,44,10,790.00,"7,900.00"
2019-12-30,2019123001006823,CBL,43,43,10,136.00,"1,360.00"
2019-12-30,2019123001006599,CBL,26,41,174,135.00,"23,490.00"
2019-12-30,2019123001006598,CBL,26,32,129,135.00,"17,415.00"
2019-12-30,2019123001006597,CBL,59,32,171,135.00,"23,085.00"
2019-12-30,2019123001006544,CCBL,33,49,572,163.00,"93,236.00"
2019-12-30,2019123001006543,CCBL,28,49,428,163.00,"69,764.00"
2019-12-30,2019123001006894,CHCL,6,6,280,353.00,"98,840.00"
2019-12-30,2019123001006893,CHCL,16,6,500,353.00,"176,500.00"
2019-12-30,2019123001006892,CHCL,49,6,100,353.00,"35,300.00"
2019-12-30,2019123001006812,CHCL,14,6,40,354.00,"14,160.00"
2019-12-30,2019123001006747,CHCL,16,6,30,354.00,"10,620.00"
2019-12-30,2019123001006707,CHCL,16,6,470,354.00,"166,380.00"
2019-12-30,2019123001006706,CHCL,19,6,30,354.00,"10,620.00"
2019-12-30,2019123001006705,CHCL,56,6,500,354.00,"177,000.00"
2019-12-30,2019123001006673,CHCL,49,6,30,355.00,"10,650.00"
2019-12-30,2019123001006838,CIT,1,50,29,"2,093.00","60,697.00"
2019-12-30,2019123001006837,CIT,1,56,30,"2,093.00","62,790.00"
2019-12-30,2019123001006884,CMF1,43,17,300,8.99,"2,697.00"
2019-12-30,2019123001006915,CZBIL,16,45,100,182.00,"18,200.00"
2019-12-30,2019123001006549,CZBIL,28,19,250,181.00,"45,250.00"
2019-12-30,2019123001007005,DDBL,58,58,300,859.00,"257,700.00"
2019-12-30,2019123001006897,DDBL,45,7,35,856.00,"29,960.00"
2019-12-30,2019123001006870,DDBL,50,7,50,857.00,"42,850.00"
2019-12-30,2019123001006854,DDBL,49,7,300,858.00,"257,400.00"
2019-12-30,2019123001006853,DDBL,6,7,15,858.00,"12,870.00"
2019-12-30,2019123001006604,EBL,50,21,100,522.00,"52,200.00"
2019-12-30,2019123001006895,EIC,45,52,100,272.00,"27,200.00"
2019-12-30,2019123001006883,EIC,10,51,10,276.00,"2,760.00"
2019-12-30,2019123001006882,EIC,10,48,90,276.00,"24,840.00"
2019-12-30,2019123001006881,EIC,10,6,200,275.00,"55,000.00"
2019-12-30,2019123001006696,FMDBL,16,51,426,315.00,"134,190.00"
2019-12-30,2019123001006695,FMDBL,16,51,500,315.00,"157,500.00"
2019-12-30,2019123001006694,FMDBL,39,51,74,315.00,"23,310.00"
2019-12-30,2019123001006689,FMDBL,39,6,26,315.00,"8,190.00"
2019-12-30,2019123001006990,FOWAD,7,53,13,"1,394.00","18,122.00"
2019-12-30,2019123001006989,FOWAD,58,53,65,"1,395.00","90,675.00"
2019-12-30,2019123001006988,FOWAD,22,53,90,"1,395.00","125,550.00"
2019-12-30,2019123001006852,FOWAD,1,5,10,"1,396.00","13,960.00"
2019-12-30,2019123001006834,FOWAD,16,5,15,"1,399.00","20,985.00"
2019-12-30,2019123001006813,FOWAD,16,55,45,"1,399.00","62,955.00"
2019-12-30,2019123001006666,FOWAD,25,5,34,"1,395.00","47,430.00"
2019-12-30,2019123001006621,FOWAD,25,55,16,"1,395.00","22,320.00"
2019-12-30,2019123001006620,FOWAD,43,55,16,"1,395.00","22,320.00"
2019-12-30,2019123001006602,FOWAD,28,51,74,"1,396.00","103,304.00"
2019-12-30,2019123001006601,FOWAD,28,53,200,"1,396.00","279,200.00"
2019-12-30,2019123001006562,FOWAD,1,51,70,"1,396.00","97,720.00"
2019-12-30,2019123001006762,FOWAD,6,52,50,"1,395.00","69,750.00"
2019-12-30,2019123001006761,FOWAD,16,52,20,"1,397.00","27,940.00"
2019-12-30,2019123001006760,FOWAD,45,52,10,"1,398.00","13,980.00"
2019-12-30,2019123001006746,FOWAD,16,11,17,"1,397.00","23,749.00"
2019-12-30,2019123001006683,FOWAD,16,46,63,"1,397.00","88,011.00"
2019-12-30,2019123001006667,FOWAD,35,5,10,"1,395.00","13,950.00"
2019-12-30,2019123001006806,FOWAD,57,55,45,"1,399.00","62,955.00"
2019-12-30,2019123001006805,FOWAD,57,34,19,"1,399.00","26,581.00"
2019-12-30,2019123001006804,FOWAD,57,42,19,"1,398.00","26,562.00"
2019-12-30,2019123001006803,FOWAD,57,11,17,"1,398.00","23,766.00"
2019-12-30,2019123001006768,FOWAD,22,11,90,"1,395.00","125,550.00"
2019-12-30,2019123001006763,FOWAD,22,52,20,"1,395.00","27,900.00"
2019-12-30,2019123001006840,GBLBS,44,34,10,314.00,"3,140.00"
2019-12-30,2019123001006767,GBLBS,44,14,75,315.00,"23,625.00"
2019-12-30,2019123001006941,GLBSL,44,47,10,454.00,"4,540.00"
2019-12-30,2019123001006926,GLBSL,44,17,10,446.00,"4,460.00"
2019-12-30,2019123001006977,GLICL,39,16,10,467.00,"4,670.00"
2019-12-30,2019123001006976,GLICL,39,46,100,465.00,"46,500.00"
2019-12-30,2019123001006975,GLICL,39,1,50,465.00,"23,250.00"
2019-12-30,2019123001006974,GLICL,39,50,200,465.00,"93,000.00"
2019-12-30,2019123001006954,GLICL,39,41,471,464.00,"218,544.00"
2019-12-30,2019123001006953,GLICL,39,59,50,464.00,"23,200.00"
2019-12-30,2019123001006816,GLICL,51,22,90,461.00,"41,490.00"
2019-12-30,2019123001006815,GLICL,42,57,100,462.00,"46,200.00"
2019-12-30,2019123001006786,GLICL,38,57,200,462.00,"92,400.00"
2019-12-30,2019123001006656,GLICL,39,22,10,464.00,"4,640.00"
2019-12-30,2019123001006655,GLICL,39,47,21,463.00,"9,723.00"
2019-12-30,2019123001006911,HBL,11,32,50,507.00,"25,350.00"
2019-12-30,2019123001007016,HDL,45,50,40,"1,253.00","50,120.00"
2019-12-30,2019123001006935,HDL,51,58,100,"1,254.00","125,400.00"
2019-12-30,2019123001006869,HDL,45,48,107,"1,255.00","134,285.00"
2019-12-30,2019123001006868,HDL,45,32,100,"1,254.00","125,400.00"
2019-12-30,2019123001006867,HDL,45,32,125,"1,254.00","156,750.00"
2019-12-30,2019123001006866,HDL,45,58,43,"1,253.00","53,879.00"
2019-12-30,2019123001006613,HDL,38,58,100,"1,253.00","125,300.00"
2019-12-30,2019123001006612,HDL,38,58,400,"1,253.00","501,200.00"
2019-12-30,2019123001006609,HDL,14,58,110,"1,252.00","137,720.00"
2019-12-30,2019123001006608,HDL,14,51,40,"1,251.00","50,040.00"
2019-12-30,2019123001006819,HDL,38,34,15,"1,252.00","18,780.00"
2019-12-30,2019123001006752,HDL,38,58,40,"1,253.00","50,120.00"
2019-12-30,2019123001006690,HDL,38,58,100,"1,253.00","125,300.00"
2019-12-30,2019123001006665,HDL,45,32,75,"1,254.00","94,050.00"
2019-12-30,2019123001006664,HDL,45,29,25,"1,254.00","31,350.00"
2019-12-30,2019123001006663,HDL,45,58,400,"1,253.00","501,200.00"
2019-12-30,2019123001006865,HDL,11,58,475,"1,253.00","595,175.00"
2019-12-30,2019123001006864,HDL,11,58,75,"1,253.00","93,975.00"
2019-12-30,2019123001006860,HDL,41,49,38,"1,252.00","47,576.00"
2019-12-30,2019123001006841,HDL,21,49,12,"1,252.00","15,024.00"
2019-12-30,2019123001006839,HDL,38,58,100,"1,253.00","125,300.00"
2019-12-30,2019123001006820,HDL,38,58,185,"1,253.00","231,805.00"
2019-12-30,2019123001006997,HGI,53,25,110,290.00,"31,900.00"
2019-12-30,2019123001006996,HGI,53,26,57,290.00,"16,530.00"
2019-12-30,2019123001006600,HGI,57,26,200,290.00,"58,000.00"
2019-12-30,2019123001006551,HGI,36,26,43,290.00,"12,470.00"
2019-12-30,2019123001007034,HIDCL,5,46,31,144.00,"4,464.00"
2019-12-30,2019123001007033,HIDCL,37,46,969,144.00,"139,536.00"
2019-12-30,2019123001006880,HPPL,51,34,10,137.00,"1,370.00"
2019-12-30,2019123001007014,ICFC,50,44,937,160.00,"149,920.00"
2019-12-30,2019123001006949,ICFC,28,57,73,157.00,"11,461.00"
2019-12-30,2019123001006948,ICFC,40,57,200,157.00,"31,400.00"
2019-12-30,2019123001006947,ICFC,26,57,277,157.00,"43,489.00"
2019-12-30,2019123001006890,ICFC,26,47,23,157.00,"3,611.00"
2019-12-30,2019123001006889,ICFC,26,47,500,157.00,"78,500.00"
2019-12-30,2019123001006827,ICFC,52,47,207,158.00,"32,706.00"
2019-12-30,2019123001006745,ICFC,52,47,793,158.00,"125,294.00"
2019-12-30,2019123001006744,ICFC,35,47,196,158.00,"30,968.00"
2019-12-30,2019123001006743,ICFC,43,47,100,159.00,"15,900.00"
2019-12-30,2019123001006888,ICFC,35,47,"1,000",157.00,"157,000.00"
2019-12-30,2019123001006887,ICFC,20,47,477,158.00,"75,366.00"
2019-12-30,2019123001006831,ICFC,20,47,23,158.00,"3,634.00"
2019-12-30,2019123001006830,ICFC,39,47,200,158.00,"31,600.00"
2019-12-30,2019123001006829,ICFC,35,47,50,158.00,"7,900.00"
2019-12-30,2019123001006828,ICFC,45,47,20,158.00,"3,160.00"
2019-12-30,2019123001006721,ILBS,26,34,300,534.00,"160,200.00"
2019-12-30,2019123001006720,ILBS,26,8,10,534.00,"5,340.00"
2019-12-30,2019123001006751,JBBL,45,47,230,166.00,"38,180.00"
2019-12-30,2019123001006750,JBBL,11,47,100,166.00,"16,600.00"
2019-12-30,2019123001006749,JBBL,35,47,100,166.00,"16,600.00"
2019-12-30,2019123001006748,JBBL,47,47,170,166.00,"28,220.00"
2019-12-30,2019123001006912,JOSHI,42,34,15,60.00,900.00
2019-12-30,2019123001006939,KADBL,4,4,10,238.00,"2,380.00"
2019-12-30,2019123001006936,KADBL,42,4,300,234.00,"70,200.00"
2019-12-30,2019123001006871,KADBL,4,41,"1,000",235.00,"235,000.00"
2019-12-30,2019123001006822,KADBL,19,4,80,238.00,"19,040.00"
2019-12-30,2019123001006821,KADBL,19,4,20,238.00,"4,760.00"
2019-12-30,2019123001006676,KADBL,42,32,200,234.00,"46,800.00"
2019-12-30,2019123001006659,KADBL,4,11,"1,000",236.00,"236,000.00"
2019-12-30,2019123001007020,KBL,25,43,10,178.00,"1,780.00"
2019-12-30,2019123001006856,KBL,55,6,26,177.00,"4,602.00"
2019-12-30,2019123001006693,KBL,1,43,"1,000",177.00,"177,000.00"
2019-12-30,2019123001006943,KPCL,37,34,10,83.00,830.00
2019-12-30,2019123001006771,LBBL,1,37,500,194.00,"97,000.00"
2019-12-30,2019123001006563,LBL,47,36,100,191.00,"19,100.00"
2019-12-30,2019123001006971,LICN,44,34,100,"1,100.00","110,000.00"
2019-12-30,2019123001006970,LICN,44,8,300,"1,100.00","330,000.00"
2019-12-30,2019123001006969,LICN,44,54,100,"1,100.00","110,000.00"
2019-12-30,2019123001006968,LICN,44,17,500,"1,099.00","549,500.00"
2019-12-30,2019123001006967,LICN,44,53,150,"1,098.00","164,700.00"
2019-12-30,2019123001006958,LICN,13,53,350,"1,098.00","384,300.00"
2019-12-30,2019123001006957,LICN,13,25,50,"1,098.00","54,900.00"
2019-12-30,2019123001006626,LICN,25,25,50,"1,098.00","54,900.00"
2019-12-30,2019123001006581,LICN,16,17,450,"1,095.00","492,750.00"
2019-12-30,2019123001006717,LLBS,18,57,10,677.00,"6,770.00"
2019-12-30,2019123001006807,MEGA,43,55,10,184.00,"1,840.00"
2019-12-30,2019123001006985,MFIL,20,55,500,142.00,"71,000.00"
2019-12-30,2019123001006783,MFIL,38,55,99,142.00,"14,058.00"
2019-12-30,2019123001006546,MFIL,38,33,"1,701",142.00,"241,542.00"
2019-12-30,2019123001006627,MHNL,52,35,30,85.00,"2,550.00"
2019-12-30,2019123001006908,MLBBL,50,57,45,536.00,"24,120.00"
2019-12-30,2019123001006885,MLBBL,50,57,45,536.00,"24,120.00"
2019-12-30,2019123001006833,MLBBL,16,58,145,538.00,"78,010.00"
2019-12-30,2019123001006855,MSMBS,55,35,11,533.00,"5,863.00"
2019-12-30,2019123001006550,MSMBS,55,38,50,537.00,"26,850.00"
2019-12-30,2019123001006541,MSMBS,55,38,50,537.00,"26,850.00"
2019-12-30,2019123001007001,NABIL,8,53,75,675.00,"50,625.00"
2019-12-30,2019123001007000,NABIL,6,53,150,675.00,"101,250.00"
2019-12-30,2019123001006999,NABIL,21,53,26,675.00,"17,550.00"
2019-12-30,2019123001006998,NABIL,48,53,17,675.00,"11,475.00"
2019-12-30,2019123001006574,NABIL,52,32,50,676.00,"33,800.00"
2019-12-30,2019123001006776,NADEP,50,48,50,479.00,"23,950.00"
2019-12-30,2019123001006686,NADEP,49,32,500,480.00,"240,000.00"
2019-12-30,2019123001006685,NADEP,45,32,20,481.00,"9,620.00"
2019-12-30,2019123001006791,NBB,34,55,115,185.00,"21,275.00"
2019-12-30,2019123001007007,NBL,52,6,50,264.00,"13,200.00"
2019-12-30,2019123001006966,NBL,43,6,10,264.00,"2,640.00"
2019-12-30,2019123001006944,NBL,44,42,300,263.00,"78,900.00"
2019-12-30,2019123001006934,NBL,44,22,100,263.00,"26,300.00"
2019-12-30,2019123001006902,NBL,44,35,50,263.00,"13,150.00"
2019-12-30,2019123001006859,NBL,44,44,"1,000",263.00,"263,000.00"
2019-12-30,2019123001006842,NBL,14,6,100,264.00,"26,400.00"
2019-12-30,2019123001006836,NBL,44,44,"1,000",263.00,"263,000.00"
2019-12-30,2019123001006571,NBL,44,6,300,263.00,"78,900.00"
2019-12-30,2019123001006566,NBL,6,6,50,264.00,"13,200.00"
2019-12-30,2019123001007032,NCCB,8,51,10,202.00,"2,020.00"
2019-12-30,2019123001006962,NCCB,33,51,100,202.00,"20,200.00"
2019-12-30,2019123001006570,NCCB,8,34,430,201.00,"86,430.00"
2019-12-30,2019123001006569,NCCB,49,34,55,202.00,"11,110.00"
2019-12-30,2019123001006835,NIB,5,51,50,390.00,"19,500.00"
2019-12-30,2019123001006670,NIB,47,51,10,390.00,"3,900.00"
2019-12-30,2019123001006669,NIB,47,50,90,390.00,"35,100.00"
2019-12-30,2019123001006542,NIB,48,50,102,390.00,"39,780.00"
2019-12-30,2019123001006615,NIBPO,43,48,150,360.00,"54,000.00"
2019-12-30,2019123001006817,NICA,25,44,232,405.00,"93,960.00"
2019-12-30,2019123001006802,NICA,29,44,500,405.00,"202,500.00"
2019-12-30,2019123001006801,NICA,25,44,100,405.00,"40,500.00"
2019-12-30,2019123001006800,NICA,29,44,100,405.00,"40,500.00"
2019-12-30,2019123001006799,NICA,13,44,68,405.00,"27,540.00"
2019-12-30,2019123001006653,NICA,13,36,132,405.00,"53,460.00"
2019-12-30,2019123001006634,NICA,33,36,200,407.00,"81,400.00"
2019-12-30,2019123001006633,NICA,14,36,27,407.00,"10,989.00"
2019-12-30,2019123001006632,NICA,58,36,200,407.00,"81,400.00"
2019-12-30,2019123001006640,NICA,57,36,250,405.00,"101,250.00"
2019-12-30,2019123001006639,NICA,47,36,119,405.00,"48,195.00"
2019-12-30,2019123001006638,NICA,8,36,100,406.00,"40,600.00"
2019-12-30,2019123001006637,NICA,44,36,500,406.00,"203,000.00"
2019-12-30,2019123001006636,NICA,14,36,300,406.00,"121,800.00"
2019-12-30,2019123001006635,NICA,6,36,150,406.00,"60,900.00"
2019-12-30,2019123001006646,NICA,39,36,100,405.00,"40,500.00"
2019-12-30,2019123001006645,NICA,57,36,10,405.00,"4,050.00"
2019-12-30,2019123001006644,NICA,42,36,74,405.00,"29,970.00"
2019-12-30,2019123001006643,NICA,13,36,88,405.00,"35,640.00"
2019-12-30,2019123001006642,NICA,32,36,200,405.00,"81,000.00"
2019-12-30,2019123001006641,NICA,44,36,500,405.00,"202,500.00"
2019-12-30,2019123001006652,NICA,25,36,100,405.00,"40,500.00"
2019-12-30,2019123001006651,NICA,56,36,"1,000",405.00,"405,000.00"
2019-12-30,2019123001006650,NICA,53,36,"1,500",405.00,"607,500.00"
2019-12-30,2019123001006649,NICA,14,36,500,405.00,"202,500.00"
2019-12-30,2019123001006648,NICA,44,36,250,405.00,"101,250.00"
2019-12-30,2019123001006647,NICA,44,36,200,405.00,"81,000.00"
2019-12-30,2019123001006769,NICAD8283,17,25,75,"1,025.00","76,875.00"
2019-12-30,2019123001007036,NICL,45,44,100,305.00,"30,500.00"
2019-12-30,2019123001007015,NICL,35,42,100,304.00,"30,400.00"
2019-12-30,2019123001007004,NICL,35,6,290,304.00,"88,160.00"
2019-12-30,2019123001007002,NICL,43,6,10,304.00,"3,040.00"
2019-12-30,2019123001006946,NICL,52,17,100,303.00,"30,300.00"
2019-12-30,2019123001006924,NICL,25,37,100,304.00,"30,400.00"
2019-12-30,2019123001006692,NICL,25,57,174,304.00,"52,896.00"
2019-12-30,2019123001006691,NICL,25,1,26,304.00,"7,904.00"
2019-12-30,2019123001006779,NICL,44,8,500,304.00,"152,000.00"
2019-12-30,2019123001006778,NICL,44,6,200,304.00,"60,800.00"
2019-12-30,2019123001006777,NICL,44,57,70,304.00,"21,280.00"
2019-12-30,2019123001006765,NICL,52,42,100,303.00,"30,300.00"
2019-12-30,2019123001006715,NICL,56,57,100,304.00,"30,400.00"
2019-12-30,2019123001006775,NIL,45,45,200,415.00,"83,000.00"
2019-12-30,2019123001006876,NLBBL,46,50,600,477.00,"286,200.00"
2019-12-30,2019123001006875,NLBBL,45,50,100,477.00,"47,700.00"
2019-12-30,2019123001006874,NLBBL,48,50,47,477.00,"22,419.00"
2019-12-30,2019123001006873,NLBBL,25,50,80,478.00,"38,240.00"
2019-12-30,2019123001006872,NLBBL,1,50,30,478.00,"14,340.00"
2019-12-30,2019123001006672,NLG,25,19,680,610.00,"414,800.00"
2019-12-30,2019123001006671,NLG,25,8,20,605.00,"12,100.00"
2019-12-30,2019123001007012,NLIC,6,45,200,980.00,"196,000.00"
2019-12-30,2019123001007011,NLIC,57,45,100,980.00,"98,000.00"
2019-12-30,2019123001007010,NLIC,54,28,479,981.00,"469,899.00"
2019-12-30,2019123001007009,NLIC,54,19,21,981.00,"20,601.00"
2019-12-30,2019123001006994,NLIC,52,19,10,981.00,"9,810.00"
2019-12-30,2019123001006986,NLIC,57,17,100,980.00,"98,000.00"
2019-12-30,2019123001006681,NLIC,49,39,129,981.00,"126,549.00"
2019-12-30,2019123001006680,NLIC,49,11,101,981.00,"99,081.00"
2019-12-30,2019123001006679,NLIC,49,48,150,980.00,"147,000.00"
2019-12-30,2019123001006678,NLIC,49,58,100,980.00,"98,000.00"
2019-12-30,2019123001006677,NLIC,49,53,20,980.00,"19,600.00"
2019-12-30,2019123001006729,NLIC,1,45,900,978.00,"880,200.00"
2019-12-30,2019123001006724,NLIC,1,48,100,978.00,"97,800.00"
2019-12-30,2019123001006704,NLIC,57,45,317,976.00,"309,392.00"
2019-12-30,2019123001006703,NLIC,57,45,100,976.00,"97,600.00"
2019-12-30,2019123001006702,NLIC,28,45,83,976.00,"81,008.00"
2019-12-30,2019123001006684,NLIC,52,45,100,977.00,"97,700.00"
2019-12-30,2019123001006904,NLIC,21,39,100,981.00,"98,100.00"
2019-12-30,2019123001006832,NLIC,13,45,382,980.00,"374,360.00"
2019-12-30,2019123001006810,NLIC,57,45,618,980.00,"605,640.00"
2019-12-30,2019123001006809,NLIC,57,58,265,980.00,"259,700.00"
2019-12-30,2019123001006808,NLIC,57,1,100,980.00,"98,000.00"
2019-12-30,2019123001006730,NLIC,57,45,100,977.00,"97,700.00"
2019-12-30,2019123001006952,NLIC,32,19,179,981.00,"175,599.00"
2019-12-30,2019123001006951,NLIC,32,39,71,981.00,"69,651.00"
2019-12-30,2019123001006938,NLIC,34,33,500,977.00,"488,500.00"
2019-12-30,2019123001006937,NLIC,54,33,500,978.00,"489,000.00"
2019-12-30,2019123001006918,NLIC,5,55,50,980.00,"49,000.00"
2019-12-30,2019123001006917,NLIC,13,55,18,980.00,"17,640.00"
2019-12-30,2019123001006940,NLICL,50,8,490,495.00,"242,550.00"
2019-12-30,2019123001006914,NLICL,56,8,10,495.00,"4,950.00"
2019-12-30,2019123001006913,NLICL,56,16,150,493.00,"73,950.00"
2019-12-30,2019123001006811,NLICL,22,48,800,492.00,"393,600.00"
2019-12-30,2019123001006781,NLICL,25,37,10,491.00,"4,910.00"
2019-12-30,2019123001006737,NLICL,50,8,400,495.00,"198,000.00"
2019-12-30,2019123001006736,NLICL,50,53,200,494.00,"98,800.00"
2019-12-30,2019123001006735,NLICL,50,14,200,494.00,"98,800.00"
2019-12-30,2019123001006734,NLICL,50,3,600,493.00,"295,800.00"
2019-12-30,2019123001006733,NLICL,50,7,10,493.00,"4,930.00"
2019-12-30,2019123001006732,NLICL,50,29,90,493.00,"44,370.00"
2019-12-30,2019123001006731,NLICL,50,53,100,493.00,"49,300.00"
2019-12-30,2019123001006931,NMB,6,33,76,324.00,"24,624.00"
2019-12-30,2019123001006930,NMB,6,33,24,324.00,"7,776.00"
2019-12-30,2019123001006916,NMB,43,33,500,324.00,"162,000.00"
2019-12-30,2019123001006794,NMB,20,33,100,324.00,"32,400.00"
2019-12-30,2019123001006770,NMB,40,33,50,324.00,"16,200.00"
2019-12-30,2019123001006682,NMB,48,33,109,324.00,"35,316.00"
2019-12-30,2019123001006675,NMB,55,33,39,324.00,"12,636.00"
2019-12-30,2019123001006668,NMB,48,33,50,324.00,"16,200.00"
2019-12-30,2019123001006661,NMB,48,33,12,324.00,"3,888.00"
2019-12-30,2019123001006568,NMB,38,43,50,323.00,"16,150.00"
2019-12-30,2019123001006540,NMB,16,33,500,324.00,"162,000.00"
2019-12-30,2019123001006711,NNLB,44,47,100,507.00,"50,700.00"
2019-12-30,2019123001006710,NNLB,44,29,120,503.00,"60,360.00"
2019-12-30,2019123001006658,NNLB,48,57,100,500.00,"50,000.00"
2019-12-30,2019123001006657,NNLB,51,57,49,500.00,"24,500.00"
2019-12-30,2019123001006605,NNLB,51,32,91,500.00,"45,500.00"
2019-12-30,2019123001006858,NSEWA,51,58,100,506.00,"50,600.00"
2019-12-30,2019123001006857,NSEWA,44,58,20,506.00,"10,120.00"
2019-12-30,2019123001006719,NSEWA,52,58,180,515.00,"92,700.00"
2019-12-30,2019123001006718,NSEWA,52,20,20,514.00,"10,280.00"
2019-12-30,2019123001007026,NTC,48,13,260,662.00,"172,120.00"
2019-12-30,2019123001007025,NTC,48,45,500,662.00,"331,000.00"
2019-12-30,2019123001007024,NTC,48,7,50,662.00,"33,100.00"
2019-12-30,2019123001007023,NTC,48,21,100,662.00,"66,200.00"
2019-12-30,2019123001007022,NTC,48,8,90,662.00,"59,580.00"
2019-12-30,2019123001007021,NTC,48,47,200,661.00,"132,200.00"
2019-12-30,2019123001006587,NTC,49,8,905,660.00,"597,300.00"
2019-12-30,2019123001006741,NTC,59,8,10,662.00,"6,620.00"
2019-12-30,2019123001006740,NTC,59,14,28,661.00,"18,508.00"
2019-12-30,2019123001006739,NTC,59,13,40,661.00,"26,440.00"
2019-12-30,2019123001006674,NTC,59,13,60,661.00,"39,660.00"
2019-12-30,2019123001006614,NTC,49,44,500,660.00,"330,000.00"
2019-12-30,2019123001006610,NTC,49,8,"1,000",660.00,"660,000.00"
2019-12-30,2019123001006790,NTC,35,13,265,660.00,"174,900.00"
2019-12-30,2019123001006789,NTC,58,13,10,660.00,"6,600.00"
2019-12-30,2019123001006788,NTC,25,13,50,660.00,"33,000.00"
2019-12-30,2019123001006787,NTC,6,13,175,660.00,"115,500.00"
2019-12-30,2019123001006753,NTC,7,8,100,662.00,"66,200.00"
2019-12-30,2019123001006992,NTC,6,34,630,660.00,"415,800.00"
2019-12-30,2019123001006982,NTC,6,34,65,660.00,"42,900.00"
2019-12-30,2019123001006981,NTC,35,34,235,660.00,"155,100.00"
2019-12-30,2019123001006959,NTC,43,34,10,661.00,"6,610.00"
2019-12-30,2019123001006900,NTC,49,33,95,661.00,"62,795.00"
2019-12-30,2019123001006886,NTC,45,33,100,661.00,"66,100.00"
2019-12-30,2019123001006539,NUBL,20,54,17,766.00,"13,022.00"
2019-12-30,2019123001006932,PCBL,47,45,100,237.00,"23,700.00"
2019-12-30,2019123001006826,PCBL,34,45,200,237.00,"47,400.00"
2019-12-30,2019123001006818,PCBL,45,45,80,237.00,"18,960.00"
2019-12-30,2019123001006798,PCBL,58,5,170,236.00,"40,120.00"
2019-12-30,2019123001006754,PCBL,58,29,97,236.00,"22,892.00"
2019-12-30,2019123001006973,PIC,34,46,10,414.00,"4,140.00"
2019-12-30,2019123001006972,PIC,34,39,64,407.00,"26,048.00"
2019-12-30,2019123001006923,PIC,49,39,50,408.00,"20,400.00"
2019-12-30,2019123001006922,PIC,40,39,50,408.00,"20,400.00"
2019-12-30,2019123001006921,PIC,58,39,20,410.00,"8,200.00"
2019-12-30,2019123001006980,PICL,37,26,278,425.00,"118,150.00"
2019-12-30,2019123001006979,PICL,11,26,150,426.00,"63,900.00"
2019-12-30,2019123001006782,PICL,18,26,100,428.00,"42,800.00"
2019-12-30,2019123001006960,PLIC,19,16,125,369.00,"46,125.00"
2019-12-30,2019123001006742,PLIC,25,1,25,369.00,"9,225.00"
2019-12-30,2019123001006654,PLIC,42,13,100,369.00,"36,900.00"
2019-12-30,2019123001006548,PLIC,35,39,140,369.00,"51,660.00"
2019-12-30,2019123001006603,PPCL,52,41,30,108.00,"3,240.00"
2019-12-30,2019123001006929,PRIN,44,57,190,335.00,"63,650.00"
2019-12-30,2019123001006903,PRIN,34,57,10,335.00,"3,350.00"
2019-12-30,2019123001006993,PROFL,34,25,10,99.00,990.00
2019-12-30,2019123001006963,PRVU,47,42,300,223.00,"66,900.00"
2019-12-30,2019123001006878,PRVU,42,43,100,224.00,"22,400.00"
2019-12-30,2019123001006862,PRVU,47,32,302,223.00,"67,346.00"
2019-12-30,2019123001006861,PRVU,22,32,698,223.00,"155,654.00"
2019-12-30,2019123001006714,RADHI,54,53,11,141.00,"1,551.00"
2019-12-30,2019123001006545,SABSL,19,50,90,551.00,"49,590.00"
2019-12-30,2019123001006766,SADBL,26,49,57,143.00,"8,151.00"
2019-12-30,2019123001006622,SANIMA,50,57,60,313.00,"18,780.00"
2019-12-30,2019123001006578,SANIMA,16,57,40,313.00,"12,520.00"
2019-12-30,2019123001006577,SANIMA,16,57,100,313.00,"31,300.00"
2019-12-30,2019123001006576,SANIMA,16,17,160,313.00,"50,080.00"
2019-12-30,2019123001006575,SANIMA,16,47,200,313.00,"62,600.00"
2019-12-30,2019123001006850,SBI,28,57,147,355.00,"52,185.00"
2019-12-30,2019123001006849,SBI,28,47,100,355.00,"35,500.00"
2019-12-30,2019123001006848,SBI,28,35,100,355.00,"35,500.00"
2019-12-30,2019123001006847,SBI,28,25,200,354.00,"70,800.00"
2019-12-30,2019123001006846,SBI,28,4,300,354.00,"106,200.00"
2019-12-30,2019123001006845,SBI,28,56,100,353.00,"35,300.00"
2019-12-30,2019123001006844,SBI,28,17,150,353.00,"52,950.00"
2019-12-30,2019123001006843,SBI,28,57,100,353.00,"35,300.00"
2019-12-30,2019123001006933,SBL,3,42,300,282.00,"84,600.00"
2019-12-30,2019123001006927,SBL,16,28,100,283.00,"28,300.00"
2019-12-30,2019123001006909,SBL,51,28,200,283.00,"56,600.00"
2019-12-30,2019123001006877,SBL,43,28,500,283.00,"141,500.00"
2019-12-30,2019123001006586,SBL,50,28,150,284.00,"42,600.00"
2019-12-30,2019123002000002,SBLD2082,47,47,"25,000",975.00,"24,375,000.00"
2019-12-30,2019123002000001,SBLD2082,47,47,"25,000",975.00,"24,375,000.00"
2019-12-30,2019123001006851,SHINE,34,34,"1,650",231.00,"381,150.00"
2019-12-30,2019123001006814,SHINE,56,34,320,231.00,"73,920.00"
2019-12-30,2019123001006774,SHINE,56,16,180,231.00,"41,580.00"
2019-12-30,2019123001006773,SHINE,56,16,20,231.00,"4,620.00"
2019-12-30,2019123001006772,SHINE,57,16,300,231.00,"69,300.00"
2019-12-30,2019123001007013,SHIVM,4,19,700,466.00,"326,200.00"
2019-12-30,2019123001006991,SHIVM,41,19,300,466.00,"139,800.00"
2019-12-30,2019123001006965,SHIVM,7,49,430,468.00,"201,240.00"
2019-12-30,2019123001006964,SHIVM,7,39,70,466.00,"32,620.00"
2019-12-30,2019123001006956,SHIVM,29,49,100,468.00,"46,800.00"
2019-12-30,2019123001006955,SHIVM,18,49,10,468.00,"4,680.00"
2019-12-30,2019123001006572,SHIVM,34,14,11,468.00,"5,148.00"
2019-12-30,2019123001006628,SHIVM,52,38,50,465.00,"23,250.00"
2019-12-30,2019123001006625,SHIVM,49,5,500,466.00,"233,000.00"
2019-12-30,2019123001006590,SHIVM,53,49,200,468.00,"93,600.00"
2019-12-30,2019123001006589,SHIVM,8,49,250,468.00,"117,000.00"
2019-12-30,2019123001006588,SHIVM,34,49,989,468.00,"462,852.00"
2019-12-30,2019123001006573,SHIVM,34,38,10,469.00,"4,690.00"
2019-12-30,2019123001006899,SHIVM,49,41,200,465.00,"93,000.00"
2019-12-30,2019123001006898,SHIVM,29,41,100,466.00,"46,600.00"
2019-12-30,2019123001006660,SHIVM,49,55,60,465.00,"27,900.00"
2019-12-30,2019123001006631,SHIVM,49,38,580,465.00,"269,700.00"
2019-12-30,2019123001006630,SHIVM,8,38,100,465.00,"46,500.00"
2019-12-30,2019123001006629,SHIVM,50,38,100,465.00,"46,500.00"
2019-12-30,2019123001006925,SIC,37,39,400,501.00,"200,400.00"
2019-12-30,2019123001006780,SIC,25,13,10,510.00,"5,100.00"
2019-12-30,2019123001006565,SICL,38,38,10,856.00,"8,560.00"
2019-12-30,2019123001006919,SIFC,4,53,210,144.00,"30,240.00"
2019-12-30,2019123001006978,SIL,52,35,90,412.00,"37,080.00"
2019-12-30,2019123001006619,SINDU,11,29,13,131.00,"1,703.00"
2019-12-30,2019123001006618,SINDU,41,29,200,131.00,"26,200.00"
2019-12-30,2019123001006617,SINDU,47,29,100,131.00,"13,100.00"
2019-12-30,2019123001006616,SINDU,59,29,30,131.00,"3,930.00"
2019-12-30,2019123001006879,SJCL,52,58,100,155.00,"15,500.00"
2019-12-30,2019123001006759,SJCL,52,44,20,156.00,"3,120.00"
2019-12-30,2019123001006758,SJCL,52,8,20,156.00,"3,120.00"
2019-12-30,2019123001006757,SJCL,52,44,20,156.00,"3,120.00"
2019-12-30,2019123001006756,SJCL,52,44,20,156.00,"3,120.00"
2019-12-30,2019123001006755,SJCL,52,44,20,156.00,"3,120.00"
2019-12-30,2019123001006624,SKBBL,51,7,100,786.00,"78,600.00"
2019-12-30,2019123001007006,SLICL,48,58,309,307.00,"94,863.00"
2019-12-30,2019123001006995,SLICL,56,42,10,309.00,"3,090.00"
2019-12-30,2019123001006961,SLICL,48,55,191,307.00,"58,637.00"
2019-12-30,2019123001006764,SLICL,33,42,110,309.00,"33,990.00"
2019-12-30,2019123001006593,SLICL,58,55,100,310.00,"31,000.00"
2019-12-30,2019123001006557,SLICL,33,42,200,308.00,"61,600.00"
2019-12-30,2019123001006556,SLICL,33,1,100,308.00,"30,800.00"
2019-12-30,2019123001006555,SLICL,33,5,890,308.00,"274,120.00"
2019-12-30,2019123001006554,SLICL,50,57,500,307.00,"153,500.00"
2019-12-30,2019123001006553,SLICL,50,4,600,307.00,"184,200.00"
2019-12-30,2019123001006552,SLICL,50,4,100,307.00,"30,700.00"
2019-12-30,2019123001006592,SLICL,58,57,100,310.00,"31,000.00"
2019-12-30,2019123001006591,SLICL,58,16,200,310.00,"62,000.00"
2019-12-30,2019123001006561,SLICL,33,4,"1,000",309.00,"309,000.00"
2019-12-30,2019123001006560,SLICL,33,25,100,309.00,"30,900.00"
2019-12-30,2019123001006559,SLICL,33,51,200,309.00,"61,800.00"
2019-12-30,2019123001006558,SLICL,33,16,200,308.00,"61,600.00"
2019-12-30,2019123001006891,SMFBS,25,34,10,888.00,"8,880.00"
2019-12-30,2019123001006728,SMFBS,47,34,90,880.00,"79,200.00"
2019-12-30,2019123001006727,SMFBS,33,34,20,880.00,"17,600.00"
2019-12-30,2019123001006726,SMFBS,48,34,50,881.00,"44,050.00"
2019-12-30,2019123001006725,SMFBS,57,34,40,881.00,"35,240.00"
2019-12-30,2019123001006910,SMFDB,42,35,50,646.00,"32,300.00"
2019-12-30,2019123001006709,SPDL,29,58,10,88.00,880.00
2019-12-30,2019123001006708,SPDL,29,45,10,88.00,880.00
2019-12-30,2019123001007027,STC,51,38,10,"1,989.00","19,890.00"
2019-12-30,2019123001006987,STC,45,52,40,"1,971.00","78,840.00"
2019-12-30,2019123001006984,STC,14,52,50,"1,971.00","98,550.00"
2019-12-30,2019123001006983,STC,7,52,10,"1,980.00","19,800.00"
2019-12-30,2019123001006942,STC,28,38,60,"1,990.00","119,400.00"
2019-12-30,2019123001006907,STC,45,58,190,"1,995.00","379,050.00"
2019-12-30,2019123001006906,STC,45,38,50,"1,994.00","99,700.00"
2019-12-30,2019123001006905,STC,45,45,60,"1,990.00","119,400.00"
2019-12-30,2019123001006564,STC,7,38,20,"1,980.00","39,600.00"
2019-12-30,2019123001006547,STC,38,58,30,"1,995.00","59,850.00"
2019-12-30,2019123001006825,UFL,6,28,"1,057",170.00,"179,690.00"
2019-12-30,2019123001006824,UFL,1,28,20,171.00,"3,420.00"
2019-12-30,2019123001007019,UIC,57,17,160,298.00,"47,680.00"
2019-12-30,2019123001007018,UIC,57,57,90,297.00,"26,730.00"
2019-12-30,2019123001007017,UIC,57,41,50,296.00,"14,800.00"
2019-12-30,2019123001006945,UIC,16,57,10,297.00,"2,970.00"
2019-12-30,2019123001006793,UIC,53,42,40,295.00,"11,800.00"
2019-12-30,2019123001006792,UIC,53,36,200,295.00,"59,000.00"
2019-12-30,2019123001006797,UPPER,45,41,226,233.00,"52,658.00"
2019-12-30,2019123001006796,UPPER,39,41,50,233.00,"11,650.00"
2019-12-30,2019123001006795,UPPER,4,41,24,233.00,"5,592.00"
2019-12-30,2019123001006785,UPPER,4,48,476,233.00,"110,908.00"
2019-12-30,2019123001006784,UPPER,45,48,24,233.00,"5,592.00"
2019-12-30,2019123001006716,UPPER,25,14,35,235.00,"8,225.00"
2019-12-30,2019123001006688,UPPER,58,52,100,234.00,"23,400.00"
2019-12-30,2019123001006502,ADBL,14,55,15,364.00,"5,460.00"
2019-12-30,2019123001006418,ADBL,25,55,300,364.00,"109,200.00"
2019-12-30,2019123001006065,AHPC,17,42,900,90.00,"81,000.00"
2019-12-30,2019123001006317,AKJCL,20,20,20,59.00,"1,180.00"
2019-12-30,2019123001006274,AKJCL,20,20,10,59.00,590.00
2019-12-30,2019123001006099,AKJCL,20,45,10,59.00,590.00
2019-12-30,2019123001006396,AKPL,25,45,50,111.00,"5,550.00"
2019-12-30,2019123001006295,AKPL,55,45,948,110.00,"104,280.00"
2019-12-30,2019123001006204,AKPL,55,53,13,110.00,"1,430.00"
2019-12-30,2019123001006110,ALBSL,45,45,10,472.00,"4,720.00"
2019-12-30,2019123001006431,ALICL,26,38,20,374.00,"7,480.00"
2019-12-30,2019123001006205,ALICL,26,22,100,374.00,"37,400.00"
2019-12-30,2019123001006131,ALICL,26,58,10,374.00,"3,740.00"
2019-12-30,2019123001006128,ALICL,16,58,100,374.00,"37,400.00"
2019-12-30,2019123001006127,ALICL,50,58,50,374.00,"18,700.00"
2019-12-30,2019123001006383,API,25,48,300,107.00,"32,100.00"
2019-12-30,2019123001006229,API,44,53,29,106.00,"3,074.00"
2019-12-30,2019123001006155,API,25,22,300,107.00,"32,100.00"
2019-12-30,2019123001006141,API,44,25,920,106.00,"97,520.00"
2019-12-30,2019123001006412,BOKL,36,55,50,213.00,"10,650.00"
2019-12-30,2019123001006341,BOKL,26,55,300,213.00,"63,900.00"
2019-12-30,2019123001006340,BOKL,55,55,250,213.00,"53,250.00"
2019-12-30,2019123001006277,BOKL,1,13,432,214.00,"92,448.00"
2019-12-30,2019123001006085,BPCL,43,22,11,304.00,"3,344.00"
2019-12-30,2019123001006181,CBBL,50,29,450,790.00,"355,500.00"
2019-12-30,2019123001006180,CBBL,50,44,300,790.00,"237,000.00"
2019-12-30,2019123001006288,CBL,59,22,200,135.00,"27,000.00"
2019-12-30,2019123001006266,CBL,59,53,129,135.00,"17,415.00"
2019-12-30,2019123001006265,CBL,47,53,50,135.00,"6,750.00"
2019-12-30,2019123001006264,CBL,57,53,100,135.00,"13,500.00"
2019-12-30,2019123001006263,CBL,32,53,221,135.00,"29,835.00"
2019-12-30,2019123001006188,CBL,32,22,200,135.00,"27,000.00"
2019-12-30,2019123001006472,CCBL,29,52,50,164.00,"8,200.00"
2019-12-30,2019123001006436,CCBL,28,25,150,163.00,"24,450.00"
2019-12-30,2019123001006410,CCBL,28,49,50,163.00,"8,150.00"
2019-12-30,2019123001006526,CEFL,4,4,10,104.00,"1,040.00"
2019-12-30,2019123001006234,CHL,26,25,10,94.00,940.00
2019-12-30,2019123001006224,CHL,26,25,10,94.00,940.00
2019-12-30,2019123001006211,CHL,26,25,10,94.00,940.00
2019-12-30,2019123001006201,CHL,26,25,10,94.00,940.00
2019-12-30,2019123001006489,CIT,34,56,70,"2,093.00","146,510.00"
2019-12-30,2019123001006176,CIT,51,56,16,"2,090.00","33,440.00"
2019-12-30,2019123001006123,CIT,51,39,12,"2,090.00","25,080.00"
2019-12-30,2019123001006070,CIT,51,11,22,"2,090.00","45,980.00"
2019-12-30,2019123001006535,CZBIL,28,19,250,181.00,"45,250.00"
2019-12-30,2019123001006534,CZBIL,28,6,750,181.00,"135,750.00"
2019-12-30,2019123001006221,CZBIL,37,6,50,181.00,"9,050.00"
2019-12-30,2019123001006203,CZBIL,45,6,200,181.00,"36,200.00"
2019-12-30,2019123001006071,CZBIL,13,35,10,180.00,"1,800.00"
2019-12-30,2019123001006262,DBBL,18,22,70,135.00,"9,450.00"
2019-12-30,2019123001006091,DDBL,54,53,100,856.00,"85,600.00"
2019-12-30,2019123001006090,DDBL,25,53,500,856.00,"428,000.00"
2019-12-30,2019123001006119,EBL,19,21,100,522.00,"52,200.00"
2019-12-30,2019123001006447,EIC,45,48,10,276.00,"2,760.00"
2019-12-30,2019123001006446,EIC,45,6,100,275.00,"27,500.00"
2019-12-30,2019123001006445,EIC,45,6,200,275.00,"55,000.00"
2019-12-30,2019123001006444,EIC,45,25,100,275.00,"27,500.00"
2019-12-30,2019123001006443,EIC,45,44,100,275.00,"27,500.00"
2019-12-30,2019123001006442,EIC,45,36,40,275.00,"11,000.00"
2019-12-30,2019123001006366,EIC,55,36,200,275.00,"55,000.00"
2019-12-30,2019123001006304,EIC,45,36,10,275.00,"2,750.00"
2019-12-30,2019123001006186,EIC,34,36,50,275.00,"13,750.00"
2019-12-30,2019123001006208,FMDBL,37,34,914,316.00,"288,824.00"
2019-12-30,2019123001006207,FMDBL,53,34,266,316.00,"84,056.00"
2019-12-30,2019123001006206,FMDBL,52,34,20,317.00,"6,340.00"
2019-12-30,2019123001006311,FOWAD,28,11,17,"1,398.00","23,766.00"
2019-12-30,2019123001006298,FOWAD,41,5,50,"1,395.00","69,750.00"
2019-12-30,2019123001006297,FOWAD,57,5,350,"1,395.00","488,250.00"
2019-12-30,2019123001006296,FOWAD,19,5,51,"1,395.00","71,145.00"
2019-12-30,2019123001006289,FOWAD,19,5,38,"1,396.00","53,048.00"
2019-12-30,2019123001006246,FOWAD,19,38,12,"1,396.00","16,752.00"
2019-12-30,2019123001006183,FOWAD,16,5,11,"1,395.00","15,345.00"
2019-12-30,2019123001006179,FOWAD,16,6,58,"1,395.00","80,910.00"
2019-12-30,2019123001006178,FOWAD,44,6,11,"1,395.00","15,345.00"
2019-12-30,2019123001006106,FOWAD,16,35,19,"1,395.00","26,505.00"
2019-12-30,2019123001006066,FOWAD,44,6,19,"1,395.00","26,505.00"
2019-12-30,2019123001006523,GBBL,39,4,73,200.00,"14,600.00"
2019-12-30,2019123001006522,GBBL,32,4,200,200.00,"40,000.00"
2019-12-30,2019123001006521,GBBL,39,4,100,200.00,"20,000.00"
2019-12-30,2019123001006520,GBBL,39,4,200,200.00,"40,000.00"
2019-12-30,2019123001006314,GBBL,49,38,91,200.00,"18,200.00"
2019-12-30,2019123001006313,GBBL,39,38,50,200.00,"10,000.00"
2019-12-30,2019123001006312,GBBL,39,38,59,200.00,"11,800.00"
2019-12-30,2019123001006122,GBBL,56,1,93,201.00,"18,693.00"
2019-12-30,2019123001006077,GBBL,56,16,500,201.00,"100,500.00"
2019-12-30,2019123001006359,GBLBS,44,38,15,314.00,"4,710.00"
2019-12-30,2019123001006177,GBLBS,44,52,200,315.00,"63,000.00"
2019-12-30,2019123001006162,GBLBS,44,35,15,314.00,"4,710.00"
2019-12-30,2019123001006111,GBLBS,44,44,95,314.00,"29,830.00"
2019-12-30,2019123001006068,GBLBS,36,38,100,313.00,"31,300.00"
2019-12-30,2019123001006267,GLBSL,26,26,10,445.00,"4,450.00"
2019-12-30,2019123001006161,GLBSL,55,7,150,445.00,"66,750.00"
2019-12-30,2019123001006051,GLBSL,42,7,80,445.00,"35,600.00"
2019-12-30,2019123001006050,GLBSL,42,51,10,445.00,"4,450.00"
2019-12-30,2019123001006049,GLBSL,42,35,10,445.00,"4,450.00"
2019-12-30,2019123001006067,GLICL,38,16,100,463.00,"46,300.00"
2019-12-30,2019123001006280,GMFBS,43,45,10,560.00,"5,600.00"
2019-12-30,2019123001006247,GRDBL,52,44,50,103.00,"5,150.00"
2019-12-30,2019123001006132,HBL,41,16,65,505.00,"32,825.00"
2019-12-30,2019123001006045,HBL,41,42,153,505.00,"77,265.00"
2019-12-30,2019123001006044,HBL,11,42,347,505.00,"175,235.00"
2019-12-30,2019123001006530,HDL,57,58,390,"1,252.00","488,280.00"
2019-12-30,2019123001006529,HDL,57,47,10,"1,251.00","12,510.00"
2019-12-30,2019123001006475,HDL,14,58,100,"1,250.00","125,000.00"
2019-12-30,2019123001006437,HDL,14,58,300,"1,250.00","375,000.00"
2019-12-30,2019123001006380,HDL,39,34,50,"1,249.00","62,450.00"
2019-12-30,2019123001006355,HDL,46,34,50,"1,249.00","62,450.00"
2019-12-30,2019123001006354,HDL,46,11,50,"1,249.00","62,450.00"
2019-12-30,2019123001006292,HIDCL,37,53,31,144.00,"4,464.00"
2019-12-30,2019123001006073,HIDCL,48,22,71,143.00,"10,153.00"
2019-12-30,2019123001006200,HPPL,45,35,10,137.00,"1,370.00"
2019-12-30,2019123001006210,HURJA,22,35,20,101.00,"2,020.00"
2019-12-30,2019123001006519,ICFC,35,47,54,158.00,"8,532.00"
2019-12-30,2019123001006518,ICFC,44,47,"2,000",159.00,"318,000.00"
2019-12-30,2019123001006517,ICFC,25,47,50,159.00,"7,950.00"
2019-12-30,2019123001006516,ICFC,25,47,50,159.00,"7,950.00"
2019-12-30,2019123001006515,ICFC,28,47,"1,000",159.00,"159,000.00"
2019-12-30,2019123001006514,ICFC,6,47,620,160.00,"99,200.00"
2019-12-30,2019123001006513,ICFC,20,47,500,160.00,"80,000.00"
2019-12-30,2019123001006512,ICFC,39,47,101,160.00,"16,160.00"
2019-12-30,2019123001006511,ICFC,45,47,20,160.00,"3,200.00"
2019-12-30,2019123001006510,ICFC,52,47,"1,000",160.00,"160,000.00"
2019-12-30,2019123001006509,ICFC,43,47,70,160.00,"11,200.00"
2019-12-30,2019123001006508,ICFC,39,47,100,161.00,"16,100.00"
2019-12-30,2019123001006409,ILBS,33,46,50,525.00,"26,250.00"
2019-12-30,2019123001006228,ILBS,33,35,10,521.00,"5,210.00"
2019-12-30,2019123001006121,ILBS,33,38,20,521.00,"10,420.00"
2019-12-30,2019123001006316,JBBL,47,52,30,166.00,"4,980.00"
2019-12-30,2019123001006315,JBBL,17,52,170,166.00,"28,220.00"
2019-12-30,2019123001006501,JOSHI,51,35,20,60.00,"1,200.00"
2019-12-30,2019123001006251,JSLBB,48,51,40,"1,167.00","46,680.00"
2019-12-30,2019123001006250,JSLBB,47,51,50,"1,167.00","58,350.00"
2019-12-30,2019123001006249,JSLBB,45,51,10,"1,178.00","11,780.00"
2019-12-30,2019123001006151,KBL,58,43,10,178.00,"1,780.00"
2019-12-30,2019123001006140,KBL,47,6,140,176.00,"24,640.00"
2019-12-30,2019123001006139,KBL,8,6,500,176.00,"88,000.00"
2019-12-30,2019123001006138,KBL,34,6,200,176.00,"35,200.00"
2019-12-30,2019123001006137,KBL,43,6,50,176.00,"8,800.00"
2019-12-30,2019123001006056,KBL,1,22,745,176.00,"131,120.00"
2019-12-30,2019123001006055,KBL,28,22,"1,000",176.00,"176,000.00"
2019-12-30,2019123001006054,KBL,26,22,500,176.00,"88,000.00"
2019-12-30,2019123001006053,KBL,43,22,755,176.00,"132,880.00"
2019-12-30,2019123001006477,KPCL,37,45,10,83.00,830.00
2019-12-30,2019123001006080,KPCL,37,49,85,83.00,"7,055.00"
2019-12-30,2019123001006079,KPCL,6,49,30,83.00,"2,490.00"
2019-12-30,2019123001006078,KPCL,11,49,10,83.00,830.00
2019-12-30,2019123001006294,KPCL,37,45,10,83.00,830.00
2019-12-30,2019123001006276,KPCL,37,35,10,83.00,830.00
2019-12-30,2019123001006279,KSBBL,46,19,200,136.00,"27,200.00"
2019-12-30,2019123001006432,LBBL,17,37,30,194.00,"5,820.00"
2019-12-30,2019123001006377,LBBL,1,42,900,193.00,"173,700.00"
2019-12-30,2019123001006353,LBBL,1,14,18,193.00,"3,474.00"
2019-12-30,2019123001006352,LBBL,1,55,"1,037",193.00,"200,141.00"
2019-12-30,2019123001006351,LBBL,1,44,"2,000",193.00,"386,000.00"
2019-12-30,2019123001006309,LEMF,47,35,"2,000",6.90,"13,800.00"
2019-12-30,2019123001006308,LEMF,26,35,"3,000",6.91,"20,730.00"
2019-12-30,2019123001006374,LGIL,39,25,500,337.00,"168,500.00"
2019-12-30,2019123001006365,LGIL,37,52,290,335.00,"97,150.00"
2019-12-30,2019123001006213,LGIL,25,46,280,336.00,"94,080.00"
2019-12-30,2019123001006209,LGIL,37,52,10,335.00,"3,350.00"
2019-12-30,2019123001006136,LGIL,25,46,500,336.00,"168,000.00"
2019-12-30,2019123001006395,LICN,25,17,50,"1,095.00","54,750.00"
2019-12-30,2019123001006362,LICN,25,25,35,"1,098.00","38,430.00"
2019-12-30,2019123001006338,LICN,38,14,50,"1,095.00","54,750.00"
2019-12-30,2019123001006275,LICN,25,14,100,"1,098.00","109,800.00"
2019-12-30,2019123001006261,LICN,57,25,65,"1,098.00","71,370.00"
2019-12-30,2019123001006257,LICN,25,25,25,"1,097.00","27,425.00"
2019-12-30,2019123001006233,LICN,25,50,150,"1,090.00","163,500.00"
2019-12-30,2019123001006232,LICN,25,17,275,"1,089.00","299,475.00"
2019-12-30,2019123001006483,LLBS,50,35,28,664.00,"18,592.00"
2019-12-30,2019123001006240,MBL,40,45,794,215.00,"170,710.00"
2019-12-30,2019123001006196,MBL,39,45,50,215.00,"10,750.00"
2019-12-30,2019123001006195,MBL,50,45,"1,000",215.00,"215,000.00"
2019-12-30,2019123001006192,MBL,16,45,200,215.00,"43,000.00"
2019-12-30,2019123001006129,MBL,37,45,"2,500",215.00,"537,500.00"
2019-12-30,2019123001006120,MBL,37,45,"2,500",215.00,"537,500.00"
2019-12-30,2019123001006525,MEGA,11,35,157,183.00,"28,731.00"
2019-12-30,2019123001006481,MEGA,11,11,150,183.00,"27,450.00"
2019-12-30,2019123001006480,MEGA,16,11,50,183.00,"9,150.00"
2019-12-30,2019123001006367,MEGA,28,36,125,182.00,"22,750.00"
2019-12-30,2019123001006074,MEGA,51,50,30,182.00,"5,460.00"
2019-12-30,2019123001006057,MEGA,28,50,400,182.00,"72,800.00"
2019-12-30,2019123001006364,MEGA,28,36,125,182.00,"22,750.00"
2019-12-30,2019123001006363,MEGA,28,50,71,182.00,"12,922.00"
2019-12-30,2019123001006242,MEGA,51,57,25,181.00,"4,525.00"
2019-12-30,2019123001006368,MERO,18,22,100,447.00,"44,700.00"
2019-12-30,2019123001006278,MERO,18,28,60,445.00,"26,700.00"
2019-12-30,2019123001006378,MFIL,22,55,604,141.00,"85,164.00"
2019-12-30,2019123001006327,MFIL,52,33,"1,000",142.00,"142,000.00"
2019-12-30,2019123001006326,MFIL,45,33,10,142.00,"1,420.00"
2019-12-30,2019123001006325,MFIL,22,33,"1,000",142.00,"142,000.00"
2019-12-30,2019123001006324,MFIL,40,33,200,142.00,"28,400.00"
2019-12-30,2019123001006323,MFIL,19,33,198,142.00,"28,116.00"
2019-12-30,2019123001006322,MFIL,58,33,"1,000",142.00,"142,000.00"
2019-12-30,2019123001006287,MFIL,19,52,200,142.00,"28,400.00"
2019-12-30,2019123001006342,MHNL,52,35,10,85.00,850.00
2019-12-30,2019123001006415,MLBBL,48,56,21,542.00,"11,382.00"
2019-12-30,2019123001006290,MLBBL,16,41,55,538.00,"29,590.00"
2019-12-30,2019123001006069,MLBBL,43,32,34,535.00,"18,190.00"
2019-12-30,2019123001006063,MLBBL,57,32,50,536.00,"26,800.00"
2019-12-30,2019123001006062,MLBBL,17,32,50,536.00,"26,800.00"
2019-12-30,2019123001006061,MLBBL,16,32,200,537.00,"107,400.00"
2019-12-30,2019123001006060,MLBBL,48,32,23,538.00,"12,374.00"
2019-12-30,2019123001006059,MLBBL,50,32,15,538.00,"8,070.00"
2019-12-30,2019123001006135,MNBBL,5,22,230,273.00,"62,790.00"
2019-12-30,2019123001006134,MNBBL,5,28,153,273.00,"41,769.00"
2019-12-30,2019123001006245,MSLB,38,22,30,762.00,"22,860.00"
2019-12-30,2019123001006244,MSLB,38,22,80,760.00,"60,800.00"
2019-12-30,2019123001006496,MSMBS,55,38,100,537.00,"53,700.00"
2019-12-30,2019123001006370,NABIL,17,32,200,676.00,"135,200.00"
2019-12-30,2019123001006369,NABIL,17,19,80,676.00,"54,080.00"
2019-12-30,2019123001006190,NABIL,21,39,24,674.00,"16,176.00"
2019-12-30,2019123001006164,NABIL,48,53,83,675.00,"56,025.00"
2019-12-30,2019123001006163,NABIL,39,53,67,675.00,"45,225.00"
2019-12-30,2019123001006086,NABIL,39,45,58,675.00,"39,150.00"
2019-12-30,2019123001006133,NADEP,32,45,20,481.00,"9,620.00"
2019-12-30,2019123001006118,NADEP,36,48,400,486.00,"194,400.00"
2019-12-30,2019123001006117,NADEP,36,19,65,486.00,"31,590.00"
2019-12-30,2019123001006116,NADEP,36,1,12,485.00,"5,820.00"
2019-12-30,2019123001006042,NBB,34,41,218,185.00,"40,330.00"
2019-12-30,2019123001006199,NBB,34,36,"1,000",185.00,"185,000.00"
2019-12-30,2019123001006456,NBL,58,6,200,264.00,"52,800.00"
2019-12-30,2019123001006150,NBL,58,6,231,264.00,"60,984.00"
2019-12-30,2019123001006149,NBL,58,5,769,264.00,"203,016.00"
2019-12-30,2019123001006101,NBL,48,5,231,264.00,"60,984.00"
2019-12-30,2019123001006100,NBL,48,44,69,264.00,"18,216.00"
2019-12-30,2019123001006435,NCCB,49,52,270,202.00,"54,540.00"
2019-12-30,2019123001006387,NCCB,25,52,500,202.00,"101,000.00"
2019-12-30,2019123001006300,NCCB,47,52,230,202.00,"46,460.00"
2019-12-30,2019123001006299,NCCB,47,17,270,202.00,"54,540.00"
2019-12-30,2019123001006256,NCCB,52,17,230,202.00,"46,460.00"
2019-12-30,2019123001006255,NCCB,52,32,100,202.00,"20,200.00"
2019-12-30,2019123001006254,NCCB,52,38,317,202.00,"64,034.00"
2019-12-30,2019123001006253,NCCB,52,22,353,202.00,"71,306.00"
2019-12-30,2019123001006182,NCCB,49,22,500,202.00,"101,000.00"
2019-12-30,2019123001006076,NHPC,14,45,430,51.00,"21,930.00"
2019-12-30,2019123001006441,NIB,29,50,32,390.00,"12,480.00"
2019-12-30,2019123001006440,NIB,29,17,68,390.00,"26,520.00"
2019-12-30,2019123001006417,NIB,57,17,100,390.00,"39,000.00"
2019-12-30,2019123001006460,NIBPO,6,52,167,355.00,"59,285.00"
2019-12-30,2019123001006459,NIBPO,45,52,30,355.00,"10,650.00"
2019-12-30,2019123001006533,NICA,56,56,552,407.00,"224,664.00"
2019-12-30,2019123001006498,NICA,14,10,50,407.00,"20,350.00"
2019-12-30,2019123001006497,NICA,14,17,123,407.00,"50,061.00"
2019-12-30,2019123001006500,NICL,25,57,21,304.00,"6,384.00"
2019-12-30,2019123001006474,NICL,56,6,200,303.00,"60,600.00"
2019-12-30,2019123001006473,NICL,56,34,"2,000",303.00,"606,000.00"
2019-12-30,2019123001006408,NICL,35,32,400,302.00,"120,800.00"
2019-12-30,2019123001006328,NICL,16,46,100,301.00,"30,100.00"
2019-12-30,2019123001006319,NICL,25,32,100,302.00,"30,200.00"
2019-12-30,2019123001006047,NICL,35,25,100,302.00,"30,200.00"
2019-12-30,2019123001006046,NICL,35,43,500,302.00,"151,000.00"
2019-12-30,2019123001006241,NICL,17,46,276,300.00,"82,800.00"
2019-12-30,2019123001006231,NICL,44,8,"1,000",302.00,"302,000.00"
2019-12-30,2019123001006230,NICL,44,43,300,302.00,"90,600.00"
2019-12-30,2019123001006198,NICL,45,43,200,302.00,"60,400.00"
2019-12-30,2019123001006448,NLG,46,49,25,605.00,"15,125.00"
2019-12-30,2019123001006495,NLIC,36,11,399,981.00,"391,419.00"
2019-12-30,2019123001006494,NLIC,36,50,50,980.00,"49,000.00"
2019-12-30,2019123001006493,NLIC,36,56,26,980.00,"25,480.00"
2019-12-30,2019123001006492,NLIC,36,6,50,980.00,"49,000.00"
2019-12-30,2019123001006491,NLIC,36,43,475,979.00,"465,025.00"
2019-12-30,2019123001006478,NLIC,26,43,25,979.00,"24,475.00"
2019-12-30,2019123001006113,NLIC,34,41,22,978.00,"21,516.00"
2019-12-30,2019123001006112,NLIC,34,52,35,978.00,"34,230.00"
2019-12-30,2019123001006039,NLIC,32,43,150,980.00,"147,000.00"
2019-12-30,2019123001006237,NLIC,19,52,25,976.00,"24,400.00"
2019-12-30,2019123001006236,NLIC,33,52,25,976.00,"24,400.00"
2019-12-30,2019123001006235,NLIC,42,52,50,977.00,"48,850.00"
2019-12-30,2019123001006187,NLIC,42,39,257,978.00,"251,346.00"
2019-12-30,2019123001006115,NLIC,34,34,"1,000",979.00,"979,000.00"
2019-12-30,2019123001006114,NLIC,34,58,200,978.00,"195,600.00"
2019-12-30,2019123001006336,NLIC,36,58,107,978.00,"104,646.00"
2019-12-30,2019123001006335,NLIC,36,39,93,978.00,"90,954.00"
2019-12-30,2019123001006286,NLIC,53,39,10,978.00,"9,780.00"
2019-12-30,2019123001006281,NLIC,58,39,100,978.00,"97,800.00"
2019-12-30,2019123001006248,NLIC,45,39,40,978.00,"39,120.00"
2019-12-30,2019123001006238,NLIC,51,52,69,975.00,"67,275.00"
2019-12-30,2019123001006390,NLIC,42,40,150,976.00,"146,400.00"
2019-12-30,2019123001006389,NLIC,42,53,200,978.00,"195,600.00"
2019-12-30,2019123001006386,NLIC,42,53,100,978.00,"97,800.00"
2019-12-30,2019123001006373,NLIC,51,53,20,978.00,"19,560.00"
2019-12-30,2019123001006357,NLIC,34,43,500,978.00,"489,000.00"
2019-12-30,2019123001006356,NLIC,34,58,393,978.00,"384,354.00"
2019-12-30,2019123001006401,NLIC,34,25,10,980.00,"9,800.00"
2019-12-30,2019123001006400,NLIC,34,22,149,980.00,"146,020.00"
2019-12-30,2019123001006399,NLIC,34,43,350,980.00,"343,000.00"
2019-12-30,2019123001006398,NLIC,34,58,500,979.00,"489,500.00"
2019-12-30,2019123001006397,NLIC,34,53,180,978.00,"176,040.00"
2019-12-30,2019123001006391,NLIC,28,40,147,976.00,"143,472.00"
2019-12-30,2019123001006450,NLIC,1,41,200,977.00,"195,400.00"
2019-12-30,2019123001006406,NLIC,34,59,462,980.00,"452,760.00"
2019-12-30,2019123001006405,NLIC,34,38,22,980.00,"21,560.00"
2019-12-30,2019123001006404,NLIC,34,6,11,980.00,"10,780.00"
2019-12-30,2019123001006403,NLIC,34,17,500,980.00,"490,000.00"
2019-12-30,2019123001006402,NLIC,34,6,126,980.00,"123,480.00"
2019-12-30,2019123001006531,NLICL,22,39,500,490.00,"245,000.00"
2019-12-30,2019123001006479,NLICL,56,16,"1,000",492.00,"492,000.00"
2019-12-30,2019123001006458,NLICL,56,8,500,491.00,"245,500.00"
2019-12-30,2019123001006457,NLICL,56,21,100,491.00,"49,100.00"
2019-12-30,2019123001006321,NLICL,44,54,100,489.00,"48,900.00"
2019-12-30,2019123001006223,NLICL,44,22,100,489.00,"48,900.00"
2019-12-30,2019123001006189,NLICL,53,16,100,490.00,"49,000.00"
2019-12-30,2019123001006105,NLICL,22,3,144,492.00,"70,848.00"
2019-12-30,2019123001006388,NMB,1,33,100,324.00,"32,400.00"
2019-12-30,2019123001006471,NMFBS,45,45,30,"1,246.00","37,380.00"
2019-12-30,2019123001006470,NMFBS,45,45,20,"1,245.00","24,900.00"
2019-12-30,2019123001006469,NMFBS,45,47,38,"1,244.00","47,272.00"
2019-12-30,2019123001006414,NNLB,51,38,20,500.00,"10,000.00"
2019-12-30,2019123001006075,NNLB,51,32,500,500.00,"250,000.00"
2019-12-30,2019123001006438,NTC,49,45,350,660.00,"231,000.00"
2019-12-30,2019123001006411,NTC,49,17,355,660.00,"234,300.00"
2019-12-30,2019123001006333,NTC,48,22,100,661.00,"66,100.00"
2019-12-30,2019123001006332,NTC,48,34,200,661.00,"132,200.00"
2019-12-30,2019123001006293,NTC,49,52,100,660.00,"66,000.00"
2019-12-30,2019123001006291,NTC,49,17,50,660.00,"33,000.00"
2019-12-30,2019123001006125,NTC,6,17,"1,245",658.00,"819,210.00"
2019-12-30,2019123001006124,NTC,44,17,410,659.00,"270,190.00"
2019-12-30,2019123001006109,NTC,44,55,50,659.00,"32,950.00"
2019-12-30,2019123001006108,NTC,44,55,40,659.00,"26,360.00"
2019-12-30,2019123001006107,NTC,52,55,30,659.00,"19,770.00"
2019-12-30,2019123001006252,NTC,49,49,"6,260",660.00,"4,131,600.00"
2019-12-30,2019123001006239,NTC,49,22,200,660.00,"132,000.00"
2019-12-30,2019123001006227,NTC,49,13,90,660.00,"59,400.00"
2019-12-30,2019123001006226,NTC,49,41,100,660.00,"66,000.00"
2019-12-30,2019123001006225,NTC,49,44,84,660.00,"55,440.00"
2019-12-30,2019123001006538,NUBL,54,54,50,766.00,"38,300.00"
2019-12-30,2019123001006537,NUBL,57,54,20,770.00,"15,400.00"
2019-12-30,2019123001006536,NUBL,49,54,13,771.00,"10,023.00"
2019-12-30,2019123001006148,PCBL,58,17,33,236.00,"7,788.00"
2019-12-30,2019123001006147,PCBL,42,17,44,236.00,"10,384.00"
2019-12-30,2019123001006126,PCBL,42,17,277,236.00,"65,372.00"
2019-12-30,2019123001006098,PCBL,42,17,128,236.00,"30,208.00"
2019-12-30,2019123001006487,PIC,25,45,50,414.00,"20,700.00"
2019-12-30,2019123001006453,PIC,28,38,86,412.00,"35,432.00"
2019-12-30,2019123001006452,PIC,28,7,20,411.00,"8,220.00"
2019-12-30,2019123001006154,PIC,42,11,900,410.00,"369,000.00"
2019-12-30,2019123001006153,PIC,49,11,47,410.00,"19,270.00"
2019-12-30,2019123001006152,PIC,6,11,500,411.00,"205,500.00"
2019-12-30,2019123001006527,PLIC,42,56,20,370.00,"7,400.00"
2019-12-30,2019123001006393,PLIC,25,16,200,369.00,"73,800.00"
2019-12-30,2019123001006392,PLIC,35,58,32,368.00,"11,776.00"
2019-12-30,2019123001006330,PLIC,25,39,500,369.00,"184,500.00"
2019-12-30,2019123001006329,PLIC,25,53,200,369.00,"73,800.00"
2019-12-30,2019123001006285,PLIC,25,25,100,368.00,"36,800.00"
2019-12-30,2019123001006212,PLIC,25,26,119,368.00,"43,792.00"
2019-12-30,2019123001006048,PLIC,25,39,31,368.00,"11,408.00"
2019-12-30,2019123001006361,PMHPL,59,38,10,84.00,840.00
2019-12-30,2019123001006331,PMHPL,59,20,10,84.00,840.00
2019-12-30,2019123001006394,PPCL,52,47,10,108.00,"1,080.00"
2019-12-30,2019123001006337,PRIN,53,26,280,332.00,"92,960.00"
2019-12-30,2019123001006243,PRIN,45,26,200,333.00,"66,600.00"
2019-12-30,2019123001006170,PRIN,53,46,60,332.00,"19,920.00"
2019-12-30,2019123001006169,PRIN,11,46,230,333.00,"76,590.00"
2019-12-30,2019123001006168,PRIN,28,46,20,333.00,"6,660.00"
2019-12-30,2019123001006072,PRIN,6,57,300,335.00,"100,500.00"
2019-12-30,2019123001006420,PRVU,22,49,302,223.00,"67,346.00"
2019-12-30,2019123001006407,PRVU,29,43,200,224.00,"44,800.00"
2019-12-30,2019123001006358,PRVU,29,16,10,224.00,"2,240.00"
2019-12-30,2019123001006303,PRVU,29,26,276,224.00,"61,824.00"
2019-12-30,2019123001006302,PRVU,29,49,200,224.00,"44,800.00"
2019-12-30,2019123001006301,PRVU,29,13,314,224.00,"70,336.00"
2019-12-30,2019123001006416,RADHI,54,38,11,141.00,"1,551.00"
2019-12-30,2019123001006102,RBCL,3,16,10,"8,690.00","86,900.00"
2019-12-30,2019123001006449,RBCLPO,34,18,10,"7,750.00","77,500.00"
2019-12-30,2019123001006482,RHPL,43,45,40,168.00,"6,720.00"
2019-12-30,2019123001006476,RHPL,19,28,799,169.00,"135,031.00"
2019-12-30,2019123001006454,RHPL,19,28,300,169.00,"50,700.00"
2019-12-30,2019123001006371,RHPL,43,38,40,168.00,"6,720.00"
2019-12-30,2019123001006320,RHPL,38,28,40,169.00,"6,760.00"
2019-12-30,2019123001006307,RHPL,43,45,40,168.00,"6,720.00"
2019-12-30,2019123001006097,RHPL,32,28,80,169.00,"13,520.00"
2019-12-30,2019123001006096,RHPL,22,28,121,169.00,"20,449.00"
2019-12-30,2019123001006095,RHPL,16,28,200,169.00,"33,800.00"
2019-12-30,2019123001006272,RHPL,43,34,110,168.00,"18,480.00"
2019-12-30,2019123001006271,RHPL,42,34,100,168.00,"16,800.00"
2019-12-30,2019123001006270,RHPL,59,34,30,168.00,"5,040.00"
2019-12-30,2019123001006269,RHPL,36,34,100,168.00,"16,800.00"
2019-12-30,2019123001006268,RHPL,59,34,160,168.00,"26,880.00"
2019-12-30,2019123001006144,RHPL,59,45,40,168.00,"6,720.00"
2019-12-30,2019123001006376,RRHP,47,38,10,97.00,970.00
2019-12-30,2019123001006507,SABSL,19,1,100,551.00,"55,100.00"
2019-12-30,2019123001006506,SABSL,19,57,10,548.00,"5,480.00"
2019-12-30,2019123001006505,SABSL,19,28,10,548.00,"5,480.00"
2019-12-30,2019123001006504,SABSL,19,49,90,547.00,"49,230.00"
2019-12-30,2019123001006503,SABSL,19,58,200,546.00,"109,200.00"
2019-12-30,2019123001006306,SABSL,47,55,10,546.00,"5,460.00"
2019-12-30,2019123001006305,SABSL,47,1,10,545.00,"5,450.00"
2019-12-30,2019123001006159,SABSL,7,45,10,538.00,"5,380.00"
2019-12-30,2019123001006082,SABSL,7,46,10,538.00,"5,380.00"
2019-12-30,2019123001006081,SABSL,28,46,20,539.00,"10,780.00"
2019-12-30,2019123001006433,SANIMA,57,47,100,313.00,"31,300.00"
2019-12-30,2019123001006146,SANIMA,55,33,200,312.00,"62,400.00"
2019-12-30,2019123001006145,SANIMA,55,33,100,312.00,"31,200.00"
2019-12-30,2019123001006040,SANIMA,55,25,200,312.00,"62,400.00"
2019-12-30,2019123001006468,SBI,57,57,90,352.00,"31,680.00"
2019-12-30,2019123001006379,SBI,59,57,10,352.00,"3,520.00"
2019-12-30,2019123001006167,SBI,16,37,188,352.00,"66,176.00"
2019-12-30,2019123001006524,SBL,16,28,500,284.00,"142,000.00"
2019-12-30,2019123001006194,SBL,16,28,120,284.00,"34,080.00"
2019-12-30,2019123001006467,SCB,5,17,460,535.00,"246,100.00"
2019-12-30,2019123001006466,SCB,5,14,92,534.00,"49,128.00"
2019-12-30,2019123001006465,SCB,5,41,100,534.00,"53,400.00"
2019-12-30,2019123001006464,SCB,5,52,50,533.00,"26,650.00"
2019-12-30,2019123001006463,SCB,5,4,14,533.00,"7,462.00"
2019-12-30,2019123001006462,SCB,5,39,74,533.00,"39,442.00"
2019-12-30,2019123001006421,SCB,5,6,60,531.00,"31,860.00"
2019-12-30,2019123001006461,SCB,5,25,210,533.00,"111,930.00"
2019-12-30,2019123001006426,SCB,5,39,26,533.00,"13,858.00"
2019-12-30,2019123001006425,SCB,5,41,10,533.00,"5,330.00"
2019-12-30,2019123001006424,SCB,5,29,294,532.00,"156,408.00"
2019-12-30,2019123001006423,SCB,5,41,60,532.00,"31,920.00"
2019-12-30,2019123001006422,SCB,5,11,30,532.00,"15,960.00"
2019-12-30,2019123001006532,SHIVM,5,58,10,470.00,"4,700.00"
2019-12-30,2019123001006455,SHIVM,41,55,420,469.00,"196,980.00"
2019-12-30,2019123001006434,SHIVM,5,58,31,470.00,"14,570.00"
2019-12-30,2019123001006430,SHIVM,33,58,10,470.00,"4,700.00"
2019-12-30,2019123001006429,SHIVM,33,34,10,470.00,"4,700.00"
2019-12-30,2019123001006428,SHIVM,33,53,50,470.00,"23,500.00"
2019-12-30,2019123001006083,SHIVM,22,38,110,470.00,"51,700.00"
2019-12-30,2019123001006052,SHIVM,56,55,50,468.00,"23,400.00"
2019-12-30,2019123001006043,SHIVM,49,35,800,469.00,"375,200.00"
2019-12-30,2019123001006166,SHIVM,5,21,30,470.00,"14,100.00"
2019-12-30,2019123001006130,SHIVM,40,37,200,470.00,"94,000.00"
2019-12-30,2019123001006089,SHIVM,40,48,100,470.00,"47,000.00"
2019-12-30,2019123001006088,SHIVM,40,42,100,470.00,"47,000.00"
2019-12-30,2019123001006087,SHIVM,40,4,25,470.00,"11,750.00"
2019-12-30,2019123001006084,SHIVM,22,4,390,470.00,"183,300.00"
2019-12-30,2019123001006360,SHIVM,5,34,10,470.00,"4,700.00"
2019-12-30,2019123001006214,SHIVM,49,55,100,471.00,"47,100.00"
2019-12-30,2019123001006174,SHIVM,26,45,13,472.00,"6,136.00"
2019-12-30,2019123001006173,SHIVM,26,38,80,472.00,"37,760.00"
2019-12-30,2019123001006172,SHIVM,26,25,50,472.00,"23,600.00"
2019-12-30,2019123001006171,SHIVM,26,19,337,471.00,"158,727.00"
2019-12-30,2019123001006427,SHPC,58,11,200,169.00,"33,800.00"
2019-12-30,2019123001006273,SHPC,58,34,50,168.00,"8,400.00"
2019-12-30,2019123001006202,SICL,38,13,14,856.00,"11,984.00"
2019-12-30,2019123001006158,SIL,52,34,112,412.00,"46,144.00"
2019-12-30,2019123001006104,SIL,55,34,85,413.00,"35,105.00"
2019-12-30,2019123001006103,SIL,55,50,15,412.00,"6,180.00"
2019-12-30,2019123001006486,SINDU,34,29,150,132.00,"19,800.00"
2019-12-30,2019123001006485,SINDU,11,29,25,132.00,"3,300.00"
2019-12-30,2019123001006484,SINDU,52,29,188,132.00,"24,816.00"
2019-12-30,2019123001006381,SINDU,46,29,200,133.00,"26,600.00"
2019-12-30,2019123001006499,SJCL,7,45,20,154.00,"3,080.00"
2019-12-30,2019123001006382,SJCL,7,38,20,154.00,"3,080.00"
2019-12-30,2019123001006157,SJCL,5,50,500,155.00,"77,500.00"
2019-12-30,2019123001006156,SJCL,5,46,20,155.00,"3,100.00"
2019-12-30,2019123001006310,SJCL,17,45,20,154.00,"3,080.00"
2019-12-30,2019123001006185,SJCL,17,17,20,154.00,"3,080.00"
2019-12-30,2019123001006175,SJCL,17,45,20,154.00,"3,080.00"
2019-12-30,2019123001006490,SKBBL,6,7,100,787.00,"78,700.00"
2019-12-30,2019123001006165,SKBBL,19,11,43,787.00,"33,841.00"
2019-12-30,2019123001006143,SKBBL,19,11,50,787.00,"39,350.00"
2019-12-30,2019123001006142,SKBBL,19,35,50,787.00,"39,350.00"
2019-12-30,2019123001006064,SKBBL,57,11,33,787.00,"25,971.00"
2019-12-30,2019123001006451,SLICL,50,4,300,307.00,"92,100.00"
2019-12-30,2019123001006375,SLICL,58,1,100,307.00,"30,700.00"
2019-12-30,2019123001006334,SLICL,52,36,178,306.00,"54,468.00"
2019-12-30,2019123001006318,SLICL,52,36,300,306.00,"91,800.00"
2019-12-30,2019123001006260,SLICL,52,22,200,306.00,"61,200.00"
2019-12-30,2019123001006160,SLICL,50,43,32,307.00,"9,824.00"
2019-12-30,2019123001006350,SMFBS,6,34,495,882.00,"436,590.00"
2019-12-30,2019123001006349,SMFBS,39,34,10,882.00,"8,820.00"
2019-12-30,2019123001006348,SMFBS,36,34,20,883.00,"17,660.00"
2019-12-30,2019123001006347,SMFBS,48,34,20,884.00,"17,680.00"
2019-12-30,2019123001006346,SMFBS,46,34,40,885.00,"35,400.00"
2019-12-30,2019123001006345,SMFBS,34,34,25,885.00,"22,125.00"
2019-12-30,2019123001006344,SMFBS,35,34,40,886.00,"35,440.00"
2019-12-30,2019123001006191,SMFDB,45,10,20,652.00,"13,040.00"
2019-12-30,2019123001006220,SPDL,29,17,10,87.00,870.00
2019-12-30,2019123001006197,SRBL,42,42,200,216.00,"43,200.00"
2019-12-30,2019123001006528,STC,7,4,20,"1,980.00","39,600.00"
2019-12-30,2019123001006419,STC,17,4,40,"1,980.00","79,200.00"
2019-12-30,2019123001006339,STC,45,5,10,"1,965.00","19,650.00"
2019-12-30,2019123001006284,STC,45,3,50,"1,975.00","98,750.00"
2019-12-30,2019123001006283,STC,29,3,100,"1,975.00","197,500.00"
2019-12-30,2019123001006282,STC,51,3,50,"1,980.00","99,000.00"
2019-12-30,2019123001006215,STC,39,52,50,"1,991.00","99,550.00"
2019-12-30,2019123001006058,STC,39,58,50,"2,000.00","100,000.00"
2019-12-30,2019123001006259,STC,59,5,10,"1,980.00","19,800.00"
2019-12-30,2019123001006222,STC,45,58,150,"2,000.00","300,000.00"
2019-12-30,2019123001006219,STC,59,52,500,"1,985.00","992,500.00"
2019-12-30,2019123001006218,STC,53,52,100,"1,987.00","198,700.00"
2019-12-30,2019123001006217,STC,52,52,200,"1,988.00","397,600.00"
2019-12-30,2019123001006216,STC,45,52,50,"1,990.00","99,500.00"
2019-12-30,2019123001006488,TRH,45,38,200,263.00,"52,600.00"
2019-12-30,2019123001006439,UIC,55,36,100,295.00,"29,500.00"
2019-12-30,2019123001006193,UMHL,39,17,10,101.00,"1,010.00"
2019-12-30,2019123001006413,UPPER,45,36,146,233.00,"34,018.00"
2019-12-30,2019123001006385,UPPER,45,38,30,233.00,"6,990.00"
2019-12-30,2019123001006384,UPPER,5,38,10,233.00,"2,330.00"
2019-12-30,2019123001006372,UPPER,45,45,3,230.00,690.00
2019-12-30,2019123001006343,UPPER,5,20,50,233.00,"11,650.00"
2019-12-30,2019123001006092,UPPER,7,16,50,234.00,"11,700.00"
2019-12-30,2019123001006041,UPPER,10,10,279,234.00,"65,286.00"
2019-12-30,2019123001006258,UPPER,5,20,50,233.00,"11,650.00"
2019-12-30,2019123001006184,UPPER,55,45,40,234.00,"9,360.00"
2019-12-30,2019123001006094,UPPER,55,16,51,234.00,"11,934.00"
2019-12-30,2019123001006093,UPPER,7,16,50,234.00,"11,700.00"
2019-12-30,2019123001005598,ADBL,49,45,25,365.00,"9,125.00"
2019-12-30,2019123001005575,ADBL,57,45,20,365.00,"7,300.00"
2019-12-30,2019123001005553,ADBL,57,45,10,365.00,"3,650.00"
2019-12-30,2019123001006020,AKJCL,20,55,20,59.00,"1,180.00"
2019-12-30,2019123001005682,AKJCL,43,51,180,60.00,"10,800.00"
2019-12-30,2019123001005674,AKJCL,43,51,"1,600",60.00,"96,000.00"
2019-12-30,2019123001005653,AKJCL,43,35,20,60.00,"1,200.00"
2019-12-30,2019123001005889,AKPL,55,35,13,110.00,"1,430.00"
2019-12-30,2019123001005730,AKPL,25,6,12,112.00,"1,344.00"
2019-12-30,2019123001005970,ALICL,17,37,280,376.00,"105,280.00"
2019-12-30,2019123001005778,ALICL,17,33,220,376.00,"82,720.00"
2019-12-30,2019123001005634,ALICL,50,42,21,375.00,"7,875.00"
2019-12-30,2019123001005633,ALICL,58,42,100,375.00,"37,500.00"
2019-12-30,2019123001005632,ALICL,57,42,229,376.00,"86,104.00"
2019-12-30,2019123001005644,API,25,22,200,107.00,"21,400.00"
2019-12-30,2019123001005600,API,36,25,300,105.00,"31,500.00"
2019-12-30,2019123001005599,API,45,25,"1,000",105.00,"105,000.00"
2019-12-30,2019123001005872,BOKL,13,13,200,213.00,"42,600.00"
2019-12-30,2019123001006029,BPCL,51,6,39,303.00,"11,817.00"
2019-12-30,2019123001005904,BPCL,51,35,22,303.00,"6,666.00"
2019-12-30,2019123001005845,BPCL,1,6,11,304.00,"3,344.00"
2019-12-30,2019123001005783,BPCL,13,45,200,303.00,"60,600.00"
2019-12-30,2019123001005782,BPCL,14,45,82,303.00,"24,846.00"
2019-12-30,2019123001005781,BPCL,38,45,18,303.00,"5,454.00"
2019-12-30,2019123001005701,CBBL,19,29,50,790.00,"39,500.00"
2019-12-30,2019123001005654,CBBL,34,44,80,788.00,"63,040.00"
2019-12-30,2019123001005643,CBBL,34,44,200,788.00,"157,600.00"
2019-12-30,2019123001005584,CBBL,34,34,50,788.00,"39,400.00"
2019-12-30,2019123001005583,CBBL,34,19,500,788.00,"394,000.00"
2019-12-30,2019123001005797,CBL,32,38,11,135.00,"1,485.00"
2019-12-30,2019123001005681,CBL,22,43,100,136.00,"13,600.00"
2019-12-30,2019123001005903,CCBL,51,52,10,164.00,"1,640.00"
2019-12-30,2019123001005768,CCBL,28,5,15,163.00,"2,445.00"
2019-12-30,2019123001005752,CCBL,28,5,74,163.00,"12,062.00"
2019-12-30,2019123001005751,CCBL,22,5,220,163.00,"35,860.00"
2019-12-30,2019123001005750,CCBL,17,5,50,163.00,"8,150.00"
2019-12-30,2019123001005749,CCBL,32,5,686,163.00,"111,818.00"
2019-12-30,2019123001005712,CCBL,32,57,11,163.00,"1,793.00"
2019-12-30,2019123001005664,CCBL,22,52,100,164.00,"16,400.00"
2019-12-30,2019123001005695,CHCL,25,6,20,359.00,"7,180.00"
2019-12-30,2019123001005694,CHCL,25,21,180,357.00,"64,260.00"
2019-12-30,2019123001005693,CHCL,25,21,20,357.00,"7,140.00"
2019-12-30,2019123001005692,CHCL,25,17,48,356.00,"17,088.00"
2019-12-30,2019123001005987,CIT,32,37,90,"2,090.00","188,100.00"
2019-12-30,2019123001005686,CIT,1,58,100,"2,090.00","209,000.00"
2019-12-30,2019123001005685,CIT,1,49,100,"2,089.00","208,900.00"
2019-12-30,2019123001005640,CIT,34,49,400,"2,089.00","835,600.00"
2019-12-30,2019123001005639,CIT,34,14,100,"2,088.00","208,800.00"
2019-12-30,2019123001005954,CLBSL,38,35,11,541.00,"5,951.00"
2019-12-30,2019123001006000,CZBIL,25,6,39,181.00,"7,059.00"
2019-12-30,2019123001005876,CZBIL,29,6,96,181.00,"17,376.00"
2019-12-30,2019123001005831,CZBIL,22,6,100,181.00,"18,100.00"
2019-12-30,2019123001005813,CZBIL,1,45,10,182.00,"1,820.00"
2019-12-30,2019123001005780,DBBL,46,50,55,137.00,"7,535.00"
2019-12-30,2019123001005779,DBBL,46,25,45,137.00,"6,165.00"
2019-12-30,2019123001006028,DDBL,35,45,500,858.00,"429,000.00"
2019-12-30,2019123001006032,EBL,22,41,100,521.00,"52,100.00"
2019-12-30,2019123001005989,EBL,22,32,48,521.00,"25,008.00"
2019-12-30,2019123001005976,EBL,5,32,152,521.00,"79,192.00"
2019-12-30,2019123001005975,EBL,5,13,348,521.00,"181,308.00"
2019-12-30,2019123001005962,EBL,5,36,500,520.00,"260,000.00"
2019-12-30,2019123001005815,EBL,22,52,50,519.00,"25,950.00"
2019-12-30,2019123001005814,EBL,32,52,200,519.00,"103,800.00"
2019-12-30,2019123001005657,EBL,45,57,250,519.00,"129,750.00"
2019-12-30,2019123001005656,EBL,55,57,200,519.00,"103,800.00"
2019-12-30,2019123001005655,EBL,6,57,151,519.00,"78,369.00"
2019-12-30,2019123001005596,EBL,6,11,359,519.00,"186,321.00"
2019-12-30,2019123001005869,EDBL,48,49,10,293.00,"2,930.00"
2019-12-30,2019123001005909,EIC,6,48,400,275.00,"110,000.00"
2019-12-30,2019123001005908,EIC,6,36,100,275.00,"27,500.00"
2019-12-30,2019123001005700,EIC,6,6,100,275.00,"27,500.00"
2019-12-30,2019123001005699,EIC,6,45,95,275.00,"26,125.00"
2019-12-30,2019123001005595,EIC,36,45,310,275.00,"85,250.00"
2019-12-30,2019123001005877,FMDBL,16,34,500,317.00,"158,500.00"
2019-12-30,2019123001005988,FOWAD,7,38,19,"1,394.00","26,486.00"
2019-12-30,2019123001005796,FOWAD,19,45,87,"1,394.00","121,278.00"
2019-12-30,2019123001005795,FOWAD,45,45,10,"1,394.00","13,940.00"
2019-12-30,2019123001005652,FOWAD,19,46,13,"1,394.00","18,122.00"
2019-12-30,2019123001005555,FOWAD,45,17,22,"1,394.00","30,668.00"
2019-12-30,2019123001005603,GBBL,46,1,160,201.00,"32,160.00"
2019-12-30,2019123001005873,GFCL,32,42,881,135.00,"118,935.00"
2019-12-30,2019123001005562,GFCL,41,56,250,135.00,"33,750.00"
2019-12-30,2019123001005561,GFCL,26,56,200,135.00,"27,000.00"
2019-12-30,2019123001005560,GFCL,42,56,50,135.00,"6,750.00"
2019-12-30,2019123001006019,GLBSL,39,7,100,438.00,"43,800.00"
2019-12-30,2019123001006018,GLBSL,19,7,30,438.00,"13,140.00"
2019-12-30,2019123001006017,GLBSL,49,7,50,438.00,"21,900.00"
2019-12-30,2019123001006016,GLBSL,1,7,40,438.00,"17,520.00"
2019-12-30,2019123001006015,GLBSL,44,7,50,438.00,"21,900.00"
2019-12-30,2019123001006009,GLBSL,17,22,40,440.00,"17,600.00"
2019-12-30,2019123001005893,GLICL,40,39,282,465.00,"131,130.00"
2019-12-30,2019123001006037,GRDBL,22,44,30,103.00,"3,090.00"
2019-12-30,2019123001006004,GRDBL,22,44,30,103.00,"3,090.00"
2019-12-30,2019123001005846,GRDBL,46,49,200,102.00,"20,400.00"
2019-12-30,2019123001006023,HBL,11,39,65,505.00,"32,825.00"
2019-12-30,2019123001005994,HDL,55,58,475,"1,250.00","593,750.00"
2019-12-30,2019123001005951,HDL,48,58,25,"1,250.00","31,250.00"
2019-12-30,2019123001005812,HDL,45,54,175,"1,250.00","218,750.00"
2019-12-30,2019123001005801,HDL,48,54,25,"1,250.00","31,250.00"
2019-12-30,2019123001005704,HDL,38,58,100,"1,249.00","124,900.00"
2019-12-30,2019123001005702,HDL,38,1,200,"1,249.00","249,800.00"
2019-12-30,2019123001005637,HDL,38,58,10,"1,247.00","12,470.00"
2019-12-30,2019123001005636,HDL,38,58,30,"1,247.00","37,410.00"
2019-12-30,2019123001005670,HDL,45,19,20,"1,255.00","25,100.00"
2019-12-30,2019123001005669,HDL,45,50,450,"1,250.00","562,500.00"
2019-12-30,2019123001005668,HDL,45,54,200,"1,249.00","249,800.00"
2019-12-30,2019123001005667,HDL,45,45,100,"1,249.00","124,900.00"
2019-12-30,2019123001005647,HDL,21,58,200,"1,249.00","249,800.00"
2019-12-30,2019123001005638,HDL,38,16,200,"1,248.00","249,600.00"
2019-12-30,2019123001005936,HGI,36,11,90,289.00,"26,010.00"
2019-12-30,2019123001005676,HGI,36,25,100,289.00,"28,900.00"
2019-12-30,2019123001005642,HGI,36,1,50,289.00,"14,450.00"
2019-12-30,2019123001005604,HGI,36,52,117,289.00,"33,813.00"
2019-12-30,2019123001005906,HIDCL,52,22,200,144.00,"28,800.00"
2019-12-30,2019123001005905,HIDCL,47,22,45,144.00,"6,480.00"
2019-12-30,2019123001005852,HPPL,45,49,20,137.00,"2,740.00"
2019-12-30,2019123001005851,HPPL,53,49,20,137.00,"2,740.00"
2019-12-30,2019123001005789,HURJA,58,49,20,102.00,"2,040.00"
2019-12-30,2019123001005788,HURJA,58,36,20,102.00,"2,040.00"
2019-12-30,2019123001005787,HURJA,58,16,20,102.00,"2,040.00"
2019-12-30,2019123001005934,ILBS,33,29,10,527.00,"5,270.00"
2019-12-30,2019123001005933,ILBS,33,34,120,527.00,"63,240.00"
2019-12-30,2019123001005901,ILBS,28,34,80,527.00,"42,160.00"
2019-12-30,2019123001005900,ILBS,28,59,100,526.00,"52,600.00"
2019-12-30,2019123001005899,ILBS,28,52,30,525.00,"15,750.00"
2019-12-30,2019123001005832,ILBS,46,52,20,525.00,"10,500.00"
2019-12-30,2019123001005777,ILBS,39,22,10,520.00,"5,200.00"
2019-12-30,2019123001005811,JBBL,17,51,646,166.00,"107,236.00"
2019-12-30,2019123001005697,JOSHI,6,4,20,61.00,"1,220.00"
2019-12-30,2019123001005798,KADBL,4,4,20,238.00,"4,760.00"
2019-12-30,2019123001005689,KADBL,5,14,555,235.00,"130,425.00"
2019-12-30,2019123001005680,KADBL,5,4,90,232.00,"20,880.00"
2019-12-30,2019123001005678,KADBL,5,42,500,230.00,"115,000.00"
2019-12-30,2019123001005677,KADBL,5,26,54,230.00,"12,420.00"
2019-12-30,2019123001006027,KBL,42,6,100,177.00,"17,700.00"
2019-12-30,2019123001006026,KBL,8,6,10,177.00,"1,770.00"
2019-12-30,2019123001005821,KBL,8,6,90,177.00,"15,930.00"
2019-12-30,2019123001005820,KBL,33,6,100,177.00,"17,700.00"
2019-12-30,2019123001005819,KBL,50,6,10,177.00,"1,770.00"
2019-12-30,2019123001005888,KSBBL,26,29,135,137.00,"18,495.00"
2019-12-30,2019123001005880,KSBBL,26,58,75,137.00,"10,275.00"
2019-12-30,2019123001005850,KSBBL,26,32,90,137.00,"12,330.00"
2019-12-30,2019123001005849,KSBBL,55,32,10,137.00,"1,370.00"
2019-12-30,2019123001005939,LBBL,1,55,500,193.00,"96,500.00"
2019-12-30,2019123001005554,LBBL,54,45,100,192.00,"19,200.00"
2019-12-30,2019123001005800,LBL,1,46,64,190.00,"12,160.00"
2019-12-30,2019123001005955,LGIL,25,14,200,335.00,"67,000.00"
2019-12-30,2019123001005891,LGIL,25,25,17,334.00,"5,678.00"
2019-12-30,2019123001005745,LICN,19,17,25,"1,089.00","27,225.00"
2019-12-30,2019123001005666,LICN,25,17,11,"1,089.00","11,979.00"
2019-12-30,2019123001005665,LICN,25,56,28,"1,088.00","30,464.00"
2019-12-30,2019123001006024,LLBS,50,10,100,664.00,"66,400.00"
2019-12-30,2019123001006014,MBL,8,45,990,215.00,"212,850.00"
2019-12-30,2019123001005802,MEGA,57,57,75,184.00,"13,800.00"
2019-12-30,2019123001005722,MEGA,35,1,100,183.00,"18,300.00"
2019-12-30,2019123001005721,MEGA,35,1,100,183.00,"18,300.00"
2019-12-30,2019123001005720,MEGA,35,1,100,183.00,"18,300.00"
2019-12-30,2019123001005719,MEGA,35,44,"1,500",183.00,"274,500.00"
2019-12-30,2019123001005718,MEGA,35,55,146,183.00,"26,718.00"
2019-12-30,2019123001005602,MEGA,28,36,100,182.00,"18,200.00"
2019-12-30,2019123001005601,MEGA,28,26,500,182.00,"91,000.00"
2019-12-30,2019123001005630,MERO,51,28,10,445.00,"4,450.00"
2019-12-30,2019123001006005,MFIL,20,1,150,143.00,"21,450.00"
2019-12-30,2019123001005931,MFIL,20,1,700,143.00,"100,100.00"
2019-12-30,2019123001005930,MFIL,20,6,150,143.00,"21,450.00"
2019-12-30,2019123001005582,MFIL,19,36,602,142.00,"85,484.00"
2019-12-30,2019123001005998,MLBBL,50,16,85,538.00,"45,730.00"
2019-12-30,2019123001005997,MLBBL,17,16,15,539.00,"8,085.00"
2019-12-30,2019123001005980,MLBBL,34,56,17,540.00,"9,180.00"
2019-12-30,2019123001005979,MLBBL,22,56,12,540.00,"6,480.00"
2019-12-30,2019123001005898,MLBBL,48,32,100,541.00,"54,100.00"
2019-12-30,2019123001005621,MLBBL,22,37,28,540.00,"15,120.00"
2019-12-30,2019123001005605,MLBBL,50,37,60,542.00,"32,520.00"
2019-12-30,2019123001005663,MLBL,7,59,60,170.00,"10,200.00"
2019-12-30,2019123001005662,MLBL,32,59,500,170.00,"85,000.00"
2019-12-30,2019123001005661,MLBL,52,59,100,170.00,"17,000.00"
2019-12-30,2019123001005660,MLBL,28,59,200,170.00,"34,000.00"
2019-12-30,2019123001005659,MLBL,47,59,140,171.00,"23,940.00"
2019-12-30,2019123001005932,NABIL,40,53,200,675.00,"135,000.00"
2019-12-30,2019123001005950,NADEP,45,19,135,486.00,"65,610.00"
2019-12-30,2019123001005949,NADEP,45,21,200,486.00,"97,200.00"
2019-12-30,2019123001005948,NADEP,45,6,10,486.00,"4,860.00"
2019-12-30,2019123001005947,NADEP,45,59,100,486.00,"48,600.00"
2019-12-30,2019123001005946,NADEP,45,1,200,485.00,"97,000.00"
2019-12-30,2019123001005945,NADEP,45,43,200,484.00,"96,800.00"
2019-12-30,2019123001005648,NADEP,16,17,200,481.00,"96,200.00"
2019-12-30,2019123001005607,NADEP,38,13,200,480.00,"96,000.00"
2019-12-30,2019123001005651,NADEP,16,32,128,484.00,"61,952.00"
2019-12-30,2019123001005650,NADEP,16,43,22,484.00,"10,648.00"
2019-12-30,2019123001005649,NADEP,16,18,150,483.00,"72,450.00"
2019-12-30,2019123001005944,NADEP,45,32,72,484.00,"34,848.00"
2019-12-30,2019123001005943,NADEP,45,48,43,483.00,"20,769.00"
2019-12-30,2019123001005942,NADEP,45,6,40,482.00,"19,280.00"
2019-12-30,2019123001005938,NADEP,45,6,20,482.00,"9,640.00"
2019-12-30,2019123001005879,NADEP,26,41,10,480.00,"4,800.00"
2019-12-30,2019123001005878,NADEP,26,54,140,480.00,"67,200.00"
2019-12-30,2019123001006013,NBB,29,41,282,185.00,"52,170.00"
2019-12-30,2019123001006012,NBB,29,53,700,185.00,"129,500.00"
2019-12-30,2019123001006011,NBB,29,19,200,185.00,"37,000.00"
2019-12-30,2019123001006010,NBB,29,35,318,185.00,"58,830.00"
2019-12-30,2019123001005887,NBB,41,35,500,185.00,"92,500.00"
2019-12-30,2019123001005827,NBB,57,35,10,185.00,"1,850.00"
2019-12-30,2019123001005984,NBL,19,44,931,264.00,"245,784.00"
2019-12-30,2019123001005983,NBL,19,36,100,264.00,"26,400.00"
2019-12-30,2019123001005982,NBL,19,13,500,264.00,"132,000.00"
2019-12-30,2019123001005981,NBL,19,34,469,264.00,"123,816.00"
2019-12-30,2019123001005580,NBL,57,34,10,264.00,"2,640.00"
2019-12-30,2019123001005794,NGPL,49,19,539,109.00,"58,751.00"
2019-12-30,2019123001005793,NGPL,39,19,100,109.00,"10,900.00"
2019-12-30,2019123001005792,NGPL,45,19,500,109.00,"54,500.00"
2019-12-30,2019123001005791,NGPL,13,19,167,109.00,"18,203.00"
2019-12-30,2019123001005790,NGPL,39,19,200,110.00,"22,000.00"
2019-12-30,2019123001005937,NIB,55,56,500,388.00,"194,000.00"
2019-12-30,2019123001005810,NIB,44,53,500,388.00,"194,000.00"
2019-12-30,2019123001005786,NIB,58,53,400,387.00,"154,800.00"
2019-12-30,2019123001006035,NICL,58,13,10,301.00,"3,010.00"
2019-12-30,2019123001005999,NIL,51,34,100,415.00,"41,500.00"
2019-12-30,2019123001005971,NIL,37,41,500,414.00,"207,000.00"
2019-12-30,2019123001005892,NLG,54,49,20,605.00,"12,100.00"
2019-12-30,2019123001005774,NLG,25,49,155,605.00,"93,775.00"
2019-12-30,2019123001005773,NLG,25,39,45,602.00,"27,090.00"
2019-12-30,2019123001005772,NLG,25,16,500,602.00,"301,000.00"
2019-12-30,2019123001005683,NLG,13,17,90,595.00,"53,550.00"
2019-12-30,2019123001006038,NLIC,32,11,50,979.00,"48,950.00"
2019-12-30,2019123001005929,NLIC,34,16,100,980.00,"98,000.00"
2019-12-30,2019123001005928,NLIC,34,6,35,980.00,"34,300.00"
2019-12-30,2019123001005927,NLIC,34,25,25,980.00,"24,500.00"
2019-12-30,2019123001005926,NLIC,34,39,300,980.00,"294,000.00"
2019-12-30,2019123001005925,NLIC,34,6,45,980.00,"44,100.00"
2019-12-30,2019123001005626,NLIC,51,56,60,971.00,"58,260.00"
2019-12-30,2019123001005625,NLIC,34,56,25,972.00,"24,300.00"
2019-12-30,2019123001005581,NLIC,3,56,10,974.00,"9,740.00"
2019-12-30,2019123001005736,NLIC,6,1,31,974.00,"30,194.00"
2019-12-30,2019123001005735,NLIC,6,56,79,974.00,"76,946.00"
2019-12-30,2019123001005691,NLIC,57,56,11,974.00,"10,714.00"
2019-12-30,2019123001005645,NLIC,44,56,35,970.00,"33,950.00"
2019-12-30,2019123001005628,NLIC,14,56,500,971.00,"485,500.00"
2019-12-30,2019123001005627,NLIC,22,56,100,971.00,"97,100.00"
2019-12-30,2019123001005841,NLIC,34,35,20,975.00,"19,500.00"
2019-12-30,2019123001005840,NLIC,34,17,500,975.00,"487,500.00"
2019-12-30,2019123001005839,NLIC,34,11,50,974.00,"48,700.00"
2019-12-30,2019123001005838,NLIC,57,59,22,973.00,"21,406.00"
2019-12-30,2019123001005805,NLIC,57,16,25,973.00,"24,325.00"
2019-12-30,2019123001005799,NLIC,54,52,100,974.00,"97,400.00"
2019-12-30,2019123001005912,NLIC,34,43,500,976.00,"488,000.00"
2019-12-30,2019123001005911,NLIC,34,38,188,976.00,"183,488.00"
2019-12-30,2019123001005847,NLIC,34,43,50,975.00,"48,750.00"
2019-12-30,2019123001005844,NLIC,34,43,450,975.00,"438,750.00"
2019-12-30,2019123001005843,NLIC,34,6,40,975.00,"39,000.00"
2019-12-30,2019123001005842,NLIC,34,35,57,975.00,"55,575.00"
2019-12-30,2019123001005918,NLIC,34,17,500,979.00,"489,500.00"
2019-12-30,2019123001005917,NLIC,34,43,288,979.00,"281,952.00"
2019-12-30,2019123001005916,NLIC,34,25,141,979.00,"138,039.00"
2019-12-30,2019123001005915,NLIC,34,45,15,979.00,"14,685.00"
2019-12-30,2019123001005914,NLIC,34,34,"1,000",978.00,"978,000.00"
2019-12-30,2019123001005913,NLIC,34,52,500,977.00,"488,500.00"
2019-12-30,2019123001005924,NLIC,34,55,22,980.00,"21,560.00"
2019-12-30,2019123001005923,NLIC,34,28,86,980.00,"84,280.00"
2019-12-30,2019123001005922,NLIC,34,28,81,980.00,"79,380.00"
2019-12-30,2019123001005921,NLIC,34,45,100,980.00,"98,000.00"
2019-12-30,2019123001005920,NLIC,34,51,10,980.00,"9,800.00"
2019-12-30,2019123001005919,NLIC,34,55,20,980.00,"19,600.00"
2019-12-30,2019123001005935,NLICL,44,14,100,489.00,"48,900.00"
2019-12-30,2019123001005776,NLICL,25,4,15,492.00,"7,380.00"
2019-12-30,2019123001005729,NLICL,44,42,165,489.00,"80,685.00"
2019-12-30,2019123001006008,NMB,18,33,516,324.00,"167,184.00"
2019-12-30,2019123001006007,NMB,18,6,106,324.00,"34,344.00"
2019-12-30,2019123001006006,NMB,18,29,378,324.00,"122,472.00"
2019-12-30,2019123001005804,NMB,35,29,122,324.00,"39,528.00"
2019-12-30,2019123001005803,NMB,35,16,63,324.00,"20,412.00"
2019-12-30,2019123001005727,NMB,56,16,700,324.00,"226,800.00"
2019-12-30,2019123001005717,NMB,5,16,37,324.00,"11,988.00"
2019-12-30,2019123001005716,NMB,5,28,200,324.00,"64,800.00"
2019-12-30,2019123001005715,NMB,5,34,200,324.00,"64,800.00"
2019-12-30,2019123001005714,NMB,5,4,200,324.00,"64,800.00"
2019-12-30,2019123001005713,NMB,5,4,363,324.00,"117,612.00"
2019-12-30,2019123001005593,NMB,57,4,10,324.00,"3,240.00"
2019-12-30,2019123001005883,NMFBS,33,8,29,"1,240.00","35,960.00"
2019-12-30,2019123001005882,NMFBS,33,14,65,"1,239.00","80,535.00"
2019-12-30,2019123001005881,NMFBS,33,39,20,"1,231.00","24,620.00"
2019-12-30,2019123001005996,NNLB,51,19,500,500.00,"250,000.00"
2019-12-30,2019123001005991,NNLB,44,57,362,498.00,"180,276.00"
2019-12-30,2019123001005990,NNLB,25,57,38,498.00,"18,924.00"
2019-12-30,2019123001005940,NSEWA,16,1,100,510.00,"51,000.00"
2019-12-30,2019123001005635,NSEWA,44,26,10,504.00,"5,040.00"
2019-12-30,2019123001005594,NSEWA,19,57,10,511.00,"5,110.00"
2019-12-30,2019123001005775,NTC,6,34,200,658.00,"131,600.00"
2019-12-30,2019123001005606,NTC,6,42,30,658.00,"19,740.00"
2019-12-30,2019123001005737,OHL,7,46,100,444.00,"44,400.00"
2019-12-30,2019123001005671,OHL,5,7,150,450.00,"67,500.00"
2019-12-30,2019123001006022,PCBL,37,45,20,237.00,"4,740.00"
2019-12-30,2019123001005993,PCBL,42,17,845,236.00,"199,420.00"
2019-12-30,2019123001005969,PCBL,42,51,706,236.00,"166,616.00"
2019-12-30,2019123001005968,PCBL,22,51,10,236.00,"2,360.00"
2019-12-30,2019123001005967,PCBL,39,51,100,236.00,"23,600.00"
2019-12-30,2019123001005966,PCBL,38,51,240,236.00,"56,640.00"
2019-12-30,2019123001005965,PCBL,53,51,500,236.00,"118,000.00"
2019-12-30,2019123001005964,PCBL,48,51,500,236.00,"118,000.00"
2019-12-30,2019123001005963,PCBL,38,51,444,236.00,"104,784.00"
2019-12-30,2019123001005828,PIC,25,45,30,414.00,"12,420.00"
2019-12-30,2019123001005771,PIC,49,1,20,410.00,"8,200.00"
2019-12-30,2019123001005754,PIC,25,45,20,414.00,"8,280.00"
2019-12-30,2019123001005875,PICL,49,10,100,425.00,"42,500.00"
2019-12-30,2019123001005874,PICL,11,10,100,426.00,"42,600.00"
2019-12-30,2019123001005863,PICL,1,26,300,428.00,"128,400.00"
2019-12-30,2019123001005807,PICL,49,26,132,428.00,"56,496.00"
2019-12-30,2019123001005806,PICL,49,39,18,428.00,"7,704.00"
2019-12-30,2019123001005762,PICL,49,39,20,428.00,"8,560.00"
2019-12-30,2019123001005563,PICL,57,39,150,428.00,"64,200.00"
2019-12-30,2019123001006002,PLIC,35,53,50,369.00,"18,450.00"
2019-12-30,2019123001005816,PLIC,35,53,250,368.00,"92,000.00"
2019-12-30,2019123001005557,PLIC,35,19,297,365.00,"108,405.00"
2019-12-30,2019123001005556,PLIC,41,19,28,367.00,"10,276.00"
2019-12-30,2019123001005974,PRVU,26,13,415,224.00,"92,960.00"
2019-12-30,2019123001005897,PRVU,26,50,85,224.00,"19,040.00"
2019-12-30,2019123001005896,PRVU,51,50,915,224.00,"204,960.00"
2019-12-30,2019123001005864,PRVU,51,43,300,224.00,"67,200.00"
2019-12-30,2019123001005744,PRVU,51,38,665,224.00,"148,960.00"
2019-12-30,2019123001005743,PRVU,13,38,100,224.00,"22,400.00"
2019-12-30,2019123001005742,PRVU,14,38,235,224.00,"52,640.00"
2019-12-30,2019123001005902,RADHI,54,38,12,141.00,"1,692.00"
2019-12-30,2019123001005673,RBCL,38,25,10,"8,670.00","86,700.00"
2019-12-30,2019123001005579,RBCL,20,59,10,"8,500.00","85,000.00"
2019-12-30,2019123001005578,RBCL,3,59,10,"8,502.00","85,020.00"
2019-12-30,2019123001005574,RBCL,3,59,140,"8,502.00","1,190,280.00"
2019-12-30,2019123001005573,RBCL,14,59,10,"8,502.00","85,020.00"
2019-12-30,2019123001005572,RBCL,34,59,60,"8,510.00","510,600.00"
2019-12-30,2019123001005571,RBCL,3,59,20,"8,551.00","171,020.00"
2019-12-30,2019123001005570,RBCL,41,59,15,"8,551.00","128,265.00"
2019-12-30,2019123001005569,RBCL,52,59,10,"8,552.00","85,520.00"
2019-12-30,2019123001005568,RBCL,55,59,10,"8,553.00","85,530.00"
2019-12-30,2019123001005761,RBCLPO,3,25,20,"7,605.00","152,100.00"
2019-12-30,2019123001005760,RBCLPO,43,25,10,"7,605.00","76,050.00"
2019-12-30,2019123001005759,RBCLPO,3,25,20,"7,606.00","152,120.00"
2019-12-30,2019123001005758,RBCLPO,52,25,10,"7,607.00","76,070.00"
2019-12-30,2019123001005757,RBCLPO,28,25,10,"7,609.00","76,090.00"
2019-12-30,2019123001005756,RBCLPO,8,25,10,"7,610.00","76,100.00"
2019-12-30,2019123001005941,RHPL,22,38,40,169.00,"6,760.00"
2019-12-30,2019123001005784,RHPL,22,22,20,169.00,"3,380.00"
2019-12-30,2019123001005567,RHPL,22,34,40,169.00,"6,760.00"
2019-12-30,2019123001005961,RMDC,37,6,29,526.00,"15,254.00"
2019-12-30,2019123001005960,RMDC,47,6,16,526.00,"8,416.00"
2019-12-30,2019123001005748,SABSL,28,40,180,539.00,"97,020.00"
2019-12-30,2019123001005747,SABSL,1,40,20,539.00,"10,780.00"
2019-12-30,2019123001005746,SABSL,34,40,10,539.00,"5,390.00"
2019-12-30,2019123001005726,SABSL,13,1,110,540.00,"59,400.00"
2019-12-30,2019123001005865,SADBL,4,48,"2,000",143.00,"286,000.00"
2019-12-30,2019123001005679,SANIMA,55,1,200,312.00,"62,400.00"
2019-12-30,2019123001005622,SAPDBL,43,38,20,124.00,"2,480.00"
2019-12-30,2019123001005890,SBI,16,37,100,352.00,"35,200.00"
2019-12-30,2019123001005884,SBI,16,37,200,352.00,"70,400.00"
2019-12-30,2019123001005559,SBI,29,37,50,352.00,"17,600.00"
2019-12-30,2019123001005959,SBL,38,28,500,283.00,"141,500.00"
2019-12-30,2019123001005958,SBL,51,28,100,283.00,"28,300.00"
2019-12-30,2019123001005957,SBL,34,28,10,283.00,"2,830.00"
2019-12-30,2019123001005956,SBL,8,28,100,283.00,"28,300.00"
2019-12-30,2019123001005688,SBL,8,59,200,283.00,"56,600.00"
2019-12-30,2019123001005687,SBL,43,59,500,283.00,"141,500.00"
2019-12-30,2019123001005755,SCB,29,22,35,530.00,"18,550.00"
2019-12-30,2019123001005698,SCB,29,1,26,530.00,"13,780.00"
2019-12-30,2019123001005675,SCB,13,56,220,531.00,"116,820.00"
2019-12-30,2019123001005629,SHINE,55,16,204,231.00,"47,124.00"
2019-12-30,2019123001006031,SHIVM,56,52,50,468.00,"23,400.00"
2019-12-30,2019123001006030,SHIVM,56,52,150,468.00,"70,200.00"
2019-12-30,2019123001006021,SHIVM,56,35,50,468.00,"23,400.00"
2019-12-30,2019123001006001,SHIVM,16,35,200,469.00,"93,800.00"
2019-12-30,2019123001005995,SHIVM,16,4,85,470.00,"39,950.00"
2019-12-30,2019123001005992,SHIVM,16,45,20,470.00,"9,400.00"
2019-12-30,2019123001005540,SHIVM,56,41,10,472.00,"4,720.00"
2019-12-30,2019123001005539,SHIVM,28,38,500,471.00,"235,500.00"
2019-12-30,2019123001005546,SHIVM,56,48,300,472.00,"141,600.00"
2019-12-30,2019123001005545,SHIVM,56,45,100,472.00,"47,200.00"
2019-12-30,2019123001005544,SHIVM,56,57,100,472.00,"47,200.00"
2019-12-30,2019123001005543,SHIVM,56,39,100,472.00,"47,200.00"
2019-12-30,2019123001005542,SHIVM,56,39,100,472.00,"47,200.00"
2019-12-30,2019123001005541,SHIVM,56,21,100,472.00,"47,200.00"
2019-12-30,2019123001005564,SHIVM,56,25,50,473.00,"23,650.00"
2019-12-30,2019123001005551,SHIVM,56,36,50,473.00,"23,650.00"
2019-12-30,2019123001005550,SHIVM,56,21,50,473.00,"23,650.00"
2019-12-30,2019123001005549,SHIVM,56,38,500,473.00,"236,500.00"
2019-12-30,2019123001005548,SHIVM,56,14,500,472.00,"236,000.00"
2019-12-30,2019123001005547,SHIVM,56,58,25,472.00,"11,800.00"
2019-12-30,2019123001005588,SHIVM,49,51,100,474.00,"47,400.00"
2019-12-30,2019123001005587,SHIVM,49,25,100,474.00,"47,400.00"
2019-12-30,2019123001005586,SHIVM,49,22,100,474.00,"47,400.00"
2019-12-30,2019123001005585,SHIVM,49,52,200,474.00,"94,800.00"
2019-12-30,2019123001005576,SHIVM,45,29,500,474.00,"237,000.00"
2019-12-30,2019123001005566,SHIVM,56,57,100,473.00,"47,300.00"
2019-12-30,2019123001005609,SHIVM,36,44,50,475.00,"23,750.00"
2019-12-30,2019123001005608,SHIVM,36,57,100,475.00,"47,500.00"
2019-12-30,2019123001005597,SHIVM,37,57,200,475.00,"95,000.00"
2019-12-30,2019123001005592,SHIVM,45,57,200,475.00,"95,000.00"
2019-12-30,2019123001005591,SHIVM,45,19,200,475.00,"95,000.00"
2019-12-30,2019123001005590,SHIVM,45,48,100,475.00,"47,500.00"
2019-12-30,2019123001005615,SHIVM,36,38,500,475.00,"237,500.00"
2019-12-30,2019123001005614,SHIVM,36,57,100,475.00,"47,500.00"
2019-12-30,2019123001005613,SHIVM,36,38,50,475.00,"23,750.00"
2019-12-30,2019123001005612,SHIVM,36,22,200,475.00,"95,000.00"
2019-12-30,2019123001005611,SHIVM,36,40,100,475.00,"47,500.00"
2019-12-30,2019123001005610,SHIVM,36,5,100,475.00,"47,500.00"
2019-12-30,2019123001005623,SHIVM,29,34,70,475.00,"33,250.00"
2019-12-30,2019123001005620,SHIVM,37,34,30,475.00,"14,250.00"
2019-12-30,2019123001005619,SHIVM,37,53,170,475.00,"80,750.00"
2019-12-30,2019123001005618,SHIVM,56,38,50,473.00,"23,650.00"
2019-12-30,2019123001005617,SHIVM,33,53,500,475.00,"237,500.00"
2019-12-30,2019123001005616,SHIVM,36,53,300,475.00,"142,500.00"
2019-12-30,2019123001005672,SHIVM,56,16,200,475.00,"95,000.00"
2019-12-30,2019123001005658,SHIVM,44,39,300,474.00,"142,200.00"
2019-12-30,2019123001005646,SHIVM,8,38,500,475.00,"237,500.00"
2019-12-30,2019123001005641,SHIVM,44,26,200,474.00,"94,800.00"
2019-12-30,2019123001005631,SHIVM,49,19,70,475.00,"33,250.00"
2019-12-30,2019123001005624,SHIVM,29,19,30,475.00,"14,250.00"
2019-12-30,2019123001005734,SHIVM,8,42,150,474.00,"71,100.00"
2019-12-30,2019123001005725,SHIVM,8,49,50,474.00,"23,700.00"
2019-12-30,2019123001005724,SHIVM,33,49,400,474.00,"189,600.00"
2019-12-30,2019123001005723,SHIVM,49,49,50,474.00,"23,700.00"
2019-12-30,2019123001005703,SHIVM,49,40,50,474.00,"23,700.00"
2019-12-30,2019123001005690,SHIVM,49,53,100,474.00,"47,400.00"
2019-12-30,2019123001005809,SHIVM,56,45,50,471.00,"23,550.00"
2019-12-30,2019123001005808,SHIVM,56,38,110,471.00,"51,810.00"
2019-12-30,2019123001005785,SHIVM,56,38,80,471.00,"37,680.00"
2019-12-30,2019123001005767,SHIVM,56,47,200,471.00,"94,200.00"
2019-12-30,2019123001005764,SHIVM,56,38,25,471.00,"11,775.00"
2019-12-30,2019123001005753,SHIVM,56,7,365,473.00,"172,645.00"
2019-12-30,2019123001005830,SHIVM,56,38,70,471.00,"32,970.00"
2019-12-30,2019123001005829,SHIVM,16,38,45,471.00,"21,195.00"
2019-12-30,2019123001005826,SHIVM,16,38,110,471.00,"51,810.00"
2019-12-30,2019123001005822,SHIVM,56,29,100,472.00,"47,200.00"
2019-12-30,2019123001005818,SHIVM,16,38,45,471.00,"21,195.00"
2019-12-30,2019123001005817,SHIVM,56,38,35,471.00,"16,485.00"
2019-12-30,2019123001005870,SHIVM,56,37,70,470.00,"32,900.00"
2019-12-30,2019123001005837,SHIVM,53,37,300,470.00,"141,000.00"
2019-12-30,2019123001005836,SHIVM,34,37,100,470.00,"47,000.00"
2019-12-30,2019123001005835,SHIVM,50,37,100,470.00,"47,000.00"
2019-12-30,2019123001005834,SHIVM,16,37,150,470.00,"70,500.00"
2019-12-30,2019123001005833,SHIVM,56,37,280,471.00,"131,880.00"
2019-12-30,2019123001005986,SHIVM,56,45,80,470.00,"37,600.00"
2019-12-30,2019123001005985,SHIVM,56,38,110,470.00,"51,700.00"
2019-12-30,2019123001005973,SHIVM,56,38,110,470.00,"51,700.00"
2019-12-30,2019123001005972,SHIVM,56,38,100,470.00,"47,000.00"
2019-12-30,2019123001005886,SHIVM,1,19,58,471.00,"27,318.00"
2019-12-30,2019123001005871,SHIVM,56,58,170,470.00,"79,900.00"
2019-12-30,2019123001005711,SHL,52,57,430,183.00,"78,690.00"
2019-12-30,2019123001005710,SHL,52,43,300,183.00,"54,900.00"
2019-12-30,2019123001005709,SHL,52,14,500,182.00,"91,000.00"
2019-12-30,2019123001005708,SHPC,25,22,24,170.00,"4,080.00"
2019-12-30,2019123001005707,SHPC,25,48,100,169.00,"16,900.00"
2019-12-30,2019123001005706,SHPC,25,49,16,168.00,"2,688.00"
2019-12-30,2019123001005705,SHPC,25,25,90,168.00,"15,120.00"
2019-12-30,2019123001005953,SIL,54,55,50,405.00,"20,250.00"
2019-12-30,2019123001005952,SIL,49,55,50,408.00,"20,400.00"
2019-12-30,2019123001005766,SIL,25,34,20,413.00,"8,260.00"
2019-12-30,2019123001005977,SJCL,17,38,20,154.00,"3,080.00"
2019-12-30,2019123001005823,SJCL,17,22,20,154.00,"3,080.00"
2019-12-30,2019123001005765,SLBBL,45,21,770,557.00,"428,890.00"
2019-12-30,2019123001005741,SLBBL,45,7,50,556.00,"27,800.00"
2019-12-30,2019123001005740,SLBBL,45,38,35,555.00,"19,425.00"
2019-12-30,2019123001005739,SLBBL,45,47,240,554.00,"132,960.00"
2019-12-30,2019123001005738,SLBBL,45,29,206,553.00,"113,918.00"
2019-12-30,2019123001005848,SLICL,33,5,10,308.00,"3,080.00"
2019-12-30,2019123001005731,SLICL,50,46,580,307.00,"178,060.00"
2019-12-30,2019123001005728,SLICL,56,4,32,306.00,"9,792.00"
2019-12-30,2019123001005868,SMATA,22,53,20,525.00,"10,500.00"
2019-12-30,2019123001005867,SMATA,32,53,20,526.00,"10,520.00"
2019-12-30,2019123001005684,SPDL,29,4,107,86.00,"9,202.00"
2019-12-30,2019123001006003,SRBL,42,42,200,216.00,"43,200.00"
2019-12-30,2019123001005907,SRBL,34,13,73,215.00,"15,695.00"
2019-12-30,2019123001005866,SRBL,34,7,194,215.00,"41,710.00"
2019-12-30,2019123001006034,STC,35,58,50,"2,000.00","100,000.00"
2019-12-30,2019123001006033,STC,59,58,150,"2,001.00","300,150.00"
2019-12-30,2019123001005894,STC,44,50,100,"2,020.00","202,000.00"
2019-12-30,2019123001005885,STC,52,52,150,"2,019.00","302,850.00"
2019-12-30,2019123001005770,STC,52,3,50,"2,019.00","100,950.00"
2019-12-30,2019123001005769,STC,52,40,60,"2,019.00","121,140.00"
2019-12-30,2019123001005589,STC,39,3,50,"2,019.00","100,950.00"
2019-12-30,2019123001005577,STC,52,43,100,"2,019.00","201,900.00"
2019-12-30,2019123001005565,STC,52,40,100,"2,019.00","201,900.00"
2019-12-30,2019123001005558,STC,39,16,13,"2,019.00","26,247.00"
2019-12-30,2019123001005978,SWBBL,50,16,25,820.00,"20,500.00"
2019-12-30,2019123001005763,SWBBL,50,5,50,817.00,"40,850.00"
2019-12-30,2019123001005733,SWBBL,50,5,50,817.00,"40,850.00"
2019-12-30,2019123001006025,TMDBL,22,57,30,156.00,"4,680.00"
2019-12-30,2019123001005825,TMDBL,22,1,30,154.00,"4,620.00"
2019-12-30,2019123001005824,TMDBL,17,1,10,154.00,"1,540.00"
2019-12-30,2019123001005732,TRH,52,28,200,264.00,"52,800.00"
2019-12-30,2019123001006036,UIC,6,17,500,293.00,"146,500.00"
2019-12-30,2019123001005552,UNHPL,38,13,50,58.00,"2,900.00"
2019-12-30,2019123001005910,UPPER,7,39,50,234.00,"11,700.00"
2019-12-30,2019123001005895,UPPER,7,39,50,234.00,"11,700.00"
2019-12-30,2019123001005862,UPPER,35,14,48,235.00,"11,280.00"
2019-12-30,2019123001005861,UPPER,35,39,50,235.00,"11,750.00"
2019-12-30,2019123001005860,UPPER,35,39,40,235.00,"9,400.00"
2019-12-30,2019123001005859,UPPER,35,39,40,235.00,"9,400.00"
2019-12-30,2019123001005696,UPPER,25,35,42,235.00,"9,870.00"
2019-12-30,2019123001005858,UPPER,35,39,50,235.00,"11,750.00"
2019-12-30,2019123001005857,UPPER,35,39,50,235.00,"11,750.00"
2019-12-30,2019123001005856,UPPER,35,49,800,235.00,"188,000.00"
2019-12-30,2019123001005855,UPPER,35,5,40,235.00,"9,400.00"
2019-12-30,2019123001005854,UPPER,35,58,300,235.00,"70,500.00"
2019-12-30,2019123001005853,UPPER,35,35,97,235.00,"22,795.00"
2019-12-30,2019123001005453,ADBL,5,45,10,365.00,"3,650.00"
2019-12-30,2019123001005152,AKJCL,43,59,50,60.00,"3,000.00"
2019-12-30,2019123001005151,AKJCL,43,37,150,60.00,"9,000.00"
2019-12-30,2019123001005144,ALBSL,43,44,10,469.00,"4,690.00"
2019-12-30,2019123001005522,ALICL,55,16,100,378.00,"37,800.00"
2019-12-30,2019123001005448,ALICL,57,58,200,376.00,"75,200.00"
2019-12-30,2019123001005287,ALICL,35,16,100,378.00,"37,800.00"
2019-12-30,2019123001005229,ALICL,29,50,100,378.00,"37,800.00"
2019-12-30,2019123001005219,ALICL,29,46,400,378.00,"151,200.00"
2019-12-30,2019123001005068,ALICL,25,25,"1,000",378.00,"378,000.00"
2019-12-30,2019123001005446,BARUN,5,5,"1,204",83.00,"99,932.00"
2019-12-30,2019123001005405,BARUN,5,5,"1,204",83.00,"99,932.00"
2019-12-30,2019123001005389,BARUN,52,1,70,82.00,"5,740.00"
2019-12-30,2019123001005317,BBC,45,56,20,"1,692.00","33,840.00"
2019-12-30,2019123001005316,BBC,45,56,10,"1,690.00","16,900.00"
2019-12-30,2019123001005244,BBC,45,47,20,"1,685.00","33,700.00"
2019-12-30,2019123001005084,BOKL,52,13,150,213.00,"31,950.00"
2019-12-30,2019123001005083,BOKL,43,13,500,213.00,"106,500.00"
2019-12-30,2019123001005082,BOKL,10,13,52,213.00,"11,076.00"
2019-12-30,2019123001005081,BOKL,45,13,200,213.00,"42,600.00"
2019-12-30,2019123001005080,BOKL,13,13,300,213.00,"63,900.00"
2019-12-30,2019123001005079,BOKL,13,13,300,213.00,"63,900.00"
2019-12-30,2019123001005360,CBBL,33,29,500,789.00,"394,500.00"
2019-12-30,2019123001005117,CBBL,42,25,12,790.00,"9,480.00"
2019-12-30,2019123001005091,CBBL,42,45,48,790.00,"37,920.00"
2019-12-30,2019123001005073,CHL,59,39,300,95.00,"28,500.00"
2019-12-30,2019123001005222,CIT,34,56,100,"2,080.00","208,000.00"
2019-12-30,2019123001005201,CIT,34,10,100,"2,080.00","208,000.00"
2019-12-30,2019123001005153,CZBIL,13,17,269,180.00,"48,420.00"
2019-12-30,2019123001005085,CZBIL,13,17,337,180.00,"60,660.00"
2019-12-30,2019123001005050,CZBIL,4,19,50,181.00,"9,050.00"
2019-12-30,2019123001005245,DBBL,18,45,993,136.00,"135,048.00"
2019-12-30,2019123001005234,DBBL,4,25,455,137.00,"62,335.00"
2019-12-30,2019123001005233,DBBL,4,45,500,137.00,"68,500.00"
2019-12-30,2019123001005232,DBBL,4,45,"1,000",137.00,"137,000.00"
2019-12-30,2019123001005231,DBBL,4,38,550,137.00,"75,350.00"
2019-12-30,2019123001005230,DBBL,4,1,500,137.00,"68,500.00"
2019-12-30,2019123001005494,DDBL,47,53,450,859.00,"386,550.00"
2019-12-30,2019123001005470,DDBL,47,39,50,859.00,"42,950.00"
2019-12-30,2019123001005193,DDBL,58,5,100,858.00,"85,800.00"
2019-12-30,2019123001005114,DDBL,5,53,150,856.00,"128,400.00"
2019-12-30,2019123001005113,DDBL,53,53,100,856.00,"85,600.00"
2019-12-30,2019123001005094,DDBL,25,32,500,857.00,"428,500.00"
2019-12-30,2019123001005044,DDBL,6,53,100,858.00,"85,800.00"
2019-12-30,2019123001005049,EBL,17,36,100,520.00,"52,000.00"
2019-12-30,2019123001005341,FMDBL,42,45,200,317.00,"63,400.00"
2019-12-30,2019123001005359,FOWAD,19,5,100,"1,395.00","139,500.00"
2019-12-30,2019123001005313,FOWAD,45,16,49,"1,397.00","68,453.00"
2019-12-30,2019123001005312,FOWAD,45,16,19,"1,397.00","26,543.00"
2019-12-30,2019123001005272,FOWAD,4,53,370,"1,393.00","515,410.00"
2019-12-30,2019123001005271,FOWAD,58,53,100,"1,394.00","139,400.00"
2019-12-30,2019123001005270,FOWAD,32,53,20,"1,394.00","27,880.00"
2019-12-30,2019123001005269,FOWAD,35,53,10,"1,395.00","13,950.00"
2019-12-30,2019123001005061,FOWAD,59,5,500,"1,395.00","697,500.00"
2019-12-30,2019123001005060,FOWAD,26,5,63,"1,395.00","87,885.00"
2019-12-30,2019123001005059,FOWAD,34,5,140,"1,395.00","195,300.00"
2019-12-30,2019123001005058,FOWAD,57,5,50,"1,396.00","69,800.00"
2019-12-30,2019123001005057,FOWAD,49,5,40,"1,396.00","55,840.00"
2019-12-30,2019123001005402,GBBL,46,29,40,201.00,"8,040.00"
2019-12-30,2019123001005099,GBBL,39,17,41,200.00,"8,200.00"
2019-12-30,2019123001005098,GBBL,39,17,59,200.00,"11,800.00"
2019-12-30,2019123001005181,GBLBS,36,4,15,313.00,"4,695.00"
2019-12-30,2019123001005062,GBLBS,36,4,15,313.00,"4,695.00"
2019-12-30,2019123001005122,GGBSL,1,39,10,599.00,"5,990.00"
2019-12-30,2019123001005362,GILB,44,46,10,822.00,"8,220.00"
2019-12-30,2019123001005123,GILB,57,57,2,820.00,"1,640.00"
2019-12-30,2019123001005119,GILB,57,57,2,820.00,"1,640.00"
2019-12-30,2019123001005110,GILB,57,57,2,820.00,"1,640.00"
2019-12-30,2019123001005106,GILB,57,57,2,820.00,"1,640.00"
2019-12-30,2019123001005102,GLBSL,34,44,10,438.00,"4,380.00"
2019-12-30,2019123001005518,GLICL,55,39,100,465.00,"46,500.00"
2019-12-30,2019123001005236,GLICL,58,52,47,461.00,"21,667.00"
2019-12-30,2019123001005235,GLICL,29,52,53,463.00,"24,539.00"
2019-12-30,2019123001005224,GLICL,29,52,147,463.00,"68,061.00"
2019-12-30,2019123001005223,GLICL,39,52,439,464.00,"203,696.00"
2019-12-30,2019123001005150,GLICL,39,58,561,464.00,"260,304.00"
2019-12-30,2019123001005149,GLICL,39,58,"1,000",464.00,"464,000.00"
2019-12-30,2019123001005148,GLICL,58,58,200,465.00,"93,000.00"
2019-12-30,2019123001005093,GLICL,58,52,100,465.00,"46,500.00"
2019-12-30,2019123001005397,GRDBL,46,17,50,102.00,"5,100.00"
2019-12-30,2019123001005408,HDL,14,34,200,"1,225.00","245,000.00"
2019-12-30,2019123001005407,HDL,16,34,100,"1,234.00","123,400.00"
2019-12-30,2019123001005396,HDL,45,28,30,"1,245.00","37,350.00"
2019-12-30,2019123001005376,HDL,38,28,20,"1,245.00","24,900.00"
2019-12-30,2019123001005361,HDL,38,34,100,"1,245.00","124,500.00"
2019-12-30,2019123001005336,HDL,6,58,100,"1,270.00","127,000.00"
2019-12-30,2019123001005130,HDL,7,50,100,"1,230.00","123,000.00"
2019-12-30,2019123001005129,HDL,7,58,25,"1,228.00","30,700.00"
2019-12-30,2019123001005128,HDL,7,40,100,"1,228.00","122,800.00"
2019-12-30,2019123001005127,HDL,7,34,40,"1,227.00","49,080.00"
2019-12-30,2019123001005260,HDL,39,28,200,"1,232.00","246,400.00"
2019-12-30,2019123001005259,HDL,39,58,25,"1,231.00","30,775.00"
2019-12-30,2019123001005258,HDL,39,7,200,"1,230.00","246,000.00"
2019-12-30,2019123001005257,HDL,39,36,130,"1,230.00","159,900.00"
2019-12-30,2019123001005155,HDL,51,35,65,"1,230.00","79,950.00"
2019-12-30,2019123001005131,HDL,7,35,35,"1,230.00","43,050.00"
2019-12-30,2019123001005301,HDL,45,45,50,"1,244.00","62,200.00"
2019-12-30,2019123001005300,HDL,45,33,350,"1,240.00","434,000.00"
2019-12-30,2019123001005299,HDL,45,16,50,"1,240.00","62,000.00"
2019-12-30,2019123001005276,HDL,39,47,45,"1,237.00","55,665.00"
2019-12-30,2019123001005262,HDL,39,33,200,"1,234.00","246,800.00"
2019-12-30,2019123001005261,HDL,39,58,200,"1,233.00","246,600.00"
2019-12-30,2019123001005314,HDL,38,58,90,"1,250.00","112,500.00"
2019-12-30,2019123001005311,HDL,38,55,110,"1,250.00","137,500.00"
2019-12-30,2019123001005305,HDL,45,55,290,"1,250.00","362,500.00"
2019-12-30,2019123001005304,HDL,45,32,200,"1,250.00","250,000.00"
2019-12-30,2019123001005303,HDL,45,25,10,"1,248.00","12,480.00"
2019-12-30,2019123001005302,HDL,45,52,50,"1,244.00","62,200.00"
2019-12-30,2019123001005323,HDL,45,1,150,"1,254.00","188,100.00"
2019-12-30,2019123001005322,HDL,45,32,50,"1,254.00","62,700.00"
2019-12-30,2019123001005321,HDL,45,35,500,"1,254.00","627,000.00"
