Date,Transact. No.,Symbol,Buyer,Seller,Quantity,Rate,Amount
2020-12-01,2020120104002536,BBC,35,34,100,"3,118.00","311,800.00"
2020-12-01,2020120104002535,BBC,48,34,10,"3,125.00","31,250.00"
2020-12-01,2020120104002534,BBC,50,34,10,"3,144.00","31,440.00"
2020-12-01,2020120104002533,BBC,38,34,200,"3,174.00","634,800.00"
2020-12-01,2020120104002532,BBC,33,34,10,"3,176.00","31,760.00"
2020-12-01,2020120104002531,BBC,38,34,10,"3,176.00","31,760.00"
2020-12-01,2020120104002207,BBC,53,14,10,"3,299.00","32,990.00"
2020-12-01,2020120104002068,BBC,53,14,10,"3,299.00","32,990.00"
2020-12-01,2020120104002512,BBC,55,34,10,"3,280.00","32,800.00"
2020-12-01,2020120104002481,BBC,42,34,10,"3,300.00","33,000.00"
2020-12-01,2020120104002410,BBC,38,34,50,"3,300.00","165,000.00"
2020-12-01,2020120104002388,BBC,42,34,20,"3,300.00","66,000.00"
2020-12-01,2020120104002347,BBC,55,34,20,"3,300.00","66,000.00"
2020-12-01,2020120104002280,BBC,58,34,10,"3,300.00","33,000.00"
2020-12-01,2020120104002518,BBC,26,34,20,"3,243.00","64,860.00"
2020-12-01,2020120104002517,BBC,45,34,10,"3,245.00","32,450.00"
2020-12-01,2020120104002516,BBC,33,34,30,"3,245.00","97,350.00"
2020-12-01,2020120104002515,BBC,50,34,10,"3,247.00","32,470.00"
2020-12-01,2020120104002514,BBC,38,34,60,"3,248.00","194,880.00"
2020-12-01,2020120104002513,BBC,50,34,10,"3,277.00","32,770.00"
2020-12-01,2020120104002524,BBC,6,34,20,"3,234.00","64,680.00"
2020-12-01,2020120104002523,BBC,13,34,10,"3,235.00","32,350.00"
2020-12-01,2020120104002522,BBC,45,34,10,"3,240.00","32,400.00"
2020-12-01,2020120104002521,BBC,55,34,25,"3,240.00","81,000.00"
2020-12-01,2020120104002520,BBC,56,34,10,"3,242.00","32,420.00"
2020-12-01,2020120104002519,BBC,52,34,90,"3,242.00","291,780.00"
2020-12-01,2020120104002530,BBC,22,34,20,"3,178.00","63,560.00"
2020-12-01,2020120104002529,BBC,19,34,10,"3,181.00","31,810.00"
2020-12-01,2020120104002528,BBC,33,34,20,"3,189.00","63,780.00"
2020-12-01,2020120104002527,BBC,48,34,10,"3,200.00","32,000.00"
2020-12-01,2020120104002526,BBC,25,34,10,"3,234.00","32,340.00"
2020-12-01,2020120104002525,BBC,52,34,10,"3,234.00","32,340.00"
2020-12-01,2020120104002503,CMF1,43,34,200,10.14,"2,028.00"
2020-12-01,2020120104002427,CMF1,57,13,400,10.05,"4,020.00"
2020-12-01,2020120104002426,CMF1,7,13,100,10.06,"1,006.00"
2020-12-01,2020120104002344,CMF1,41,43,"10,000",10.07,"100,700.00"
2020-12-01,2020120104002250,CMF1,7,17,"1,600",10.06,"16,096.00"
2020-12-01,2020120104002078,CMF1,7,42,200,10.06,"2,012.00"
2020-12-01,2020120104002548,GIC,57,59,10,598.00,"5,980.00"
2020-12-01,2020120104002547,GIC,57,16,10,598.00,"5,980.00"
2020-12-01,2020120104002544,GIC,57,57,10,598.00,"5,980.00"
2020-12-01,2020120104002543,GIC,55,58,10,599.00,"5,990.00"
2020-12-01,2020120104002542,GIC,55,45,30,599.00,"17,970.00"
2020-12-01,2020120104002541,GIC,55,34,10,599.00,"5,990.00"
2020-12-01,2020120104002052,GIC,45,38,10,597.00,"5,970.00"
2020-12-01,2020120104002065,GIC,48,38,10,598.00,"5,980.00"
2020-12-01,2020120104002064,GIC,48,3,10,598.00,"5,980.00"
2020-12-01,2020120104002059,GIC,48,45,10,598.00,"5,980.00"
2020-12-01,2020120104002058,GIC,48,48,10,598.00,"5,980.00"
2020-12-01,2020120104002057,GIC,48,48,160,598.00,"95,680.00"
2020-12-01,2020120104002055,GIC,6,48,50,598.00,"29,900.00"
2020-12-01,2020120104002111,GIC,20,42,10,597.00,"5,970.00"
2020-12-01,2020120104002082,GIC,35,32,190,597.00,"113,430.00"
2020-12-01,2020120104002081,GIC,45,32,90,597.00,"53,730.00"
2020-12-01,2020120104002080,GIC,57,32,220,598.00,"131,560.00"
2020-12-01,2020120104002076,GIC,48,49,10,598.00,"5,980.00"
2020-12-01,2020120104002073,GIC,48,38,10,598.00,"5,980.00"
2020-12-01,2020120104002133,GIC,33,29,10,597.00,"5,970.00"
2020-12-01,2020120104002132,GIC,33,34,10,597.00,"5,970.00"
2020-12-01,2020120104002115,GIC,20,42,30,598.00,"17,940.00"
2020-12-01,2020120104002114,GIC,20,11,50,597.00,"29,850.00"
2020-12-01,2020120104002113,GIC,20,46,10,597.00,"5,970.00"
2020-12-01,2020120104002112,GIC,20,46,10,597.00,"5,970.00"
2020-12-01,2020120104002139,GIC,33,14,10,599.00,"5,990.00"
2020-12-01,2020120104002138,GIC,33,4,20,599.00,"11,980.00"
2020-12-01,2020120104002137,GIC,33,14,80,599.00,"47,920.00"
2020-12-01,2020120104002136,GIC,33,58,10,598.00,"5,980.00"
2020-12-01,2020120104002135,GIC,33,42,10,598.00,"5,980.00"
2020-12-01,2020120104002134,GIC,33,47,10,598.00,"5,980.00"
2020-12-01,2020120104002158,GIC,38,58,10,598.00,"5,980.00"
2020-12-01,2020120104002157,GIC,34,7,10,597.00,"5,970.00"
2020-12-01,2020120104002153,GIC,34,38,10,597.00,"5,970.00"
2020-12-01,2020120104002152,GIC,34,49,10,597.00,"5,970.00"
2020-12-01,2020120104002150,GIC,34,38,10,596.00,"5,960.00"
2020-12-01,2020120104002140,GIC,33,34,40,599.00,"23,960.00"
2020-12-01,2020120104002183,GIC,34,14,10,597.00,"5,970.00"
2020-12-01,2020120104002177,GIC,34,58,10,597.00,"5,970.00"
2020-12-01,2020120104002166,GIC,34,33,10,597.00,"5,970.00"
2020-12-01,2020120104002164,GIC,3,34,10,598.00,"5,980.00"
2020-12-01,2020120104002161,GIC,34,28,10,597.00,"5,970.00"
2020-12-01,2020120104002159,GIC,38,34,390,599.00,"233,610.00"
2020-12-01,2020120104002205,GIC,34,59,10,597.00,"5,970.00"
2020-12-01,2020120104002196,GIC,34,49,10,597.00,"5,970.00"
2020-12-01,2020120104002188,GIC,34,58,10,597.00,"5,970.00"
2020-12-01,2020120104002187,GIC,34,50,10,597.00,"5,970.00"
2020-12-01,2020120104002186,GIC,34,21,10,597.00,"5,970.00"
2020-12-01,2020120104002185,GIC,43,3,10,598.00,"5,980.00"
2020-12-01,2020120104002223,GIC,25,19,30,597.00,"17,910.00"
2020-12-01,2020120104002222,GIC,34,19,70,597.00,"41,790.00"
2020-12-01,2020120104002221,GIC,35,19,100,597.00,"59,700.00"
2020-12-01,2020120104002220,GIC,34,10,10,597.00,"5,970.00"
2020-12-01,2020120104002219,GIC,34,42,10,597.00,"5,970.00"
2020-12-01,2020120104002206,GIC,34,42,10,597.00,"5,970.00"
2020-12-01,2020120104002234,GIC,48,34,100,596.00,"59,600.00"
2020-12-01,2020120104002233,GIC,6,34,10,596.00,"5,960.00"
2020-12-01,2020120104002232,GIC,34,34,20,596.00,"11,920.00"
2020-12-01,2020120104002230,GIC,41,34,50,597.00,"29,850.00"
2020-12-01,2020120104002229,GIC,3,34,150,597.00,"89,550.00"
2020-12-01,2020120104002228,GIC,25,34,70,597.00,"41,790.00"
2020-12-01,2020120104002247,GIC,48,34,80,596.00,"47,680.00"
2020-12-01,2020120104002239,GIC,26,34,10,596.00,"5,960.00"
2020-12-01,2020120104002238,GIC,34,34,200,596.00,"119,200.00"
2020-12-01,2020120104002237,GIC,38,34,30,596.00,"17,880.00"
2020-12-01,2020120104002236,GIC,54,34,50,596.00,"29,800.00"
2020-12-01,2020120104002235,GIC,50,34,500,596.00,"298,000.00"
2020-12-01,2020120104002258,GIC,21,34,289,595.00,"171,955.00"
2020-12-01,2020120104002257,GIC,34,34,150,596.00,"89,400.00"
2020-12-01,2020120104002256,GIC,34,10,50,596.00,"29,800.00"
2020-12-01,2020120104002251,GIC,21,49,10,595.00,"5,950.00"
2020-12-01,2020120104002249,GIC,48,34,490,597.00,"292,530.00"
2020-12-01,2020120104002248,GIC,48,49,10,596.00,"5,960.00"
2020-12-01,2020120104002266,GIC,42,34,100,596.00,"59,600.00"
2020-12-01,2020120104002265,GIC,22,34,10,595.00,"5,950.00"
2020-12-01,2020120104002263,GIC,43,34,50,597.00,"29,850.00"
2020-12-01,2020120104002261,GIC,22,34,411,595.00,"244,545.00"
2020-12-01,2020120104002260,GIC,45,34,100,595.00,"59,500.00"
2020-12-01,2020120104002259,GIC,32,34,50,595.00,"29,750.00"
2020-12-01,2020120104002296,GIC,22,40,59,595.00,"35,105.00"
2020-12-01,2020120104002293,GIC,22,59,10,595.00,"5,950.00"
2020-12-01,2020120104002276,GIC,22,6,10,595.00,"5,950.00"
2020-12-01,2020120104002275,GIC,42,41,411,596.00,"244,956.00"
2020-12-01,2020120104002272,GIC,42,34,189,596.00,"112,644.00"
2020-12-01,2020120104002269,GIC,25,34,100,596.00,"59,600.00"
2020-12-01,2020120104002314,GIC,6,46,10,595.00,"5,950.00"
2020-12-01,2020120104002312,GIC,6,29,10,595.00,"5,950.00"
2020-12-01,2020120104002306,GIC,20,34,190,597.00,"113,430.00"
2020-12-01,2020120104002299,GIC,6,47,10,595.00,"5,950.00"
2020-12-01,2020120104002298,GIC,20,41,89,596.00,"53,044.00"
2020-12-01,2020120104002297,GIC,6,40,11,595.00,"6,545.00"
2020-12-01,2020120104002321,GIC,1,29,10,596.00,"5,960.00"
2020-12-01,2020120104002319,GIC,20,32,201,598.00,"120,198.00"
2020-12-01,2020120104002318,GIC,20,39,10,598.00,"5,980.00"
2020-12-01,2020120104002317,GIC,20,57,10,597.00,"5,970.00"
2020-12-01,2020120104002316,GIC,1,47,10,596.00,"5,960.00"
2020-12-01,2020120104002315,GIC,6,55,10,595.00,"5,950.00"
2020-12-01,2020120104002345,GIC,1,56,180,596.00,"107,280.00"
2020-12-01,2020120104002334,GIC,42,56,140,597.00,"83,580.00"
2020-12-01,2020120104002333,GIC,42,46,10,597.00,"5,970.00"
2020-12-01,2020120104002330,GIC,42,8,10,597.00,"5,970.00"
2020-12-01,2020120104002329,GIC,42,59,10,597.00,"5,970.00"
2020-12-01,2020120104002323,GIC,42,29,10,597.00,"5,970.00"
2020-12-01,2020120104002353,GIC,21,56,50,595.00,"29,750.00"
2020-12-01,2020120104002352,GIC,21,56,50,595.00,"29,750.00"
2020-12-01,2020120104002351,GIC,58,56,10,595.00,"5,950.00"
2020-12-01,2020120104002350,GIC,58,56,50,595.00,"29,750.00"
2020-12-01,2020120104002349,GIC,6,56,39,595.00,"23,205.00"
2020-12-01,2020120104002346,GIC,6,33,10,595.00,"5,950.00"
2020-12-01,2020120104002362,GIC,34,43,10,594.00,"5,940.00"
2020-12-01,2020120104002361,GIC,34,29,10,594.00,"5,940.00"
2020-12-01,2020120104002357,GIC,36,56,30,595.00,"17,850.00"
2020-12-01,2020120104002356,GIC,42,56,10,595.00,"5,950.00"
2020-12-01,2020120104002355,GIC,11,56,100,595.00,"59,500.00"
2020-12-01,2020120104002354,GIC,51,56,650,595.00,"386,750.00"
2020-12-01,2020120104002403,GIC,43,45,10,595.00,"5,950.00"
2020-12-01,2020120104002401,GIC,34,59,10,594.00,"5,940.00"
2020-12-01,2020120104002400,GIC,34,59,10,594.00,"5,940.00"
2020-12-01,2020120104002397,GIC,34,29,10,594.00,"5,940.00"
2020-12-01,2020120104002372,GIC,34,59,10,594.00,"5,940.00"
2020-12-01,2020120104002365,GIC,34,42,10,594.00,"5,940.00"
2020-12-01,2020120104002412,GIC,34,28,10,594.00,"5,940.00"
2020-12-01,2020120104002409,GIC,34,29,10,594.00,"5,940.00"
2020-12-01,2020120104002408,GIC,34,13,10,594.00,"5,940.00"
2020-12-01,2020120104002406,GIC,34,55,10,594.00,"5,940.00"
2020-12-01,2020120104002405,GIC,34,28,10,594.00,"5,940.00"
2020-12-01,2020120104002404,GIC,43,58,10,595.00,"5,950.00"
2020-12-01,2020120104002433,GIC,34,29,10,594.00,"5,940.00"
2020-12-01,2020120104002428,GIC,34,59,10,594.00,"5,940.00"
2020-12-01,2020120104002417,GIC,34,21,10,594.00,"5,940.00"
2020-12-01,2020120104002416,GIC,43,42,10,595.00,"5,950.00"
2020-12-01,2020120104002414,GIC,34,28,10,594.00,"5,940.00"
2020-12-01,2020120104002413,GIC,34,29,10,594.00,"5,940.00"
2020-12-01,2020120104002448,GIC,51,3,10,597.00,"5,970.00"
2020-12-01,2020120104002443,GIC,51,59,10,597.00,"5,970.00"
2020-12-01,2020120104002441,GIC,51,38,10,597.00,"5,970.00"
2020-12-01,2020120104002438,GIC,51,45,10,597.00,"5,970.00"
2020-12-01,2020120104002437,GIC,51,29,10,597.00,"5,970.00"
2020-12-01,2020120104002436,GIC,3,3,10,595.00,"5,950.00"
2020-12-01,2020120104002475,GIC,51,45,10,597.00,"5,970.00"
2020-12-01,2020120104002472,GIC,51,13,10,597.00,"5,970.00"
2020-12-01,2020120104002469,GIC,51,38,10,597.00,"5,970.00"
2020-12-01,2020120104002468,GIC,10,32,100,598.00,"59,800.00"
2020-12-01,2020120104002452,GIC,51,49,10,597.00,"5,970.00"
2020-12-01,2020120104002451,GIC,51,38,10,597.00,"5,970.00"
2020-12-01,2020120104002502,GIC,7,3,10,597.00,"5,970.00"
2020-12-01,2020120104002496,GIC,3,32,10,598.00,"5,980.00"
2020-12-01,2020120104002489,GIC,7,21,10,597.00,"5,970.00"
2020-12-01,2020120104002486,GIC,7,17,10,597.00,"5,970.00"
2020-12-01,2020120104002483,GIC,7,29,10,597.00,"5,970.00"
2020-12-01,2020120104002476,GIC,7,59,10,597.00,"5,970.00"
2020-12-01,2020120104002540,GIC,55,34,70,599.00,"41,930.00"
2020-12-01,2020120104002539,GIC,57,28,10,598.00,"5,980.00"
2020-12-01,2020120104002538,GIC,57,59,10,598.00,"5,980.00"
2020-12-01,2020120104002509,GIC,57,3,10,598.00,"5,980.00"
2020-12-01,2020120104002508,GIC,57,45,10,598.00,"5,980.00"
2020-12-01,2020120104002505,GIC,7,32,129,597.00,"77,013.00"
2020-12-01,2020120104002292,GIMES1,7,45,500,11.35,"5,675.00"
2020-12-01,2020120104002289,GIMES1,7,45,"5,000",11.35,"56,750.00"
2020-12-01,2020120104002288,GIMES1,7,34,500,11.33,"5,665.00"
2020-12-01,2020120104002287,GIMES1,7,4,"2,000",11.33,"22,660.00"
2020-12-01,2020120104002210,GIMES1,7,21,"10,000",11.16,"111,600.00"
2020-12-01,2020120104002090,LEMF,17,35,"2,500",9.70,"24,250.00"
2020-12-01,2020120104002271,MEGAPO,50,21,"24,449",126.00,"3,080,574.00"
2020-12-01,2020120104002431,NBF2,37,13,750,9.86,"7,395.00"
2020-12-01,2020120104002430,NBF2,22,13,250,9.87,"2,467.50"
2020-12-01,2020120104002322,NBF2,37,48,100,9.86,986.00
2020-12-01,2020120104002063,NBF2,34,47,"5,500",9.95,"54,725.00"
2020-12-01,2020120104002060,NBF2,13,47,"4,500",9.95,"44,775.00"
2020-12-01,2020120104002504,NEF,44,5,"2,414",10.00,"24,140.00"
2020-12-01,2020120104002419,NEF,13,42,"2,414",9.97,"24,067.58"
2020-12-01,2020120104002212,NEF,13,37,"1,127",9.97,"11,236.19"
2020-12-01,2020120104002208,NEF,13,17,"2,414",9.97,"24,067.58"
2020-12-01,2020120104002204,NEF,13,49,"1,680",9.97,"16,749.60"
2020-12-01,2020120104002178,NEF,13,22,966,9.97,"9,631.02"
2020-12-01,2020120104002084,NEF,8,58,460,10.00,"4,600.00"
2020-12-01,2020120104002083,NEF,8,21,483,10.00,"4,830.00"
2020-12-01,2020120104002075,NEF,8,8,"2,366",9.98,"23,612.68"
2020-12-01,2020120104002069,NEF,8,8,"2,366",9.98,"23,612.68"
2020-12-01,2020120104002145,NEF,13,44,521,9.97,"5,194.37"
2020-12-01,2020120104002144,NEF,8,44,268,9.98,"2,674.64"
2020-12-01,2020120104002141,NEF,8,58,"2,414",10.00,"24,140.00"
2020-12-01,2020120104002087,NEF,8,35,"2,414",10.00,"24,140.00"
2020-12-01,2020120104002086,NEF,8,45,"15,760",10.00,"157,600.00"
2020-12-01,2020120104002085,NEF,8,43,"3,380",10.00,"33,800.00"
2020-12-01,2020120104002511,NIBPO,58,32,500,435.00,"217,500.00"
2020-12-01,2020120104002465,NIBPO,28,35,"2,229",440.00,"980,760.00"
2020-12-01,2020120104002464,NIBPO,28,41,55,440.00,"24,200.00"
2020-12-01,2020120104002463,NIBPO,28,49,"1,000",440.00,"440,000.00"
2020-12-01,2020120104002462,NIBPO,28,35,970,440.00,"426,800.00"
2020-12-01,2020120104002461,NIBPO,28,11,"1,000",439.00,"439,000.00"
2020-12-01,2020120104002118,NIBPO,58,28,100,435.00,"43,500.00"
2020-12-01,2020120104002117,NIBPO,58,11,15,434.00,"6,510.00"
2020-12-01,2020120104002348,NIBPO,58,16,100,435.00,"43,500.00"
2020-12-01,2020120104002303,NIBPO,58,26,"1,000",435.00,"435,000.00"
2020-12-01,2020120104002242,NIBPO,58,52,100,435.00,"43,500.00"
2020-12-01,2020120104002121,NIBPO,58,43,280,435.00,"121,800.00"
2020-12-01,2020120104002120,NIBPO,58,34,"1,000",435.00,"435,000.00"
2020-12-01,2020120104002119,NIBPO,58,37,15,435.00,"6,525.00"
2020-12-01,2020120104002460,NIBPO,28,34,"1,500",439.00,"658,500.00"
2020-12-01,2020120104002459,NIBPO,28,34,"2,146",439.00,"942,094.00"
2020-12-01,2020120104002458,NIBPO,28,59,100,439.00,"43,900.00"
2020-12-01,2020120104002457,NIBPO,28,11,800,439.00,"351,200.00"
2020-12-01,2020120104002456,NIBPO,28,10,200,439.00,"87,800.00"
2020-12-01,2020120104002440,NIBPO,58,11,554,435.00,"240,990.00"
2020-12-01,2020120104002485,NIBSF1,26,6,"4,000",11.05,"44,200.00"
2020-12-01,2020120104002480,NIBSF1,4,6,"1,000",11.05,"11,050.00"
2020-12-01,2020120104002444,NIBSF1,4,6,"1,000",11.05,"11,050.00"
2020-12-01,2020120104002439,NIBSF1,4,6,"1,000",11.05,"11,050.00"
2020-12-01,2020120104002435,NIBSF1,4,6,"1,000",11.05,"11,050.00"
2020-12-01,2020120104002420,NIBSF1,4,6,"1,000",11.05,"11,050.00"
2020-12-01,2020120104002415,NIBSF1,4,6,"1,000",11.05,"11,050.00"
2020-12-01,2020120104002399,NIBSF1,4,17,900,10.94,"9,846.00"
2020-12-01,2020120104002154,NIBSF1,7,32,700,11.00,"7,700.00"
2020-12-01,2020120104002151,NIBSF1,7,41,"4,757",10.95,"52,089.15"
2020-12-01,2020120104002213,NICBF,53,21,200,9.85,"1,970.00"
2020-12-01,2020120104002447,NICGF,34,13,"1,000",10.32,"10,320.00"
2020-12-01,2020120104002446,NICGF,34,6,100,10.32,"1,032.00"
2020-12-01,2020120104002396,NICGF,48,19,400,10.32,"4,128.00"
2020-12-01,2020120104002369,NICGF,19,17,"1,500",10.31,"15,465.00"
2020-12-01,2020120104002202,NICGF,34,38,100,10.50,"1,050.00"
2020-12-01,2020120104002487,NMB50,8,4,"50,000",10.16,"508,000.00"
2020-12-01,2020120104002274,NMB50,6,4,"3,000",10.12,"30,360.00"
2020-12-01,2020120104002071,NMB50,53,42,106,10.11,"1,071.66"
2020-12-01,2020120104002070,NMB50,6,42,200,10.11,"2,022.00"
2020-12-01,2020120104002066,NMB50,6,3,100,10.11,"1,011.00"
2020-12-01,2020120104002434,NMBHF1,22,42,"4,161",10.10,"42,026.10"
2020-12-01,2020120104002246,NMBHF1,22,21,100,10.10,"1,010.00"
2020-12-01,2020120104002241,NMBHF1,22,21,788,10.10,"7,958.80"
2020-12-01,2020120104002240,NMBHF1,13,21,112,10.20,"1,142.40"
2020-12-01,2020120104002171,NMBHF1,13,21,"7,156",10.20,"72,991.20"
2020-12-01,2020120104002170,NMBHF1,8,21,"1,844",10.21,"18,827.24"
2020-12-01,2020120104002549,RBCLPO,59,59,10,"15,450.00","154,500.00"
2020-12-01,2020120104002546,RBCLPO,59,59,90,"15,450.00","1,390,500.00"
2020-12-01,2020120104002497,RBCLPO,59,38,10,"15,450.00","154,500.00"
2020-12-01,2020120104002425,RBCLPO,49,19,20,"15,456.00","309,120.00"
2020-12-01,2020120104002424,RBCLPO,49,19,10,"15,500.00","155,000.00"
2020-12-01,2020120104002423,RBCLPO,49,19,10,"15,501.00","155,010.00"
2020-12-01,2020120104002331,RBCLPO,49,58,90,"15,501.00","1,395,090.00"
2020-12-01,2020120104002494,SAEF,49,59,"10,000",11.00,"110,000.00"
2020-12-01,2020120104002493,SAEF,33,59,"19,500",11.05,"215,475.00"
2020-12-01,2020120104002492,SAEF,26,59,"3,500",11.08,"38,780.00"
2020-12-01,2020120104002491,SAEF,47,59,"6,500",11.13,"72,345.00"
2020-12-01,2020120104002484,SAEF,47,59,"1,500",11.13,"16,695.00"
2020-12-01,2020120104002363,SAEF,47,19,500,11.13,"5,565.00"
2020-12-01,2020120104002197,SAEF,16,21,500,11.12,"5,560.00"
2020-12-01,2020120104002174,SAEF,6,33,"6,500",11.13,"72,345.00"
2020-12-01,2020120104002173,SAEF,57,33,"5,000",11.13,"55,650.00"
2020-12-01,2020120104002262,SAEF,47,17,"1,500",11.13,"16,695.00"
2020-12-01,2020120104002245,SAEF,50,35,100,11.17,"1,117.00"
2020-12-01,2020120104002201,SAEF,26,21,"1,500",11.08,"16,620.00"
2020-12-01,2020120104002200,SAEF,37,21,"2,000",11.09,"22,180.00"
2020-12-01,2020120104002199,SAEF,11,21,"5,000",11.11,"55,550.00"
2020-12-01,2020120104002198,SAEF,16,21,"1,000",11.12,"11,120.00"
2020-12-01,2020120104002455,SEF,34,38,"4,000",10.17,"40,680.00"
2020-12-01,2020120104002442,SEF,34,13,500,10.17,"5,085.00"
2020-12-01,2020120104002418,SEF,39,13,500,10.16,"5,080.00"
2020-12-01,2020120104002389,SEF,39,46,"1,000",10.15,"10,150.00"
2020-12-01,2020120104002290,SEF,53,17,"1,500",10.14,"15,210.00"
2020-12-01,2020120104002226,SEF,53,21,"1,500",10.14,"15,210.00"
2020-12-01,2020120104002096,SEF,8,54,"1,000",10.25,"10,250.00"
2020-12-01,2020120104002095,SEF,8,47,200,10.25,"2,050.00"
2020-12-01,2020120104002092,SEF,6,42,"5,000",10.21,"51,050.00"
2020-12-01,2020120104002091,SEF,39,42,"5,000",10.21,"51,050.00"
2020-12-01,2020120104002225,SEF,56,21,"8,500",10.17,"86,445.00"
2020-12-01,2020120104002130,SEF,41,49,421,10.28,"4,327.88"
2020-12-01,2020120104002129,SEF,41,45,"3,879",10.26,"39,798.54"
2020-12-01,2020120104002128,SEF,41,38,500,10.25,"5,125.00"
2020-12-01,2020120104002127,SEF,41,35,200,10.25,"2,050.00"
2020-12-01,2020120104002097,SEF,8,35,"3,800",10.25,"38,950.00"
2020-12-01,2020120104002550,SGI,38,46,10,617.00,"6,170.00"
2020-12-01,2020120104002545,SGI,57,29,10,616.00,"6,160.00"
2020-12-01,2020120104002537,SGI,57,35,10,616.00,"6,160.00"
2020-12-01,2020120104002510,SGI,57,29,10,616.00,"6,160.00"
2020-12-01,2020120104002507,SGI,57,16,10,616.00,"6,160.00"
2020-12-01,2020120104002506,SGI,57,49,10,616.00,"6,160.00"
2020-12-01,2020120104002051,SGI,34,41,10,617.00,"6,170.00"
2020-12-01,2020120104002067,SGI,34,58,10,617.00,"6,170.00"
2020-12-01,2020120104002062,SGI,3,35,10,618.00,"6,180.00"
2020-12-01,2020120104002061,SGI,34,48,10,617.00,"6,170.00"
2020-12-01,2020120104002056,SGI,34,42,10,617.00,"6,170.00"
2020-12-01,2020120104002054,SGI,34,39,10,617.00,"6,170.00"
2020-12-01,2020120104002053,SGI,34,48,10,617.00,"6,170.00"
2020-12-01,2020120104002089,SGI,36,57,40,618.00,"24,720.00"
2020-12-01,2020120104002088,SGI,36,13,10,618.00,"6,180.00"
2020-12-01,2020120104002079,SGI,34,32,10,617.00,"6,170.00"
2020-12-01,2020120104002077,SGI,34,38,10,617.00,"6,170.00"
2020-12-01,2020120104002074,SGI,34,58,10,617.00,"6,170.00"
2020-12-01,2020120104002072,SGI,34,58,10,617.00,"6,170.00"
2020-12-01,2020120104002101,SGI,33,3,10,618.00,"6,180.00"
2020-12-01,2020120104002100,SGI,33,57,61,618.00,"37,698.00"
2020-12-01,2020120104002099,SGI,34,32,10,617.00,"6,170.00"
2020-12-01,2020120104002098,SGI,34,6,10,617.00,"6,170.00"
2020-12-01,2020120104002094,SGI,34,49,10,617.00,"6,170.00"
2020-12-01,2020120104002093,SGI,34,47,10,617.00,"6,170.00"
2020-12-01,2020120104002107,SGI,33,41,10,620.00,"6,200.00"
2020-12-01,2020120104002106,SGI,33,57,10,620.00,"6,200.00"
2020-12-01,2020120104002105,SGI,33,52,10,620.00,"6,200.00"
2020-12-01,2020120104002104,SGI,33,59,20,620.00,"12,400.00"
2020-12-01,2020120104002103,SGI,33,58,10,620.00,"6,200.00"
2020-12-01,2020120104002102,SGI,33,17,10,620.00,"6,200.00"
2020-12-01,2020120104002123,SGI,46,47,10,618.00,"6,180.00"
2020-12-01,2020120104002122,SGI,34,14,10,617.00,"6,170.00"
2020-12-01,2020120104002116,SGI,34,17,10,617.00,"6,170.00"
2020-12-01,2020120104002110,SGI,33,36,69,621.00,"42,849.00"
2020-12-01,2020120104002109,SGI,33,1,80,620.00,"49,600.00"
2020-12-01,2020120104002108,SGI,33,36,10,620.00,"6,200.00"
2020-12-01,2020120104002143,SGI,46,17,10,618.00,"6,180.00"
2020-12-01,2020120104002142,SGI,46,46,10,618.00,"6,180.00"
2020-12-01,2020120104002131,SGI,46,49,10,618.00,"6,180.00"
2020-12-01,2020120104002126,SGI,46,58,10,618.00,"6,180.00"
2020-12-01,2020120104002125,SGI,46,41,10,618.00,"6,180.00"
2020-12-01,2020120104002124,SGI,46,53,10,618.00,"6,180.00"
2020-12-01,2020120104002156,SGI,19,17,10,618.00,"6,180.00"
2020-12-01,2020120104002155,SGI,19,58,10,618.00,"6,180.00"
2020-12-01,2020120104002149,SGI,19,17,10,618.00,"6,180.00"
2020-12-01,2020120104002148,SGI,19,28,30,618.00,"18,540.00"
2020-12-01,2020120104002147,SGI,46,28,10,618.00,"6,180.00"
2020-12-01,2020120104002146,SGI,46,38,10,618.00,"6,180.00"
2020-12-01,2020120104002172,SGI,35,36,100,621.00,"62,100.00"
2020-12-01,2020120104002169,SGI,57,22,60,620.00,"37,200.00"
2020-12-01,2020120104002168,SGI,57,17,10,620.00,"6,200.00"
2020-12-01,2020120104002167,SGI,57,17,10,620.00,"6,200.00"
2020-12-01,2020120104002165,SGI,45,28,10,619.00,"6,190.00"
2020-12-01,2020120104002162,SGI,49,13,10,619.00,"6,190.00"
2020-12-01,2020120104002182,SGI,45,32,10,621.00,"6,210.00"
2020-12-01,2020120104002181,SGI,45,32,10,621.00,"6,210.00"
2020-12-01,2020120104002180,SGI,45,36,131,621.00,"81,351.00"
2020-12-01,2020120104002179,SGI,57,21,10,620.00,"6,200.00"
2020-12-01,2020120104002176,SGI,57,50,10,620.00,"6,200.00"
2020-12-01,2020120104002175,SGI,57,58,10,620.00,"6,200.00"
2020-12-01,2020120104002194,SGI,57,28,390,620.00,"241,800.00"
2020-12-01,2020120104002193,SGI,21,28,100,621.00,"62,100.00"
2020-12-01,2020120104002192,SGI,45,28,19,621.00,"11,799.00"
2020-12-01,2020120104002190,SGI,45,34,10,621.00,"6,210.00"
2020-12-01,2020120104002189,SGI,45,58,10,621.00,"6,210.00"
2020-12-01,2020120104002184,SGI,45,58,10,621.00,"6,210.00"
2020-12-01,2020120104002216,SGI,38,21,10,618.00,"6,180.00"
2020-12-01,2020120104002215,SGI,19,46,10,618.00,"6,180.00"
2020-12-01,2020120104002214,SGI,19,42,10,618.00,"6,180.00"
2020-12-01,2020120104002211,SGI,19,42,10,618.00,"6,180.00"
2020-12-01,2020120104002203,SGI,19,58,10,618.00,"6,180.00"
2020-12-01,2020120104002195,SGI,45,38,10,619.00,"6,190.00"
2020-12-01,2020120104002243,SGI,48,16,10,619.00,"6,190.00"
2020-12-01,2020120104002231,SGI,38,49,10,618.00,"6,180.00"
2020-12-01,2020120104002227,SGI,38,10,10,618.00,"6,180.00"
2020-12-01,2020120104002224,SGI,38,21,10,618.00,"6,180.00"
2020-12-01,2020120104002218,SGI,38,21,10,618.00,"6,180.00"
2020-12-01,2020120104002217,SGI,38,10,10,618.00,"6,180.00"
2020-12-01,2020120104002264,SGI,33,34,10,617.00,"6,170.00"
2020-12-01,2020120104002255,SGI,33,49,110,617.00,"67,870.00"
2020-12-01,2020120104002254,SGI,34,49,140,617.00,"86,380.00"
2020-12-01,2020120104002253,SGI,33,49,10,618.00,"6,180.00"
2020-12-01,2020120104002252,SGI,38,49,40,618.00,"24,720.00"
2020-12-01,2020120104002244,SGI,48,28,290,620.00,"179,800.00"
2020-12-01,2020120104002278,SGI,29,28,191,620.00,"118,420.00"
2020-12-01,2020120104002277,SGI,29,32,10,618.00,"6,180.00"
2020-12-01,2020120104002273,SGI,33,49,10,617.00,"6,170.00"
2020-12-01,2020120104002270,SGI,33,34,10,617.00,"6,170.00"
2020-12-01,2020120104002268,SGI,33,17,10,617.00,"6,170.00"
2020-12-01,2020120104002267,SGI,49,42,10,618.00,"6,180.00"
2020-12-01,2020120104002291,SGI,33,59,10,617.00,"6,170.00"
2020-12-01,2020120104002284,SGI,33,46,10,617.00,"6,170.00"
2020-12-01,2020120104002283,SGI,33,6,10,617.00,"6,170.00"
2020-12-01,2020120104002282,SGI,33,51,10,617.00,"6,170.00"
2020-12-01,2020120104002281,SGI,49,58,10,620.00,"6,200.00"
2020-12-01,2020120104002279,SGI,29,42,10,620.00,"6,200.00"
2020-12-01,2020120104002304,SGI,52,45,10,618.00,"6,180.00"
2020-12-01,2020120104002302,SGI,49,45,10,620.00,"6,200.00"
2020-12-01,2020120104002301,SGI,49,44,10,620.00,"6,200.00"
2020-12-01,2020120104002300,SGI,52,46,10,618.00,"6,180.00"
2020-12-01,2020120104002295,SGI,52,29,10,618.00,"6,180.00"
2020-12-01,2020120104002294,SGI,52,46,10,618.00,"6,180.00"
2020-12-01,2020120104002311,SGI,29,49,10,620.00,"6,200.00"
2020-12-01,2020120104002310,SGI,29,25,10,617.00,"6,170.00"
2020-12-01,2020120104002309,SGI,33,25,20,617.00,"12,340.00"
2020-12-01,2020120104002308,SGI,33,25,300,617.00,"185,100.00"
2020-12-01,2020120104002307,SGI,33,51,10,617.00,"6,170.00"
2020-12-01,2020120104002305,SGI,52,33,10,618.00,"6,180.00"
2020-12-01,2020120104002327,SGI,57,49,10,616.00,"6,160.00"
2020-12-01,2020120104002326,SGI,19,49,270,616.00,"166,320.00"
2020-12-01,2020120104002325,SGI,50,49,100,617.00,"61,700.00"
2020-12-01,2020120104002324,SGI,1,49,290,617.00,"178,930.00"
2020-12-01,2020120104002320,SGI,1,52,10,617.00,"6,170.00"
2020-12-01,2020120104002313,SGI,19,32,10,616.00,"6,160.00"
2020-12-01,2020120104002338,SGI,39,49,430,616.00,"264,880.00"
2020-12-01,2020120104002337,SGI,34,49,150,616.00,"92,400.00"
2020-12-01,2020120104002336,SGI,5,49,50,616.00,"30,800.00"
2020-12-01,2020120104002335,SGI,34,51,10,616.00,"6,160.00"
2020-12-01,2020120104002332,SGI,34,43,10,616.00,"6,160.00"
2020-12-01,2020120104002328,SGI,34,49,30,616.00,"18,480.00"
2020-12-01,2020120104002358,SGI,1,19,10,616.00,"6,160.00"
2020-12-01,2020120104002343,SGI,1,58,10,616.00,"6,160.00"
2020-12-01,2020120104002342,SGI,28,44,60,617.00,"37,020.00"
2020-12-01,2020120104002341,SGI,28,29,10,617.00,"6,170.00"
2020-12-01,2020120104002340,SGI,28,28,10,617.00,"6,170.00"
2020-12-01,2020120104002339,SGI,1,49,70,616.00,"43,120.00"
2020-12-01,2020120104002368,SGI,19,25,10,617.00,"6,170.00"
2020-12-01,2020120104002367,SGI,19,44,50,617.00,"30,850.00"
2020-12-01,2020120104002366,SGI,56,58,10,616.00,"6,160.00"
2020-12-01,2020120104002364,SGI,56,28,10,616.00,"6,160.00"
2020-12-01,2020120104002360,SGI,56,25,10,616.00,"6,160.00"
2020-12-01,2020120104002359,SGI,1,25,410,616.00,"252,560.00"
2020-12-01,2020120104002376,SGI,49,49,10,620.00,"6,200.00"
2020-12-01,2020120104002375,SGI,49,57,10,619.00,"6,190.00"
2020-12-01,2020120104002374,SGI,49,45,10,618.00,"6,180.00"
2020-12-01,2020120104002373,SGI,49,35,100,618.00,"61,800.00"
2020-12-01,2020120104002371,SGI,56,13,10,616.00,"6,160.00"
2020-12-01,2020120104002370,SGI,56,42,10,616.00,"6,160.00"
2020-12-01,2020120104002382,SGI,49,34,10,621.00,"6,210.00"
2020-12-01,2020120104002381,SGI,49,42,10,621.00,"6,210.00"
2020-12-01,2020120104002380,SGI,49,21,10,620.00,"6,200.00"
2020-12-01,2020120104002379,SGI,49,58,10,620.00,"6,200.00"
2020-12-01,2020120104002378,SGI,49,42,10,620.00,"6,200.00"
2020-12-01,2020120104002377,SGI,49,45,10,620.00,"6,200.00"
2020-12-01,2020120104002390,SGI,49,42,10,621.00,"6,210.00"
2020-12-01,2020120104002387,SGI,49,45,10,621.00,"6,210.00"
2020-12-01,2020120104002386,SGI,49,28,10,621.00,"6,210.00"
2020-12-01,2020120104002385,SGI,49,58,10,621.00,"6,210.00"
2020-12-01,2020120104002384,SGI,49,49,10,621.00,"6,210.00"
2020-12-01,2020120104002383,SGI,49,52,10,621.00,"6,210.00"
2020-12-01,2020120104002421,SGI,49,52,10,617.00,"6,170.00"
2020-12-01,2020120104002411,SGI,16,46,10,615.00,"6,150.00"
2020-12-01,2020120104002407,SGI,1,25,170,616.00,"104,720.00"
2020-12-01,2020120104002402,SGI,1,58,10,616.00,"6,160.00"
2020-12-01,2020120104002398,SGI,1,58,10,616.00,"6,160.00"
2020-12-01,2020120104002391,SGI,1,28,10,616.00,"6,160.00"
2020-12-01,2020120104002450,SGI,16,3,10,615.00,"6,150.00"
2020-12-01,2020120104002449,SGI,16,34,10,615.00,"6,150.00"
2020-12-01,2020120104002445,SGI,16,21,10,615.00,"6,150.00"
2020-12-01,2020120104002432,SGI,16,42,10,615.00,"6,150.00"
2020-12-01,2020120104002429,SGI,16,37,10,615.00,"6,150.00"
2020-12-01,2020120104002422,SGI,49,36,10,622.00,"6,220.00"
2020-12-01,2020120104002471,SGI,16,13,10,615.00,"6,150.00"
2020-12-01,2020120104002470,SGI,16,3,10,615.00,"6,150.00"
2020-12-01,2020120104002467,SGI,16,3,10,615.00,"6,150.00"
2020-12-01,2020120104002466,SGI,16,49,10,615.00,"6,150.00"
2020-12-01,2020120104002454,SGI,16,57,10,615.00,"6,150.00"
2020-12-01,2020120104002453,SGI,16,35,10,615.00,"6,150.00"
2020-12-01,2020120104002488,SGI,16,29,10,615.00,"6,150.00"
2020-12-01,2020120104002482,SGI,18,38,10,618.00,"6,180.00"
2020-12-01,2020120104002478,SGI,18,25,10,618.00,"6,180.00"
2020-12-01,2020120104002477,SGI,18,38,10,618.00,"6,180.00"
2020-12-01,2020120104002474,SGI,18,3,10,618.00,"6,180.00"
2020-12-01,2020120104002473,SGI,18,29,10,618.00,"6,180.00"
2020-12-01,2020120104002501,SGI,57,38,10,616.00,"6,160.00"
2020-12-01,2020120104002500,SGI,38,45,10,620.00,"6,200.00"
2020-12-01,2020120104002499,SGI,38,28,10,620.00,"6,200.00"
2020-12-01,2020120104002498,SGI,38,21,10,620.00,"6,200.00"
2020-12-01,2020120104002495,SGI,16,58,10,615.00,"6,150.00"
2020-12-01,2020120104002490,SGI,16,38,10,615.00,"6,150.00"
2020-12-01,2020120104002479,STC,6,10,10,"6,255.00","62,550.00"
2020-12-01,2020120104002395,STC,40,10,10,"6,255.00","62,550.00"
2020-12-01,2020120104002394,STC,7,10,20,"6,265.00","125,300.00"
2020-12-01,2020120104002393,STC,43,10,10,"6,300.00","63,000.00"
2020-12-01,2020120104002392,STC,25,10,10,"6,350.00","63,500.00"
2020-12-01,2020120104002286,STC,43,10,50,"6,312.00","315,600.00"
2020-12-01,2020120104002285,STC,58,10,12,"6,350.00","76,200.00"
2020-12-01,2020120104002209,STC,38,10,60,"6,400.00","384,000.00"
2020-12-01,2020120104002191,STC,16,10,10,"6,355.00","63,550.00"
2020-12-01,2020120104002163,STC,33,45,50,"6,356.00","317,800.00"
2020-12-01,2020120104002160,STC,49,45,10,"6,450.00","64,500.00"
2020-12-01,2020120104001728,BBC,42,56,10,"3,300.00","33,000.00"
2020-12-01,2020120104001571,BBC,45,14,10,"3,301.00","33,010.00"
2020-12-01,2020120104002037,CMF1,35,43,"10,000",10.07,"100,700.00"
2020-12-01,2020120104001987,CMF1,7,55,100,10.06,"1,006.00"
2020-12-01,2020120104001798,CMF1,7,42,"2,500",10.06,"25,150.00"
2020-12-01,2020120104001567,CMF1,7,45,500,10.06,"5,030.00"
2020-12-01,2020120104002047,GIC,3,41,10,597.00,"5,970.00"
2020-12-01,2020120104002046,GIC,41,48,300,598.00,"179,400.00"
2020-12-01,2020120104002027,GIC,35,3,10,597.00,"5,970.00"
2020-12-01,2020120104002022,GIC,42,42,10,598.00,"5,980.00"
2020-12-01,2020120104002020,GIC,35,22,10,597.00,"5,970.00"
2020-12-01,2020120104002014,GIC,35,38,10,597.00,"5,970.00"
2020-12-01,2020120104001552,GIC,32,38,10,597.00,"5,970.00"
2020-12-01,2020120104001580,GIC,34,47,10,597.00,"5,970.00"
2020-12-01,2020120104001579,GIC,43,38,10,598.00,"5,980.00"
2020-12-01,2020120104001576,GIC,43,56,10,598.00,"5,980.00"
2020-12-01,2020120104001575,GIC,34,57,10,597.00,"5,970.00"
2020-12-01,2020120104001557,GIC,34,38,10,597.00,"5,970.00"
2020-12-01,2020120104001554,GIC,32,39,10,597.00,"5,970.00"
2020-12-01,2020120104001592,GIC,34,20,10,597.00,"5,970.00"
2020-12-01,2020120104001588,GIC,34,20,10,597.00,"5,970.00"
2020-12-01,2020120104001587,GIC,34,49,10,597.00,"5,970.00"
2020-12-01,2020120104001585,GIC,34,44,10,597.00,"5,970.00"
2020-12-01,2020120104001583,GIC,34,33,10,597.00,"5,970.00"
2020-12-01,2020120104001582,GIC,34,42,10,597.00,"5,970.00"
2020-12-01,2020120104001606,GIC,34,38,10,597.00,"5,970.00"
2020-12-01,2020120104001603,GIC,34,47,10,597.00,"5,970.00"
2020-12-01,2020120104001602,GIC,34,32,10,597.00,"5,970.00"
2020-12-01,2020120104001601,GIC,34,22,10,597.00,"5,970.00"
2020-12-01,2020120104001599,GIC,34,44,10,597.00,"5,970.00"
2020-12-01,2020120104001597,GIC,34,38,10,597.00,"5,970.00"
2020-12-01,2020120104001627,GIC,6,56,10,597.00,"5,970.00"
2020-12-01,2020120104001626,GIC,34,47,10,597.00,"5,970.00"
2020-12-01,2020120104001625,GIC,34,58,10,597.00,"5,970.00"
2020-12-01,2020120104001618,GIC,34,57,10,597.00,"5,970.00"
2020-12-01,2020120104001610,GIC,34,17,10,597.00,"5,970.00"
2020-12-01,2020120104001607,GIC,34,42,10,597.00,"5,970.00"
2020-12-01,2020120104001661,GIC,34,54,10,596.00,"5,960.00"
2020-12-01,2020120104001659,GIC,34,49,10,596.00,"5,960.00"
2020-12-01,2020120104001655,GIC,34,42,10,596.00,"5,960.00"
2020-12-01,2020120104001653,GIC,34,32,10,596.00,"5,960.00"
2020-12-01,2020120104001634,GIC,34,38,10,596.00,"5,960.00"
2020-12-01,2020120104001628,GIC,34,56,50,596.00,"29,800.00"
2020-12-01,2020120104001685,GIC,6,38,10,599.00,"5,990.00"
2020-12-01,2020120104001684,GIC,6,45,10,598.00,"5,980.00"
2020-12-01,2020120104001683,GIC,6,38,10,598.00,"5,980.00"
2020-12-01,2020120104001673,GIC,34,21,10,596.00,"5,960.00"
2020-12-01,2020120104001670,GIC,34,34,20,596.00,"11,920.00"
2020-12-01,2020120104001664,GIC,34,22,10,596.00,"5,960.00"
2020-12-01,2020120104001750,GIC,6,38,10,599.00,"5,990.00"
2020-12-01,2020120104001747,GIC,6,14,10,599.00,"5,990.00"
2020-12-01,2020120104001746,GIC,6,34,10,599.00,"5,990.00"
2020-12-01,2020120104001745,GIC,6,14,10,599.00,"5,990.00"
2020-12-01,2020120104001742,GIC,6,36,10,599.00,"5,990.00"
2020-12-01,2020120104001686,GIC,6,37,10,599.00,"5,990.00"
2020-12-01,2020120104001778,GIC,6,19,10,599.00,"5,990.00"
2020-12-01,2020120104001774,GIC,6,49,10,599.00,"5,990.00"
2020-12-01,2020120104001758,GIC,6,6,10,599.00,"5,990.00"
2020-12-01,2020120104001753,GIC,6,47,10,599.00,"5,990.00"
2020-12-01,2020120104001752,GIC,6,19,10,599.00,"5,990.00"
2020-12-01,2020120104001751,GIC,6,14,10,599.00,"5,990.00"
2020-12-01,2020120104001784,GIC,52,21,10,600.00,"6,000.00"
2020-12-01,2020120104001783,GIC,52,49,10,600.00,"6,000.00"
2020-12-01,2020120104001782,GIC,52,16,10,600.00,"6,000.00"
2020-12-01,2020120104001781,GIC,52,40,10,600.00,"6,000.00"
2020-12-01,2020120104001780,GIC,52,1,10,600.00,"6,000.00"
2020-12-01,2020120104001779,GIC,6,49,10,599.00,"5,990.00"
2020-12-01,2020120104001800,GIC,41,35,10,598.00,"5,980.00"
2020-12-01,2020120104001799,GIC,41,47,10,598.00,"5,980.00"
2020-12-01,2020120104001793,GIC,41,53,380,598.00,"227,240.00"
2020-12-01,2020120104001792,GIC,50,53,100,599.00,"59,900.00"
2020-12-01,2020120104001791,GIC,6,53,30,599.00,"17,970.00"
2020-12-01,2020120104001785,GIC,6,10,10,599.00,"5,990.00"
2020-12-01,2020120104001810,GIC,14,49,270,600.00,"162,000.00"
2020-12-01,2020120104001809,GIC,14,49,30,600.00,"18,000.00"
2020-12-01,2020120104001808,GIC,14,16,10,600.00,"6,000.00"
2020-12-01,2020120104001805,GIC,34,35,10,599.00,"5,990.00"
2020-12-01,2020120104001804,GIC,34,49,10,599.00,"5,990.00"
2020-12-01,2020120104001803,GIC,34,39,10,599.00,"5,990.00"
2020-12-01,2020120104001831,GIC,34,47,10,599.00,"5,990.00"
2020-12-01,2020120104001830,GIC,34,44,10,599.00,"5,990.00"
2020-12-01,2020120104001825,GIC,14,17,200,601.00,"120,200.00"
2020-12-01,2020120104001823,GIC,14,40,10,600.00,"6,000.00"
2020-12-01,2020120104001817,GIC,14,47,10,600.00,"6,000.00"
2020-12-01,2020120104001811,GIC,14,43,10,600.00,"6,000.00"
2020-12-01,2020120104001847,GIC,26,34,10,599.00,"5,990.00"
2020-12-01,2020120104001846,GIC,26,35,10,599.00,"5,990.00"
2020-12-01,2020120104001844,GIC,26,49,10,599.00,"5,990.00"
2020-12-01,2020120104001843,GIC,26,48,20,599.00,"11,980.00"
2020-12-01,2020120104001841,GIC,41,49,10,598.00,"5,980.00"
2020-12-01,2020120104001840,GIC,41,39,10,598.00,"5,980.00"
2020-12-01,2020120104001879,GIC,48,47,10,600.00,"6,000.00"
2020-12-01,2020120104001878,GIC,26,52,10,599.00,"5,990.00"
2020-12-01,2020120104001871,GIC,26,38,10,599.00,"5,990.00"
2020-12-01,2020120104001857,GIC,26,36,10,599.00,"5,990.00"
2020-12-01,2020120104001852,GIC,26,49,10,599.00,"5,990.00"
2020-12-01,2020120104001850,GIC,26,57,10,599.00,"5,990.00"
2020-12-01,2020120104001891,GIC,26,35,10,599.00,"5,990.00"
2020-12-01,2020120104001885,GIC,26,49,10,599.00,"5,990.00"
2020-12-01,2020120104001884,GIC,26,57,10,599.00,"5,990.00"
2020-12-01,2020120104001882,GIC,26,17,10,599.00,"5,990.00"
2020-12-01,2020120104001881,GIC,48,58,10,600.00,"6,000.00"
2020-12-01,2020120104001880,GIC,48,42,10,600.00,"6,000.00"
2020-12-01,2020120104001904,GIC,26,49,10,599.00,"5,990.00"
2020-12-01,2020120104001901,GIC,26,14,10,599.00,"5,990.00"
2020-12-01,2020120104001899,GIC,26,38,10,599.00,"5,990.00"
2020-12-01,2020120104001898,GIC,26,6,10,599.00,"5,990.00"
2020-12-01,2020120104001896,GIC,26,43,10,599.00,"5,990.00"
2020-12-01,2020120104001892,GIC,26,38,10,599.00,"5,990.00"
2020-12-01,2020120104001917,GIC,44,34,97,599.00,"58,103.00"
2020-12-01,2020120104001916,GIC,14,34,30,599.00,"17,970.00"
2020-12-01,2020120104001912,GIC,14,49,10,599.00,"5,990.00"
2020-12-01,2020120104001910,GIC,14,43,10,599.00,"5,990.00"
2020-12-01,2020120104001907,GIC,6,8,10,599.00,"5,990.00"
2020-12-01,2020120104001906,GIC,6,49,10,599.00,"5,990.00"
2020-12-01,2020120104001931,GIC,42,43,10,599.00,"5,990.00"
2020-12-01,2020120104001930,GIC,42,34,73,599.00,"43,727.00"
2020-12-01,2020120104001927,GIC,41,49,10,598.00,"5,980.00"
2020-12-01,2020120104001926,GIC,41,52,10,598.00,"5,980.00"
2020-12-01,2020120104001919,GIC,41,38,10,598.00,"5,980.00"
2020-12-01,2020120104001918,GIC,38,34,100,599.00,"59,900.00"
2020-12-01,2020120104001954,GIC,42,22,20,598.00,"11,960.00"
2020-12-01,2020120104001953,GIC,41,22,20,598.00,"11,960.00"
2020-12-01,2020120104001952,GIC,41,45,10,598.00,"5,980.00"
2020-12-01,2020120104001951,GIC,41,35,10,598.00,"5,980.00"
2020-12-01,2020120104001942,GIC,41,28,10,598.00,"5,980.00"
2020-12-01,2020120104001932,GIC,42,58,17,600.00,"10,200.00"
2020-12-01,2020120104001981,GIC,36,34,10,598.00,"5,980.00"
2020-12-01,2020120104001971,GIC,35,34,40,599.00,"23,960.00"
2020-12-01,2020120104001970,GIC,35,14,10,599.00,"5,990.00"
2020-12-01,2020120104001968,GIC,34,10,10,596.00,"5,960.00"
2020-12-01,2020120104001967,GIC,34,49,10,596.00,"5,960.00"
2020-12-01,2020120104001961,GIC,34,58,10,596.00,"5,960.00"
2020-12-01,2020120104001999,GIC,33,41,10,599.00,"5,990.00"
2020-12-01,2020120104001998,GIC,33,34,60,599.00,"35,940.00"
2020-12-01,2020120104001996,GIC,36,59,10,598.00,"5,980.00"
2020-12-01,2020120104001995,GIC,21,34,100,599.00,"59,900.00"
2020-12-01,2020120104001990,GIC,36,59,10,598.00,"5,980.00"
2020-12-01,2020120104001986,GIC,38,47,10,598.00,"5,980.00"
2020-12-01,2020120104002013,GIC,35,42,10,597.00,"5,970.00"
2020-12-01,2020120104002005,GIC,35,29,10,597.00,"5,970.00"
2020-12-01,2020120104002004,GIC,35,41,10,597.00,"5,970.00"
2020-12-01,2020120104002002,GIC,33,14,120,599.00,"71,880.00"
2020-12-01,2020120104002001,GIC,33,41,10,599.00,"5,990.00"
2020-12-01,2020120104002000,GIC,33,36,100,599.00,"59,900.00"
2020-12-01,2020120104001815,GIMES1,7,55,"1,000",11.33,"11,330.00"
2020-12-01,2020120104001814,GIMES1,7,49,"4,000",11.32,"45,280.00"
2020-12-01,2020120104001813,GIMES1,7,57,"5,000",11.31,"56,550.00"
2020-12-01,2020120104001812,GIMES1,7,17,"5,000",11.30,"56,500.00"
2020-12-01,2020120104001651,GIMES1,42,50,"102,541",11.30,"1,158,713.30"
2020-12-01,2020120104001632,GIMES1,42,32,"10,000",11.25,"112,500.00"
2020-12-01,2020120104001551,GIMES1,7,42,"2,000",11.04,"22,080.00"
2020-12-01,2020120104001566,LEMF,34,45,500,9.69,"4,845.00"
2020-12-01,2020120104001929,LUK,41,45,100,9.55,955.00
2020-12-01,2020120104001559,LUK,41,55,200,9.55,"1,910.00"
2020-12-01,2020120104002028,NBF2,13,45,500,9.95,"4,975.00"
2020-12-01,2020120104001939,NBF2,34,25,100,9.85,985.00
2020-12-01,2020120104001802,NBF2,58,58,100,9.99,999.00
2020-12-01,2020120104001754,NBF2,58,38,"1,000",9.83,"9,830.00"
2020-12-01,2020120104001563,NBF2,1,49,"1,000",9.81,"9,810.00"
2020-12-01,2020120104001562,NBF2,35,49,"2,500",9.81,"24,525.00"
2020-12-01,2020120104001561,NBF2,13,49,100,9.81,981.00
2020-12-01,2020120104001558,NBF2,13,45,500,9.81,"4,905.00"
2020-12-01,2020120104002015,NEF,13,22,966,9.97,"9,631.02"
2020-12-01,2020120104001977,NEF,21,22,724,9.98,"7,225.52"
2020-12-01,2020120104001976,NEF,21,22,724,9.98,"7,225.52"
2020-12-01,2020120104001937,NEF,53,37,"1,127",9.84,"11,089.68"
2020-12-01,2020120104001890,NEF,47,42,483,9.90,"4,781.70"
2020-12-01,2020120104001740,NEF,53,45,"1,977",9.84,"19,453.68"
2020-12-01,2020120104001590,NEF,41,42,"2,414",9.85,"23,777.90"
2020-12-01,2020120104001564,NEF,41,45,241,9.85,"2,373.85"
2020-12-01,2020120104001739,NEF,54,45,276,9.95,"2,746.20"
2020-12-01,2020120104001660,NEF,54,22,724,9.95,"7,203.80"
2020-12-01,2020120104001622,NEF,53,42,157,9.85,"1,546.45"
2020-12-01,2020120104001615,NEF,41,42,"1,968",9.85,"19,384.80"
2020-12-01,2020120104001614,NEF,47,42,289,9.87,"2,852.43"
2020-12-01,2020120104001595,NEF,47,22,211,9.87,"2,082.57"
2020-12-01,2020120104001935,NIBLPF,36,37,"1,010",10.10,"10,201.00"
2020-12-01,2020120104001914,NIBLPF,36,34,"1,010",10.10,"10,201.00"
2020-12-01,2020120104001909,NIBLPF,36,34,"1,010",10.10,"10,201.00"
2020-12-01,2020120104001895,NIBLPF,36,22,"1,515",10.10,"15,301.50"
2020-12-01,2020120104001832,NIBLPF,17,42,"2,525",10.15,"25,628.75"
2020-12-01,2020120104001820,NIBLPF,36,22,"1,515",10.10,"15,301.50"
2020-12-01,2020120104001773,NIBLPF,36,38,"1,353",10.10,"13,665.30"
2020-12-01,2020120104001772,NIBLPF,14,38,376,10.12,"3,805.12"
2020-12-01,2020120104001770,NIBLPF,14,39,"1,263",10.12,"12,781.56"
2020-12-01,2020120104002036,NIBPO,6,11,85,434.00,"36,890.00"
2020-12-01,2020120104002035,NIBPO,6,49,327,432.00,"141,264.00"
2020-12-01,2020120104002034,NIBPO,6,39,227,432.00,"98,064.00"
2020-12-01,2020120104002033,NIBPO,6,39,121,432.00,"52,272.00"
2020-12-01,2020120104002032,NIBPO,6,39,24,432.00,"10,368.00"
2020-12-01,2020120104002031,NIBPO,6,39,50,432.00,"21,600.00"
2020-12-01,2020120104001687,NIBPO,17,11,59,430.00,"25,370.00"
2020-12-01,2020120104001647,NIBPO,17,29,41,430.00,"17,630.00"
2020-12-01,2020120104002030,NIBPO,6,18,766,431.00,"330,146.00"
2020-12-01,2020120104002007,NIBPO,58,35,830,430.00,"356,900.00"
2020-12-01,2020120104001933,NIBPO,58,56,450,430.00,"193,500.00"
2020-12-01,2020120104001925,NIBPO,17,56,150,430.00,"64,500.00"
2020-12-01,2020120104001796,NIBPO,49,56,54,428.00,"23,112.00"
2020-12-01,2020120104001738,NIBPO,49,49,75,430.00,"32,250.00"
2020-12-01,2020120104001975,NIBSF1,39,21,"3,000",10.95,"32,850.00"
2020-12-01,2020120104001682,NIBSF1,25,32,"4,300",11.00,"47,300.00"
2020-12-01,2020120104001609,NIBSF1,25,45,700,10.95,"7,665.00"
2020-12-01,2020120104001936,NICBF,17,42,"1,000",9.84,"9,840.00"
2020-12-01,2020120104001886,NICBF,17,25,100,10.04,"1,004.00"
2020-12-01,2020120104001859,NICBF,17,58,400,10.04,"4,016.00"
2020-12-01,2020120104001853,NICBF,17,45,200,10.01,"2,002.00"
2020-12-01,2020120104001795,NICBF,53,58,500,9.84,"4,920.00"
2020-12-01,2020120104001630,NICBF,14,45,350,9.80,"3,430.00"
2020-12-01,2020120104001617,NICBF,14,45,300,9.80,"2,940.00"
2020-12-01,2020120104001598,NICBF,14,1,100,9.80,980.00
2020-12-01,2020120104001988,NICGF,13,55,100,10.30,"1,030.00"
2020-12-01,2020120104001938,NICGF,35,42,"2,500",10.21,"25,525.00"
2020-12-01,2020120104001819,NICGF,48,57,100,10.18,"1,018.00"
2020-12-01,2020120104001616,NICGF,34,45,500,10.14,"5,070.00"
2020-12-01,2020120104001856,NMB50,53,25,100,10.01,"1,001.00"
2020-12-01,2020120104001681,NMB50,42,4,"72,200",10.20,"736,440.00"
2020-12-01,2020120104001680,NMB50,42,4,"17,800",10.20,"181,560.00"
2020-12-01,2020120104001679,NMB50,42,4,"50,000",10.19,"509,500.00"
2020-12-01,2020120104001678,NMB50,42,34,"1,000",10.18,"10,180.00"
2020-12-01,2020120104001677,NMB50,42,41,100,10.18,"1,018.00"
2020-12-01,2020120104001570,NMB50,53,45,300,10.01,"3,003.00"
2020-12-01,2020120104001676,NMB50,42,59,"5,000",10.18,"50,900.00"
2020-12-01,2020120104001675,NMB50,42,4,"26,100",10.16,"265,176.00"
2020-12-01,2020120104001669,NMB50,42,4,"73,900",10.16,"750,824.00"
2020-12-01,2020120104001668,NMB50,42,41,300,10.15,"3,045.00"
2020-12-01,2020120104001667,NMB50,42,50,"24,800",10.14,"251,472.00"
2020-12-01,2020120104001666,NMB50,42,41,"1,000",10.13,"10,130.00"
2020-12-01,2020120104002050,NMBHF1,8,8,"3,156",10.21,"32,222.76"
2020-12-01,2020120104002049,NMBHF1,8,8,922,10.21,"9,413.62"
2020-12-01,2020120104002039,NMBHF1,8,8,"4,078",10.21,"41,636.38"
2020-12-01,2020120104002012,NMBHF1,8,19,"1,902",10.29,"19,571.58"
2020-12-01,2020120104002011,NMBHF1,8,46,"1,000",10.26,"10,260.00"
2020-12-01,2020120104002010,NMBHF1,8,43,"7,098",10.24,"72,683.52"
2020-12-01,2020120104001905,NMBHF1,22,1,416,10.10,"4,201.60"
2020-12-01,2020120104001777,NMBHF1,43,51,"24,213",10.20,"246,972.60"
2020-12-01,2020120104001776,NMBHF1,43,6,320,10.14,"3,244.80"
2020-12-01,2020120104001775,NMBHF1,22,39,"1,664",10.10,"16,806.40"
2020-12-01,2020120104001672,NMBHF1,22,45,500,10.10,"5,050.00"
2020-12-01,2020120104002026,RBCLPO,59,58,85,"15,980.00","1,358,300.00"
2020-12-01,2020120104002025,RBCLPO,59,50,20,"15,980.00","319,600.00"
2020-12-01,2020120104002024,RBCLPO,59,6,11,"15,980.00","175,780.00"
2020-12-01,2020120104002023,RBCLPO,59,45,81,"15,850.00","1,283,850.00"
2020-12-01,2020120104002019,RBCLPO,35,43,50,"15,810.00","790,500.00"
2020-12-01,2020120104001991,RBCLPO,35,33,10,"15,810.00","158,100.00"
2020-12-01,2020120104001980,RBCLPO,35,56,25,"15,810.00","395,250.00"
2020-12-01,2020120104001959,RBCLPO,35,58,200,"15,693.00","3,138,600.00"
2020-12-01,2020120104001958,RBCLPO,35,58,20,"15,693.00","313,860.00"
2020-12-01,2020120104001957,RBCLPO,35,59,50,"15,690.00","784,500.00"
2020-12-01,2020120104001956,RBCLPO,35,41,30,"15,685.00","470,550.00"
2020-12-01,2020120104001940,RBCLPO,59,59,400,"15,500.00","6,200,000.00"
2020-12-01,2020120104002041,SAEF,6,59,"1,000",11.13,"11,130.00"
2020-12-01,2020120104001992,SAEF,6,42,"2,500",11.13,"27,825.00"
2020-12-01,2020120104001944,SAEF,6,34,"8,700",11.14,"96,918.00"
2020-12-01,2020120104001943,SAEF,6,55,"1,000",11.13,"11,130.00"
2020-12-01,2020120104001584,SAEF,6,32,"2,700",11.15,"30,105.00"
2020-12-01,2020120104001574,SAEF,6,45,600,11.15,"6,690.00"
2020-12-01,2020120104001806,SBIBD86,6,45,100,"1,011.00","101,100.00"
2020-12-01,2020120104001877,SEF,53,39,"1,000",10.25,"10,250.00"
2020-12-01,2020120104001876,SEF,53,57,500,10.25,"5,125.00"
2020-12-01,2020120104001875,SEF,53,45,"1,700",10.25,"17,425.00"
2020-12-01,2020120104001874,SEF,53,7,"1,000",10.25,"10,250.00"
2020-12-01,2020120104001821,SEF,53,34,"6,500",10.24,"66,560.00"
2020-12-01,2020120104001577,SEF,56,45,500,10.09,"5,045.00"
2020-12-01,2020120104002008,SFMF,17,42,"1,000",10.00,"10,000.00"
2020-12-01,2020120104002048,SGI,34,58,10,617.00,"6,170.00"
2020-12-01,2020120104002045,SGI,34,59,10,617.00,"6,170.00"
2020-12-01,2020120104002044,SGI,34,41,90,617.00,"55,530.00"
2020-12-01,2020120104002043,SGI,25,41,200,617.00,"123,400.00"
2020-12-01,2020120104002042,SGI,51,41,10,617.00,"6,170.00"
2020-12-01,2020120104002040,SGI,51,38,10,617.00,"6,170.00"
2020-12-01,2020120104001556,SGI,52,41,10,616.00,"6,160.00"
2020-12-01,2020120104001555,SGI,52,20,10,616.00,"6,160.00"
2020-12-01,2020120104001553,SGI,52,47,10,616.00,"6,160.00"
2020-12-01,2020120104001578,SGI,5,45,10,616.00,"6,160.00"
2020-12-01,2020120104001572,SGI,5,41,10,616.00,"6,160.00"
2020-12-01,2020120104001569,SGI,5,38,10,616.00,"6,160.00"
2020-12-01,2020120104001568,SGI,5,41,10,616.00,"6,160.00"
2020-12-01,2020120104001565,SGI,5,38,10,616.00,"6,160.00"
2020-12-01,2020120104001560,SGI,52,41,10,616.00,"6,160.00"
2020-12-01,2020120104001594,SGI,5,58,10,616.00,"6,160.00"
2020-12-01,2020120104001593,SGI,5,38,10,616.00,"6,160.00"
2020-12-01,2020120104001591,SGI,5,58,10,616.00,"6,160.00"
2020-12-01,2020120104001589,SGI,5,47,10,616.00,"6,160.00"
2020-12-01,2020120104001586,SGI,5,47,10,616.00,"6,160.00"
2020-12-01,2020120104001581,SGI,5,33,10,616.00,"6,160.00"
2020-12-01,2020120104001611,SGI,38,45,10,616.00,"6,160.00"
2020-12-01,2020120104001608,SGI,16,22,10,615.00,"6,150.00"
2020-12-01,2020120104001605,SGI,16,44,10,615.00,"6,150.00"
2020-12-01,2020120104001604,SGI,16,59,10,615.00,"6,150.00"
2020-12-01,2020120104001600,SGI,16,38,10,615.00,"6,150.00"
2020-12-01,2020120104001596,SGI,5,44,10,616.00,"6,160.00"
2020-12-01,2020120104001624,SGI,16,42,10,615.00,"6,150.00"
2020-12-01,2020120104001623,SGI,16,47,10,615.00,"6,150.00"
2020-12-01,2020120104001621,SGI,16,57,10,615.00,"6,150.00"
2020-12-01,2020120104001620,SGI,16,22,10,615.00,"6,150.00"
2020-12-01,2020120104001613,SGI,38,52,10,616.00,"6,160.00"
2020-12-01,2020120104001612,SGI,38,47,10,616.00,"6,160.00"
2020-12-01,2020120104001641,SGI,17,57,10,617.00,"6,170.00"
2020-12-01,2020120104001640,SGI,17,49,10,617.00,"6,170.00"
2020-12-01,2020120104001639,SGI,26,45,10,616.00,"6,160.00"
2020-12-01,2020120104001633,SGI,26,58,10,616.00,"6,160.00"
2020-12-01,2020120104001631,SGI,26,38,10,616.00,"6,160.00"
2020-12-01,2020120104001629,SGI,16,49,10,615.00,"6,150.00"
2020-12-01,2020120104001648,SGI,17,47,10,617.00,"6,170.00"
2020-12-01,2020120104001646,SGI,17,16,10,617.00,"6,170.00"
2020-12-01,2020120104001645,SGI,17,44,10,617.00,"6,170.00"
2020-12-01,2020120104001644,SGI,17,57,10,617.00,"6,170.00"
2020-12-01,2020120104001643,SGI,17,39,10,617.00,"6,170.00"
2020-12-01,2020120104001642,SGI,17,43,110,617.00,"67,870.00"
2020-12-01,2020120104001657,SGI,54,22,10,617.00,"6,170.00"
2020-12-01,2020120104001656,SGI,54,58,10,617.00,"6,170.00"
2020-12-01,2020120104001654,SGI,54,45,10,617.00,"6,170.00"
2020-12-01,2020120104001652,SGI,26,22,10,616.00,"6,160.00"
2020-12-01,2020120104001650,SGI,17,16,10,617.00,"6,170.00"
2020-12-01,2020120104001649,SGI,17,22,10,617.00,"6,170.00"
2020-12-01,2020120104001688,SGI,40,59,10,618.00,"6,180.00"
2020-12-01,2020120104001674,SGI,54,36,10,617.00,"6,170.00"
2020-12-01,2020120104001671,SGI,54,40,10,617.00,"6,170.00"
2020-12-01,2020120104001665,SGI,54,47,10,617.00,"6,170.00"
2020-12-01,2020120104001663,SGI,54,21,10,617.00,"6,170.00"
2020-12-01,2020120104001658,SGI,54,45,10,617.00,"6,170.00"
2020-12-01,2020120104001694,SGI,40,21,10,619.00,"6,190.00"
2020-12-01,2020120104001693,SGI,40,42,10,618.00,"6,180.00"
2020-12-01,2020120104001692,SGI,40,34,10,618.00,"6,180.00"
2020-12-01,2020120104001691,SGI,40,42,10,618.00,"6,180.00"
2020-12-01,2020120104001690,SGI,40,6,10,618.00,"6,180.00"
2020-12-01,2020120104001689,SGI,40,32,10,618.00,"6,180.00"
2020-12-01,2020120104001700,SGI,40,1,10,620.00,"6,200.00"
2020-12-01,2020120104001699,SGI,40,21,10,620.00,"6,200.00"
2020-12-01,2020120104001698,SGI,40,56,10,619.00,"6,190.00"
2020-12-01,2020120104001697,SGI,40,37,10,619.00,"6,190.00"
2020-12-01,2020120104001696,SGI,40,58,10,619.00,"6,190.00"
2020-12-01,2020120104001695,SGI,40,41,10,619.00,"6,190.00"
2020-12-01,2020120104001706,SGI,40,6,10,620.00,"6,200.00"
2020-12-01,2020120104001705,SGI,40,57,10,620.00,"6,200.00"
2020-12-01,2020120104001704,SGI,40,57,10,620.00,"6,200.00"
2020-12-01,2020120104001703,SGI,40,6,10,620.00,"6,200.00"
2020-12-01,2020120104001702,SGI,40,38,10,620.00,"6,200.00"
2020-12-01,2020120104001701,SGI,40,21,10,620.00,"6,200.00"
2020-12-01,2020120104001712,SGI,40,45,10,620.00,"6,200.00"
2020-12-01,2020120104001711,SGI,40,47,10,620.00,"6,200.00"
2020-12-01,2020120104001710,SGI,40,43,10,620.00,"6,200.00"
2020-12-01,2020120104001709,SGI,40,34,10,620.00,"6,200.00"
2020-12-01,2020120104001708,SGI,40,57,50,620.00,"31,000.00"
2020-12-01,2020120104001707,SGI,40,58,10,620.00,"6,200.00"
2020-12-01,2020120104001718,SGI,40,38,10,620.00,"6,200.00"
2020-12-01,2020120104001717,SGI,40,47,10,620.00,"6,200.00"
2020-12-01,2020120104001716,SGI,40,35,10,620.00,"6,200.00"
2020-12-01,2020120104001715,SGI,40,8,10,620.00,"6,200.00"
2020-12-01,2020120104001714,SGI,40,47,10,620.00,"6,200.00"
2020-12-01,2020120104001713,SGI,40,10,10,620.00,"6,200.00"
2020-12-01,2020120104001724,SGI,40,5,10,620.00,"6,200.00"
2020-12-01,2020120104001723,SGI,40,58,100,620.00,"62,000.00"
2020-12-01,2020120104001722,SGI,40,11,10,620.00,"6,200.00"
2020-12-01,2020120104001721,SGI,40,41,50,620.00,"31,000.00"
2020-12-01,2020120104001720,SGI,40,14,10,620.00,"6,200.00"
2020-12-01,2020120104001719,SGI,40,58,10,620.00,"6,200.00"
2020-12-01,2020120104001741,SGI,26,40,10,616.00,"6,160.00"
2020-12-01,2020120104001737,SGI,26,49,10,616.00,"6,160.00"
2020-12-01,2020120104001736,SGI,54,46,10,617.00,"6,170.00"
2020-12-01,2020120104001727,SGI,54,54,10,617.00,"6,170.00"
2020-12-01,2020120104001726,SGI,40,5,10,620.00,"6,200.00"
2020-12-01,2020120104001725,SGI,40,52,10,620.00,"6,200.00"
2020-12-01,2020120104001761,SGI,28,19,10,617.00,"6,170.00"
2020-12-01,2020120104001757,SGI,26,21,10,616.00,"6,160.00"
2020-12-01,2020120104001756,SGI,26,50,10,616.00,"6,160.00"
2020-12-01,2020120104001755,SGI,26,59,10,616.00,"6,160.00"
2020-12-01,2020120104001744,SGI,33,11,10,617.00,"6,170.00"
2020-12-01,2020120104001743,SGI,33,41,10,617.00,"6,170.00"
2020-12-01,2020120104001767,SGI,28,49,10,621.00,"6,210.00"
2020-12-01,2020120104001766,SGI,28,45,10,621.00,"6,210.00"
2020-12-01,2020120104001765,SGI,28,45,10,621.00,"6,210.00"
2020-12-01,2020120104001764,SGI,28,45,10,621.00,"6,210.00"
2020-12-01,2020120104001763,SGI,28,54,10,621.00,"6,210.00"
2020-12-01,2020120104001762,SGI,28,21,10,621.00,"6,210.00"
2020-12-01,2020120104001788,SGI,33,19,10,617.00,"6,170.00"
2020-12-01,2020120104001787,SGI,26,49,10,616.00,"6,160.00"
2020-12-01,2020120104001786,SGI,26,36,10,616.00,"6,160.00"
2020-12-01,2020120104001771,SGI,28,17,10,621.00,"6,210.00"
2020-12-01,2020120104001769,SGI,28,7,10,621.00,"6,210.00"
2020-12-01,2020120104001768,SGI,28,58,10,621.00,"6,210.00"
2020-12-01,2020120104001807,SGI,26,49,10,616.00,"6,160.00"
2020-12-01,2020120104001801,SGI,26,59,10,616.00,"6,160.00"
2020-12-01,2020120104001797,SGI,26,14,10,616.00,"6,160.00"
2020-12-01,2020120104001794,SGI,26,11,10,616.00,"6,160.00"
2020-12-01,2020120104001790,SGI,26,35,10,616.00,"6,160.00"
2020-12-01,2020120104001789,SGI,26,36,10,616.00,"6,160.00"
2020-12-01,2020120104001827,SGI,34,22,10,617.00,"6,170.00"
2020-12-01,2020120104001826,SGI,34,58,10,617.00,"6,170.00"
2020-12-01,2020120104001824,SGI,34,36,10,617.00,"6,170.00"
2020-12-01,2020120104001822,SGI,26,35,10,616.00,"6,160.00"
2020-12-01,2020120104001818,SGI,26,36,10,616.00,"6,160.00"
2020-12-01,2020120104001816,SGI,26,36,10,616.00,"6,160.00"
2020-12-01,2020120104001836,SGI,34,40,10,617.00,"6,170.00"
2020-12-01,2020120104001835,SGI,34,14,10,617.00,"6,170.00"
2020-12-01,2020120104001834,SGI,34,36,10,617.00,"6,170.00"
2020-12-01,2020120104001833,SGI,34,58,10,617.00,"6,170.00"
2020-12-01,2020120104001829,SGI,34,36,10,617.00,"6,170.00"
2020-12-01,2020120104001828,SGI,34,7,10,617.00,"6,170.00"
2020-12-01,2020120104001848,SGI,33,35,10,617.00,"6,170.00"
2020-12-01,2020120104001845,SGI,26,49,10,616.00,"6,160.00"
2020-12-01,2020120104001842,SGI,26,42,10,616.00,"6,160.00"
2020-12-01,2020120104001839,SGI,26,58,10,616.00,"6,160.00"
2020-12-01,2020120104001838,SGI,26,40,10,616.00,"6,160.00"
2020-12-01,2020120104001837,SGI,34,36,10,617.00,"6,170.00"
2020-12-01,2020120104001861,SGI,14,58,10,620.00,"6,200.00"
2020-12-01,2020120104001860,SGI,14,49,10,620.00,"6,200.00"
2020-12-01,2020120104001858,SGI,19,45,10,616.00,"6,160.00"
2020-12-01,2020120104001855,SGI,19,29,10,616.00,"6,160.00"
2020-12-01,2020120104001854,SGI,19,34,10,616.00,"6,160.00"
2020-12-01,2020120104001851,SGI,26,34,10,616.00,"6,160.00"
2020-12-01,2020120104001867,SGI,14,47,10,621.00,"6,210.00"
2020-12-01,2020120104001866,SGI,14,37,10,621.00,"6,210.00"
2020-12-01,2020120104001865,SGI,14,41,380,621.00,"235,980.00"
2020-12-01,2020120104001864,SGI,14,34,10,620.00,"6,200.00"
2020-12-01,2020120104001863,SGI,14,38,10,620.00,"6,200.00"
2020-12-01,2020120104001862,SGI,14,38,10,620.00,"6,200.00"
2020-12-01,2020120104001883,SGI,19,38,10,616.00,"6,160.00"
2020-12-01,2020120104001873,SGI,14,45,10,621.00,"6,210.00"
2020-12-01,2020120104001872,SGI,14,46,10,621.00,"6,210.00"
2020-12-01,2020120104001870,SGI,14,43,10,621.00,"6,210.00"
2020-12-01,2020120104001869,SGI,14,29,10,621.00,"6,210.00"
2020-12-01,2020120104001868,SGI,14,47,10,621.00,"6,210.00"
2020-12-01,2020120104001897,SGI,19,58,10,616.00,"6,160.00"
2020-12-01,2020120104001894,SGI,19,57,10,616.00,"6,160.00"
2020-12-01,2020120104001893,SGI,19,58,10,616.00,"6,160.00"
2020-12-01,2020120104001889,SGI,19,38,10,616.00,"6,160.00"
2020-12-01,2020120104001888,SGI,19,49,10,616.00,"6,160.00"
2020-12-01,2020120104001887,SGI,19,42,10,616.00,"6,160.00"
2020-12-01,2020120104001920,SGI,33,58,10,618.00,"6,180.00"
2020-12-01,2020120104001915,SGI,19,35,10,616.00,"6,160.00"
2020-12-01,2020120104001913,SGI,19,37,10,616.00,"6,160.00"
2020-12-01,2020120104001908,SGI,33,38,10,617.00,"6,170.00"
2020-12-01,2020120104001902,SGI,33,38,10,617.00,"6,170.00"
2020-12-01,2020120104001900,SGI,19,21,10,616.00,"6,160.00"
2020-12-01,2020120104001934,SGI,14,17,10,617.00,"6,170.00"
2020-12-01,2020120104001928,SGI,19,38,10,616.00,"6,160.00"
2020-12-01,2020120104001924,SGI,19,21,10,616.00,"6,160.00"
2020-12-01,2020120104001923,SGI,14,38,40,620.00,"24,800.00"
2020-12-01,2020120104001922,SGI,19,26,10,616.00,"6,160.00"
2020-12-01,2020120104001921,SGI,33,34,10,619.00,"6,190.00"
2020-12-01,2020120104001950,SGI,49,44,10,622.00,"6,220.00"
2020-12-01,2020120104001949,SGI,49,57,10,622.00,"6,220.00"
2020-12-01,2020120104001948,SGI,49,6,10,622.00,"6,220.00"
2020-12-01,2020120104001947,SGI,49,45,10,622.00,"6,220.00"
2020-12-01,2020120104001946,SGI,49,51,10,622.00,"6,220.00"
2020-12-01,2020120104001945,SGI,49,38,10,620.00,"6,200.00"
2020-12-01,2020120104001965,SGI,14,13,10,617.00,"6,170.00"
2020-12-01,2020120104001964,SGI,14,38,10,617.00,"6,170.00"
2020-12-01,2020120104001963,SGI,48,28,10,618.00,"6,180.00"
2020-12-01,2020120104001962,SGI,48,47,10,618.00,"6,180.00"
2020-12-01,2020120104001960,SGI,14,49,10,617.00,"6,170.00"
2020-12-01,2020120104001955,SGI,14,56,10,617.00,"6,170.00"
2020-12-01,2020120104001979,SGI,49,8,10,620.00,"6,200.00"
2020-12-01,2020120104001978,SGI,34,58,10,620.00,"6,200.00"
2020-12-01,2020120104001974,SGI,19,50,10,616.00,"6,160.00"
2020-12-01,2020120104001973,SGI,19,52,10,616.00,"6,160.00"
2020-12-01,2020120104001972,SGI,19,38,10,616.00,"6,160.00"
2020-12-01,2020120104001969,SGI,19,47,10,616.00,"6,160.00"
2020-12-01,2020120104002003,SGI,44,59,10,617.00,"6,170.00"
2020-12-01,2020120104001997,SGI,44,48,10,617.00,"6,170.00"
2020-12-01,2020120104001993,SGI,44,38,10,617.00,"6,170.00"
2020-12-01,2020120104001985,SGI,49,47,10,619.00,"6,190.00"
2020-12-01,2020120104001984,SGI,19,44,10,616.00,"6,160.00"
2020-12-01,2020120104001982,SGI,19,14,10,616.00,"6,160.00"
2020-12-01,2020120104002038,SGI,25,50,10,618.00,"6,180.00"
2020-12-01,2020120104002029,SGI,25,47,10,618.00,"6,180.00"
2020-12-01,2020120104002021,SGI,25,47,10,618.00,"6,180.00"
2020-12-01,2020120104002018,SGI,25,34,10,618.00,"6,180.00"
2020-12-01,2020120104002009,SGI,51,29,10,617.00,"6,170.00"
2020-12-01,2020120104002006,SGI,44,42,10,617.00,"6,170.00"
2020-12-01,2020120104002017,STC,17,54,197,"6,490.00","1,278,530.00"
2020-12-01,2020120104002016,STC,17,10,20,"6,450.00","129,000.00"
2020-12-01,2020120104001994,STC,52,5,12,"6,450.00","77,400.00"
2020-12-01,2020120104001989,STC,26,10,15,"6,445.00","96,675.00"
2020-12-01,2020120104001983,STC,28,45,10,"6,440.00","64,400.00"
2020-12-01,2020120104001966,STC,41,45,20,"6,440.00","128,800.00"
2020-12-01,2020120104001636,STC,41,10,10,"6,125.00","61,250.00"
2020-12-01,2020120104001635,STC,34,10,50,"6,126.00","306,300.00"
2020-12-01,2020120104001619,STC,8,25,11,"6,147.00","67,617.00"
2020-12-01,2020120104001573,STC,8,21,10,"6,147.00","61,470.00"
2020-12-01,2020120104001731,STC,58,10,30,"6,030.00","180,900.00"
2020-12-01,2020120104001730,STC,22,10,20,"6,032.00","120,640.00"
2020-12-01,2020120104001729,STC,28,10,10,"6,035.00","60,350.00"
2020-12-01,2020120104001662,STC,34,51,37,"6,125.00","226,625.00"
2020-12-01,2020120104001638,STC,34,10,50,"6,125.00","306,250.00"
2020-12-01,2020120104001637,STC,39,10,10,"6,125.00","61,250.00"
2020-12-01,2020120104001749,STC,25,10,10,"6,025.00","60,250.00"
2020-12-01,2020120104001748,STC,50,10,10,"6,050.00","60,500.00"
2020-12-01,2020120104001735,STC,22,10,10,"6,025.00","60,250.00"
2020-12-01,2020120104001734,STC,57,10,30,"6,025.00","180,750.00"
2020-12-01,2020120104001733,STC,38,10,10,"6,025.00","60,250.00"
2020-12-01,2020120104001732,STC,22,10,10,"6,025.00","60,250.00"
2020-12-01,2020120104001941,STC,41,10,10,"6,375.00","63,750.00"
2020-12-01,2020120104001911,STC,16,45,10,"6,250.00","62,500.00"
2020-12-01,2020120104001903,STC,54,10,10,"6,245.00","62,450.00"
2020-12-01,2020120104001849,STC,34,10,10,"6,123.00","61,230.00"
2020-12-01,2020120104001760,STC,45,10,10,"6,003.00","60,030.00"
2020-12-01,2020120104001759,STC,8,10,50,"6,003.00","300,150.00"
2020-12-01,2020120104001536,BBC,45,14,20,"3,301.00","66,020.00"
2020-12-01,2020120104001450,BBC,52,55,50,"3,305.00","165,250.00"
2020-12-01,2020120104001399,BBC,21,25,18,"3,302.00","59,436.00"
2020-12-01,2020120104001288,BBC,45,51,10,"3,365.00","33,650.00"
2020-12-01,2020120104001286,BBC,45,43,10,"3,364.00","33,640.00"
2020-12-01,2020120104001174,BBC,8,34,50,"3,366.00","168,300.00"
2020-12-01,2020120104001173,BBC,8,48,10,"3,308.00","33,080.00"
2020-12-01,2020120104001172,BBC,8,34,90,"3,308.00","297,720.00"
2020-12-01,2020120104001171,BBC,8,34,60,"3,307.00","198,420.00"
2020-12-01,2020120104001170,BBC,8,45,10,"3,305.00","33,050.00"
2020-12-01,2020120104001091,BBC,46,14,100,"3,300.00","330,000.00"
2020-12-01,2020120104001429,CCBLPO,34,37,"87,189",112.00,"9,765,168.00"
2020-12-01,2020120104001428,CCBLPO,34,37,"8,049",112.00,"901,488.00"
2020-12-01,2020120104001434,CMF1,57,59,"1,500",10.05,"15,075.00"
2020-12-01,2020120104001164,CMF1,16,29,200,10.02,"2,004.00"
2020-12-01,2020120104001163,CMF1,16,29,900,10.02,"9,018.00"
2020-12-01,2020120104001162,CMF1,34,29,400,10.10,"4,040.00"
2020-12-01,2020120104001542,GIC,32,41,10,597.00,"5,970.00"
2020-12-01,2020120104001539,GIC,32,43,10,597.00,"5,970.00"
2020-12-01,2020120104001537,GIC,32,46,140,597.00,"83,580.00"
2020-12-01,2020120104001534,GIC,32,49,10,597.00,"5,970.00"
2020-12-01,2020120104001531,GIC,32,35,10,597.00,"5,970.00"
2020-12-01,2020120104001528,GIC,14,38,10,599.00,"5,990.00"
2020-12-01,2020120104001051,GIC,11,45,10,598.00,"5,980.00"
2020-12-01,2020120104001059,GIC,45,7,10,599.00,"5,990.00"
2020-12-01,2020120104001057,GIC,11,51,10,598.00,"5,980.00"
2020-12-01,2020120104001056,GIC,11,51,150,598.00,"89,700.00"
2020-12-01,2020120104001054,GIC,11,53,10,598.00,"5,980.00"
2020-12-01,2020120104001053,GIC,11,34,10,598.00,"5,980.00"
2020-12-01,2020120104001052,GIC,11,52,10,598.00,"5,980.00"
2020-12-01,2020120104001073,GIC,50,58,10,600.00,"6,000.00"
2020-12-01,2020120104001072,GIC,50,43,10,600.00,"6,000.00"
2020-12-01,2020120104001071,GIC,50,38,10,600.00,"6,000.00"
2020-12-01,2020120104001069,GIC,45,17,10,599.00,"5,990.00"
2020-12-01,2020120104001068,GIC,45,28,10,599.00,"5,990.00"
2020-12-01,2020120104001065,GIC,45,40,10,599.00,"5,990.00"
2020-12-01,2020120104001079,GIC,50,6,10,600.00,"6,000.00"
2020-12-01,2020120104001078,GIC,50,8,10,600.00,"6,000.00"
2020-12-01,2020120104001077,GIC,50,6,10,600.00,"6,000.00"
2020-12-01,2020120104001076,GIC,50,6,10,600.00,"6,000.00"
2020-12-01,2020120104001075,GIC,50,3,10,600.00,"6,000.00"
2020-12-01,2020120104001074,GIC,50,43,10,600.00,"6,000.00"
2020-12-01,2020120104001096,GIC,45,35,10,599.00,"5,990.00"
2020-12-01,2020120104001092,GIC,45,45,10,599.00,"5,990.00"
2020-12-01,2020120104001090,GIC,45,36,10,599.00,"5,990.00"
2020-12-01,2020120104001086,GIC,45,40,10,599.00,"5,990.00"
2020-12-01,2020120104001085,GIC,45,45,10,599.00,"5,990.00"
2020-12-01,2020120104001080,GIC,50,45,10,600.00,"6,000.00"
2020-12-01,2020120104001109,GIC,45,58,10,599.00,"5,990.00"
2020-12-01,2020120104001106,GIC,45,17,100,599.00,"59,900.00"
2020-12-01,2020120104001103,GIC,45,40,10,599.00,"5,990.00"
2020-12-01,2020120104001102,GIC,45,43,250,599.00,"149,750.00"
2020-12-01,2020120104001099,GIC,45,40,10,599.00,"5,990.00"
2020-12-01,2020120104001098,GIC,45,38,10,599.00,"5,990.00"
2020-12-01,2020120104001119,GIC,38,40,10,599.00,"5,990.00"
2020-12-01,2020120104001118,GIC,38,20,10,599.00,"5,990.00"
2020-12-01,2020120104001116,GIC,38,34,10,599.00,"5,990.00"
2020-12-01,2020120104001115,GIC,38,59,10,599.00,"5,990.00"
2020-12-01,2020120104001113,GIC,45,26,10,599.00,"5,990.00"
2020-12-01,2020120104001110,GIC,45,34,10,599.00,"5,990.00"
2020-12-01,2020120104001133,GIC,38,40,10,599.00,"5,990.00"
2020-12-01,2020120104001131,GIC,38,8,10,599.00,"5,990.00"
2020-12-01,2020120104001129,GIC,38,58,10,599.00,"5,990.00"
2020-12-01,2020120104001125,GIC,38,40,10,599.00,"5,990.00"
2020-12-01,2020120104001124,GIC,38,20,10,599.00,"5,990.00"
2020-12-01,2020120104001123,GIC,38,28,10,599.00,"5,990.00"
2020-12-01,2020120104001145,GIC,11,25,10,598.00,"5,980.00"
2020-12-01,2020120104001144,GIC,11,28,298,598.00,"178,204.00"
2020-12-01,2020120104001141,GIC,11,43,10,598.00,"5,980.00"
2020-12-01,2020120104001139,GIC,11,43,50,598.00,"29,900.00"
2020-12-01,2020120104001138,GIC,11,43,10,598.00,"5,980.00"
2020-12-01,2020120104001136,GIC,11,25,10,598.00,"5,980.00"
2020-12-01,2020120104001152,GIC,26,17,20,598.00,"11,960.00"
2020-12-01,2020120104001151,GIC,25,17,50,598.00,"29,900.00"
2020-12-01,2020120104001150,GIC,11,17,102,598.00,"60,996.00"
2020-12-01,2020120104001148,GIC,54,21,60,599.00,"35,940.00"
2020-12-01,2020120104001147,GIC,54,8,30,599.00,"17,970.00"
2020-12-01,2020120104001146,GIC,54,52,10,599.00,"5,990.00"
2020-12-01,2020120104001166,GIC,49,21,90,599.00,"53,910.00"
2020-12-01,2020120104001165,GIC,49,42,10,598.00,"5,980.00"
2020-12-01,2020120104001158,GIC,49,3,10,598.00,"5,980.00"
2020-12-01,2020120104001155,GIC,49,17,18,598.00,"10,764.00"
2020-12-01,2020120104001154,GIC,43,17,300,598.00,"179,400.00"
2020-12-01,2020120104001153,GIC,6,17,10,598.00,"5,980.00"
2020-12-01,2020120104001184,GIC,45,25,10,597.00,"5,970.00"
2020-12-01,2020120104001177,GIC,45,42,10,597.00,"5,970.00"
2020-12-01,2020120104001176,GIC,45,41,10,597.00,"5,970.00"
2020-12-01,2020120104001169,GIC,45,25,10,597.00,"5,970.00"
2020-12-01,2020120104001168,GIC,45,29,10,597.00,"5,970.00"
2020-12-01,2020120104001167,GIC,49,56,50,600.00,"30,000.00"
2020-12-01,2020120104001203,GIC,45,45,110,597.00,"65,670.00"
2020-12-01,2020120104001199,GIC,45,39,10,597.00,"5,970.00"
2020-12-01,2020120104001195,GIC,45,35,10,597.00,"5,970.00"
2020-12-01,2020120104001194,GIC,45,39,10,597.00,"5,970.00"
2020-12-01,2020120104001192,GIC,45,38,10,597.00,"5,970.00"
2020-12-01,2020120104001188,GIC,45,42,10,597.00,"5,970.00"
2020-12-01,2020120104001225,GIC,45,43,10,597.00,"5,970.00"
2020-12-01,2020120104001223,GIC,45,38,10,597.00,"5,970.00"
2020-12-01,2020120104001213,GIC,45,6,10,597.00,"5,970.00"
2020-12-01,2020120104001212,GIC,45,25,10,597.00,"5,970.00"
2020-12-01,2020120104001205,GIC,45,35,10,597.00,"5,970.00"
2020-12-01,2020120104001204,GIC,45,6,10,597.00,"5,970.00"
2020-12-01,2020120104001247,GIC,45,44,10,597.00,"5,970.00"
2020-12-01,2020120104001243,GIC,45,38,10,597.00,"5,970.00"
2020-12-01,2020120104001242,GIC,45,45,10,597.00,"5,970.00"
2020-12-01,2020120104001241,GIC,45,25,10,597.00,"5,970.00"
2020-12-01,2020120104001240,GIC,45,43,10,597.00,"5,970.00"
2020-12-01,2020120104001238,GIC,45,58,10,597.00,"5,970.00"
2020-12-01,2020120104001306,GIC,35,43,10,598.00,"5,980.00"
2020-12-01,2020120104001305,GIC,35,43,10,598.00,"5,980.00"
2020-12-01,2020120104001304,GIC,35,43,10,598.00,"5,980.00"
2020-12-01,2020120104001303,GIC,35,32,10,598.00,"5,980.00"
2020-12-01,2020120104001265,GIC,45,32,10,597.00,"5,970.00"
2020-12-01,2020120104001254,GIC,45,44,10,597.00,"5,970.00"
2020-12-01,2020120104001329,GIC,10,19,10,598.00,"5,980.00"
2020-12-01,2020120104001328,GIC,10,48,10,598.00,"5,980.00"
2020-12-01,2020120104001310,GIC,35,43,10,598.00,"5,980.00"
2020-12-01,2020120104001309,GIC,35,43,10,598.00,"5,980.00"
2020-12-01,2020120104001308,GIC,35,42,10,598.00,"5,980.00"
2020-12-01,2020120104001307,GIC,35,51,10,598.00,"5,980.00"
2020-12-01,2020120104001349,GIC,6,32,10,599.00,"5,990.00"
2020-12-01,2020120104001347,GIC,10,48,10,598.00,"5,980.00"
2020-12-01,2020120104001339,GIC,10,43,10,598.00,"5,980.00"
2020-12-01,2020120104001336,GIC,10,50,10,598.00,"5,980.00"
2020-12-01,2020120104001331,GIC,10,58,10,598.00,"5,980.00"
2020-12-01,2020120104001330,GIC,10,45,10,598.00,"5,980.00"
2020-12-01,2020120104001364,GIC,6,38,10,599.00,"5,990.00"
2020-12-01,2020120104001362,GIC,6,21,10,599.00,"5,990.00"
2020-12-01,2020120104001353,GIC,6,56,10,599.00,"5,990.00"
2020-12-01,2020120104001352,GIC,6,53,10,599.00,"5,990.00"
2020-12-01,2020120104001351,GIC,6,19,10,599.00,"5,990.00"
2020-12-01,2020120104001350,GIC,6,55,10,599.00,"5,990.00"
2020-12-01,2020120104001374,GIC,41,58,200,597.00,"119,400.00"
2020-12-01,2020120104001373,GIC,25,58,80,597.00,"47,760.00"
2020-12-01,2020120104001372,GIC,1,58,50,597.00,"29,850.00"
2020-12-01,2020120104001371,GIC,45,58,150,597.00,"89,550.00"
2020-12-01,2020120104001370,GIC,10,58,230,598.00,"137,540.00"
2020-12-01,2020120104001369,GIC,35,58,108,598.00,"64,584.00"
2020-12-01,2020120104001384,GIC,43,56,50,600.00,"30,000.00"
2020-12-01,2020120104001382,GIC,55,39,10,597.00,"5,970.00"
2020-12-01,2020120104001378,GIC,49,58,32,596.00,"19,072.00"
2020-12-01,2020120104001377,GIC,34,58,500,596.00,"298,000.00"
2020-12-01,2020120104001376,GIC,25,58,50,596.00,"29,800.00"
2020-12-01,2020120104001375,GIC,43,58,100,597.00,"59,700.00"
2020-12-01,2020120104001407,GIC,55,10,10,597.00,"5,970.00"
2020-12-01,2020120104001406,GIC,55,51,10,597.00,"5,970.00"
2020-12-01,2020120104001404,GIC,55,13,10,597.00,"5,970.00"
2020-12-01,2020120104001400,GIC,55,49,10,597.00,"5,970.00"
2020-12-01,2020120104001398,GIC,55,6,10,597.00,"5,970.00"
2020-12-01,2020120104001385,GIC,43,45,10,600.00,"6,000.00"
2020-12-01,2020120104001415,GIC,55,58,220,597.00,"131,340.00"
2020-12-01,2020120104001414,GIC,22,58,490,598.00,"293,020.00"
2020-12-01,2020120104001413,GIC,22,10,10,598.00,"5,980.00"
2020-12-01,2020120104001412,GIC,55,14,200,597.00,"119,400.00"
2020-12-01,2020120104001411,GIC,55,21,10,597.00,"5,970.00"
2020-12-01,2020120104001410,GIC,55,56,10,597.00,"5,970.00"
2020-12-01,2020120104001421,GIC,39,58,65,595.00,"38,675.00"
2020-12-01,2020120104001420,GIC,19,58,500,595.00,"297,500.00"
2020-12-01,2020120104001419,GIC,59,58,20,595.00,"11,900.00"
2020-12-01,2020120104001418,GIC,41,58,20,595.00,"11,900.00"
2020-12-01,2020120104001417,GIC,45,58,91,595.00,"54,145.00"
2020-12-01,2020120104001416,GIC,49,58,63,596.00,"37,548.00"
2020-12-01,2020120104001430,GIC,21,7,10,595.00,"5,950.00"
2020-12-01,2020120104001426,GIC,21,58,191,595.00,"113,645.00"
2020-12-01,2020120104001425,GIC,43,58,100,595.00,"59,500.00"
2020-12-01,2020120104001424,GIC,44,58,100,595.00,"59,500.00"
2020-12-01,2020120104001423,GIC,41,58,100,595.00,"59,500.00"
2020-12-01,2020120104001422,GIC,11,58,40,595.00,"23,800.00"
2020-12-01,2020120104001454,GIC,46,14,10,599.00,"5,990.00"
2020-12-01,2020120104001449,GIC,53,58,10,598.00,"5,980.00"
2020-12-01,2020120104001446,GIC,53,44,10,598.00,"5,980.00"
2020-12-01,2020120104001442,GIC,53,54,10,598.00,"5,980.00"
2020-12-01,2020120104001441,GIC,53,52,10,598.00,"5,980.00"
2020-12-01,2020120104001440,GIC,53,44,10,598.00,"5,980.00"
2020-12-01,2020120104001462,GIC,34,53,200,600.00,"120,000.00"
2020-12-01,2020120104001461,GIC,34,19,10,600.00,"6,000.00"
2020-12-01,2020120104001460,GIC,34,29,10,600.00,"6,000.00"
2020-12-01,2020120104001459,GIC,34,13,510,600.00,"306,000.00"
2020-12-01,2020120104001456,GIC,46,58,10,599.00,"5,990.00"
2020-12-01,2020120104001455,GIC,46,48,10,599.00,"5,990.00"
2020-12-01,2020120104001474,GIC,34,56,10,600.00,"6,000.00"
2020-12-01,2020120104001471,GIC,34,13,10,600.00,"6,000.00"
2020-12-01,2020120104001466,GIC,34,58,10,600.00,"6,000.00"
2020-12-01,2020120104001465,GIC,34,55,10,600.00,"6,000.00"
2020-12-01,2020120104001464,GIC,34,55,10,600.00,"6,000.00"
2020-12-01,2020120104001463,GIC,34,55,10,600.00,"6,000.00"
2020-12-01,2020120104001494,GIC,46,45,10,599.00,"5,990.00"
2020-12-01,2020120104001488,GIC,46,38,10,599.00,"5,990.00"
2020-12-01,2020120104001486,GIC,46,37,10,599.00,"5,990.00"
2020-12-01,2020120104001484,GIC,46,45,10,599.00,"5,990.00"
2020-12-01,2020120104001478,GIC,46,40,10,599.00,"5,990.00"
2020-12-01,2020120104001475,GIC,34,32,10,600.00,"6,000.00"
2020-12-01,2020120104001524,GIC,14,58,10,599.00,"5,990.00"
2020-12-01,2020120104001515,GIC,14,53,10,599.00,"5,990.00"
2020-12-01,2020120104001514,GIC,14,46,50,599.00,"29,950.00"
2020-12-01,2020120104001513,GIC,14,38,10,599.00,"5,990.00"
2020-12-01,2020120104001509,GIC,46,51,10,599.00,"5,990.00"
2020-12-01,2020120104001500,GIC,46,35,10,599.00,"5,990.00"
2020-12-01,2020120104001483,GIMES1,49,49,"50,000",11.10,"555,000.00"
2020-12-01,2020120104001367,GIMES1,41,7,"5,000",11.08,"55,400.00"
2020-12-01,2020120104001366,GIMES1,26,7,"5,000",11.09,"55,450.00"
2020-12-01,2020120104001365,GIMES1,7,7,"15,000",11.10,"166,500.00"
2020-12-01,2020120104001345,GIMES1,7,7,"5,000",11.10,"55,500.00"
2020-12-01,2020120104001322,GIMES1,26,7,"4,807",11.11,"53,405.77"
2020-12-01,2020120104001311,GIMES1,56,7,"8,000",11.13,"89,040.00"
2020-12-01,2020120104001215,GIMES1,56,17,"2,000",11.13,"22,260.00"
2020-12-01,2020120104001200,GIMES1,7,17,"3,000",11.14,"33,420.00"
2020-12-01,2020120104001189,GIMES1,7,17,"5,000",11.14,"55,700.00"
2020-12-01,2020120104001182,GIMES1,7,45,"1,000",11.14,"11,140.00"
2020-12-01,2020120104001508,LEMF,34,59,200,9.69,"1,938.00"
2020-12-01,2020120104001503,LEMF,6,59,"1,000",9.70,"9,700.00"
2020-12-01,2020120104001502,LEMF,32,59,"2,650",9.71,"25,731.50"
2020-12-01,2020120104001501,LEMF,55,59,"2,000",9.72,"19,440.00"
2020-12-01,2020120104001451,LEMF,32,59,"2,350",9.71,"22,818.50"
2020-12-01,2020120104001444,LEMF,34,59,500,9.75,"4,875.00"
2020-12-01,2020120104001443,LEMF,17,59,"3,000",9.80,"29,400.00"
2020-12-01,2020120104001360,LEMF,17,6,"7,000",9.80,"68,600.00"
2020-12-01,2020120104001359,LEMF,52,6,"3,000",9.85,"29,550.00"
2020-12-01,2020120104001469,LUK,34,6,"1,500",9.53,"14,295.00"
2020-12-01,2020120104001289,LUK,34,6,"3,000",9.53,"28,590.00"
2020-12-01,2020120104001232,LUK,34,6,"2,000",9.53,"19,060.00"
2020-12-01,2020120104001231,LUK,17,6,500,9.55,"4,775.00"
2020-12-01,2020120104001520,NBF2,13,42,400,9.81,"3,924.00"
2020-12-01,2020120104001083,NBF2,13,57,100,10.00,"1,000.00"
2020-12-01,2020120104001497,NEF,41,39,377,9.85,"3,713.45"
2020-12-01,2020120104001496,NEF,55,39,750,9.86,"7,395.00"
2020-12-01,2020120104001290,NEF,53,39,"1,034",9.90,"10,236.60"
2020-12-01,2020120104001285,NEF,53,22,"1,127",9.93,"11,191.11"
2020-12-01,2020120104001284,NEF,53,22,724,9.92,"7,182.08"
2020-12-01,2020120104001224,NEF,55,58,750,9.91,"7,432.50"
2020-12-01,2020120104001095,NEF,55,58,"1,500",9.93,"14,895.00"
2020-12-01,2020120104001505,NIBLPF,14,39,361,10.12,"3,653.32"
2020-12-01,2020120104001504,NIBLPF,56,39,902,10.12,"9,128.24"
2020-12-01,2020120104001498,NIBLPF,56,57,"1,425",10.12,"14,421.00"
2020-12-01,2020120104001344,NIBLPF,56,32,"2,020",10.12,"20,442.40"
2020-12-01,2020120104001332,NIBLPF,56,22,"2,020",10.12,"20,442.40"
2020-12-01,2020120104001278,NIBLPF,56,39,"1,263",10.12,"12,781.56"
2020-12-01,2020120104001266,NIBLPF,56,41,"1,387",10.12,"14,036.44"
2020-12-01,2020120104001211,NIBLPF,56,32,983,10.12,"9,947.96"
2020-12-01,2020120104001210,NIBLPF,49,32,"4,925",10.12,"49,841.00"
2020-12-01,2020120104001089,NIBLPF,49,58,"2,525",10.12,"25,553.00"
2020-12-01,2020120104001549,NIBPO,33,56,450,427.00,"192,150.00"
2020-12-01,2020120104001548,NIBPO,39,56,50,428.00,"21,400.00"
2020-12-01,2020120104001523,NIBPO,39,44,350,428.00,"149,800.00"
2020-12-01,2020120104001492,NIBPO,6,39,21,432.00,"9,072.00"
2020-12-01,2020120104001491,NIBPO,6,39,70,432.00,"30,240.00"
2020-12-01,2020120104001490,NIBPO,6,55,500,431.00,"215,500.00"
2020-12-01,2020120104001249,NIBPO,39,28,252,432.00,"108,864.00"
2020-12-01,2020120104001246,NIBPO,58,1,916,426.00,"390,216.00"
2020-12-01,2020120104001149,NIBPO,38,51,221,425.00,"93,925.00"
2020-12-01,2020120104001132,NIBPO,33,51,779,425.00,"331,075.00"
2020-12-01,2020120104001084,NIBPO,33,6,221,425.00,"93,925.00"
2020-12-01,2020120104001472,NIBPO,39,46,100,428.00,"42,800.00"
2020-12-01,2020120104001358,NIBPO,38,56,200,430.00,"86,000.00"
2020-12-01,2020120104001321,NIBPO,17,44,100,430.00,"43,000.00"
2020-12-01,2020120104001252,NIBPO,39,39,130,432.00,"56,160.00"
2020-12-01,2020120104001251,NIBPO,39,39,18,432.00,"7,776.00"
2020-12-01,2020120104001250,NIBPO,39,28,100,432.00,"43,200.00"
2020-12-01,2020120104001397,NIBSF1,26,59,"2,500",10.85,"27,125.00"
2020-12-01,2020120104001396,NIBSF1,26,59,500,10.85,"5,425.00"
2020-12-01,2020120104001338,NIBSF1,26,6,"2,000",10.85,"21,700.00"
2020-12-01,2020120104001280,NIBSF1,26,1,"3,500",10.85,"37,975.00"
2020-12-01,2020120104001248,NIBSF1,26,6,"2,500",10.85,"27,125.00"
2020-12-01,2020120104001097,NIBSF1,26,6,"1,500",10.85,"16,275.00"
2020-12-01,2020120104001356,NICAD8283,6,45,25,"1,132.00","28,300.00"
2020-12-01,2020120104001355,NICAD8283,6,59,25,"1,131.00","28,275.00"
2020-12-01,2020120104001354,NICAD8283,6,45,25,"1,130.00","28,250.00"
2020-12-01,2020120104001522,NICBF,53,49,110,9.79,"1,076.90"
2020-12-01,2020120104001511,NICGF,53,50,500,10.12,"5,060.00"
2020-12-01,2020120104001482,NICGF,53,59,710,10.21,"7,249.10"
2020-12-01,2020120104001481,NICGF,58,59,790,10.21,"8,065.90"
2020-12-01,2020120104001342,NICGF,58,6,"1,500",10.21,"15,315.00"
2020-12-01,2020120104001273,NICGF,58,50,"2,710",10.21,"27,669.10"
2020-12-01,2020120104001272,NICGF,37,50,"2,000",10.27,"20,540.00"
2020-12-01,2020120104001271,NICGF,58,50,"1,000",10.27,"10,270.00"
2020-12-01,2020120104001270,NICGF,58,50,100,10.36,"1,036.00"
2020-12-01,2020120104001269,NICGF,7,50,"4,150",10.37,"43,035.50"
2020-12-01,2020120104001268,NICGF,38,50,"7,000",10.41,"72,870.00"
2020-12-01,2020120104001267,NICGF,44,50,"8,500",10.41,"88,485.00"
2020-12-01,2020120104001183,NICGF,44,29,"1,500",10.41,"15,615.00"
2020-12-01,2020120104001530,NMB50,53,49,110,10.01,"1,101.10"
2020-12-01,2020120104001175,NMB50,58,21,"1,000",10.10,"10,100.00"
2020-12-01,2020120104001134,NMB50,16,59,"2,000",10.12,"20,240.00"
2020-12-01,2020120104001510,NMBHF1,22,39,"1,664",10.10,"16,806.40"
2020-12-01,2020120104001495,NMBHF1,21,6,512,10.15,"5,196.80"
2020-12-01,2020120104001361,NMBHF1,21,6,832,10.15,"8,444.80"
2020-12-01,2020120104001253,NMBHF1,21,6,915,10.15,"9,287.25"
2020-12-01,2020120104001122,NMBHF1,21,58,241,10.15,"2,446.15"
2020-12-01,2020120104001117,NMBHF1,6,58,"1,336",10.16,"13,573.76"
2020-12-01,2020120104001111,NMBHF1,58,51,382,10.22,"3,904.04"
2020-12-01,2020120104001107,NMBHF1,58,45,824,10.22,"8,421.28"
2020-12-01,2020120104001101,NMBHF1,6,6,"1,248",10.16,"12,679.68"
2020-12-01,2020120104001093,NMBHF1,6,58,416,10.16,"4,226.56"
2020-12-01,2020120104001485,RBCLPO,8,57,30,"15,684.00","470,520.00"
2020-12-01,2020120104001458,RBCLPO,56,25,10,"15,500.00","155,000.00"
2020-12-01,2020120104001314,RBCLPO,4,58,50,"15,510.00","775,500.00"
2020-12-01,2020120104001234,RBCLPO,4,50,10,"15,510.00","155,100.00"
2020-12-01,2020120104001533,SAEF,6,42,"1,500",11.15,"16,725.00"
2020-12-01,2020120104001532,SAEF,56,42,"2,500",11.15,"27,875.00"
2020-12-01,2020120104001277,SAEF,45,35,500,11.20,"5,600.00"
2020-12-01,2020120104001108,SAEF,45,7,500,11.20,"5,600.00"
2020-12-01,2020120104001507,SEF,56,50,500,10.07,"5,035.00"
2020-12-01,2020120104001476,SEF,56,51,500,10.07,"5,035.00"
2020-12-01,2020120104001334,SEF,10,50,"3,500",10.05,"35,175.00"
2020-12-01,2020120104001333,SEF,11,50,"5,000",10.05,"50,250.00"
2020-12-01,2020120104001319,SEF,47,50,"10,000",10.06,"100,600.00"
2020-12-01,2020120104001318,SEF,29,50,"10,000",10.07,"100,700.00"
2020-12-01,2020120104001088,SEF,17,26,500,10.26,"5,130.00"
2020-12-01,2020120104001258,SEF,58,50,"2,000",10.17,"20,340.00"
2020-12-01,2020120104001257,SEF,7,50,"2,000",10.20,"20,400.00"
2020-12-01,2020120104001256,SEF,58,50,"5,000",10.20,"51,000.00"
2020-12-01,2020120104001255,SEF,58,50,"5,000",10.25,"51,250.00"
2020-12-01,2020120104001105,SEF,57,45,"5,000",10.26,"51,300.00"
2020-12-01,2020120104001104,SEF,17,45,"1,121",10.26,"11,501.46"
2020-12-01,2020120104001312,SEF,29,58,"10,000",10.07,"100,700.00"
2020-12-01,2020120104001263,SEF,45,50,"5,000",10.06,"50,300.00"
2020-12-01,2020120104001262,SEF,58,50,"20,000",10.06,"201,200.00"
2020-12-01,2020120104001261,SEF,47,50,"10,000",10.07,"100,700.00"
2020-12-01,2020120104001260,SEF,32,50,"5,000",10.07,"50,350.00"
2020-12-01,2020120104001259,SEF,10,50,"10,000",10.15,"101,500.00"
2020-12-01,2020120104001181,SFMF,17,21,800,10.00,"8,000.00"
2020-12-01,2020120104001180,SFMF,17,32,200,10.00,"2,000.00"
2020-12-01,2020120104001550,SGI,52,41,10,616.00,"6,160.00"
2020-12-01,2020120104001547,SGI,44,42,10,616.00,"6,160.00"
2020-12-01,2020120104001546,SGI,44,22,10,616.00,"6,160.00"
2020-12-01,2020120104001545,SGI,44,43,10,616.00,"6,160.00"
2020-12-01,2020120104001544,SGI,44,41,10,616.00,"6,160.00"
2020-12-01,2020120104001543,SGI,44,22,10,616.00,"6,160.00"
2020-12-01,2020120104001058,SGI,13,56,10,616.00,"6,160.00"
2020-12-01,2020120104001055,SGI,13,5,10,616.00,"6,160.00"
2020-12-01,2020120104001067,SGI,13,56,10,616.00,"6,160.00"
2020-12-01,2020120104001066,SGI,13,58,10,616.00,"6,160.00"
2020-12-01,2020120104001064,SGI,13,40,40,616.00,"24,640.00"
2020-12-01,2020120104001062,SGI,13,39,10,616.00,"6,160.00"
2020-12-01,2020120104001061,SGI,13,49,10,616.00,"6,160.00"
2020-12-01,2020120104001060,SGI,13,52,10,616.00,"6,160.00"
2020-12-01,2020120104001100,SGI,3,41,10,615.00,"6,150.00"
2020-12-01,2020120104001094,SGI,3,40,10,615.00,"6,150.00"
2020-12-01,2020120104001087,SGI,13,45,10,616.00,"6,160.00"
2020-12-01,2020120104001082,SGI,13,55,10,616.00,"6,160.00"
2020-12-01,2020120104001081,SGI,13,21,10,616.00,"6,160.00"
2020-12-01,2020120104001070,SGI,13,40,10,616.00,"6,160.00"
2020-12-01,2020120104001127,SGI,3,45,30,615.00,"18,450.00"
2020-12-01,2020120104001126,SGI,3,25,10,615.00,"6,150.00"
2020-12-01,2020120104001121,SGI,3,26,10,615.00,"6,150.00"
2020-12-01,2020120104001120,SGI,3,20,10,615.00,"6,150.00"
2020-12-01,2020120104001114,SGI,3,34,10,615.00,"6,150.00"
2020-12-01,2020120104001112,SGI,3,59,10,615.00,"6,150.00"
2020-12-01,2020120104001142,SGI,10,34,10,617.00,"6,170.00"
2020-12-01,2020120104001140,SGI,34,40,10,615.00,"6,150.00"
2020-12-01,2020120104001137,SGI,34,21,10,615.00,"6,150.00"
2020-12-01,2020120104001135,SGI,34,8,10,615.00,"6,150.00"
2020-12-01,2020120104001130,SGI,34,11,10,615.00,"6,150.00"
2020-12-01,2020120104001128,SGI,34,45,30,615.00,"18,450.00"
2020-12-01,2020120104001161,SGI,29,51,10,615.00,"6,150.00"
2020-12-01,2020120104001160,SGI,29,45,10,615.00,"6,150.00"
2020-12-01,2020120104001159,SGI,34,21,10,615.00,"6,150.00"
2020-12-01,2020120104001157,SGI,34,25,10,615.00,"6,150.00"
2020-12-01,2020120104001156,SGI,34,21,10,615.00,"6,150.00"
2020-12-01,2020120104001143,SGI,10,7,10,617.00,"6,170.00"
2020-12-01,2020120104001190,SGI,29,25,10,615.00,"6,150.00"
2020-12-01,2020120104001187,SGI,29,25,10,615.00,"6,150.00"
2020-12-01,2020120104001186,SGI,29,20,10,615.00,"6,150.00"
2020-12-01,2020120104001185,SGI,29,49,10,615.00,"6,150.00"
2020-12-01,2020120104001179,SGI,29,42,10,615.00,"6,150.00"
2020-12-01,2020120104001178,SGI,29,20,10,615.00,"6,150.00"
2020-12-01,2020120104001202,SGI,29,38,10,615.00,"6,150.00"
2020-12-01,2020120104001201,SGI,29,20,10,615.00,"6,150.00"
2020-12-01,2020120104001198,SGI,29,35,10,615.00,"6,150.00"
2020-12-01,2020120104001197,SGI,29,45,10,615.00,"6,150.00"
2020-12-01,2020120104001196,SGI,29,39,10,615.00,"6,150.00"
2020-12-01,2020120104001193,SGI,29,20,10,615.00,"6,150.00"
2020-12-01,2020120104001216,SGI,16,6,10,615.00,"6,150.00"
2020-12-01,2020120104001214,SGI,16,46,10,615.00,"6,150.00"
2020-12-01,2020120104001209,SGI,29,4,5,615.00,"3,075.00"
2020-12-01,2020120104001208,SGI,29,58,10,615.00,"6,150.00"
2020-12-01,2020120104001207,SGI,29,25,10,615.00,"6,150.00"
2020-12-01,2020120104001206,SGI,29,46,10,615.00,"6,150.00"
2020-12-01,2020120104001228,SGI,16,38,10,615.00,"6,150.00"
2020-12-01,2020120104001227,SGI,16,25,10,615.00,"6,150.00"
2020-12-01,2020120104001226,SGI,16,43,10,615.00,"6,150.00"
2020-12-01,2020120104001222,SGI,16,46,10,615.00,"6,150.00"
2020-12-01,2020120104001221,SGI,16,8,10,615.00,"6,150.00"
2020-12-01,2020120104001220,SGI,16,52,10,615.00,"6,150.00"
2020-12-01,2020120104001237,SGI,16,20,10,615.00,"6,150.00"
2020-12-01,2020120104001236,SGI,16,38,10,615.00,"6,150.00"
2020-12-01,2020120104001235,SGI,16,34,730,615.00,"448,950.00"
2020-12-01,2020120104001233,SGI,16,43,10,615.00,"6,150.00"
2020-12-01,2020120104001230,SGI,16,42,10,615.00,"6,150.00"
2020-12-01,2020120104001229,SGI,16,6,10,615.00,"6,150.00"
2020-12-01,2020120104001275,SGI,13,57,10,616.00,"6,160.00"
2020-12-01,2020120104001274,SGI,13,43,10,616.00,"6,160.00"
2020-12-01,2020120104001264,SGI,13,58,10,616.00,"6,160.00"
2020-12-01,2020120104001245,SGI,13,28,10,616.00,"6,160.00"
2020-12-01,2020120104001244,SGI,13,32,10,616.00,"6,160.00"
2020-12-01,2020120104001239,SGI,16,26,10,615.00,"6,150.00"
2020-12-01,2020120104001287,SGI,16,16,10,615.00,"6,150.00"
2020-12-01,2020120104001283,SGI,55,53,80,617.00,"49,360.00"
2020-12-01,2020120104001282,SGI,55,45,10,616.00,"6,160.00"
2020-12-01,2020120104001281,SGI,55,51,10,616.00,"6,160.00"
2020-12-01,2020120104001279,SGI,16,6,10,615.00,"6,150.00"
2020-12-01,2020120104001276,SGI,13,48,10,616.00,"6,160.00"
2020-12-01,2020120104001296,SGI,16,55,10,615.00,"6,150.00"
2020-12-01,2020120104001295,SGI,16,34,10,615.00,"6,150.00"
2020-12-01,2020120104001294,SGI,16,20,10,615.00,"6,150.00"
2020-12-01,2020120104001293,SGI,16,25,10,615.00,"6,150.00"
2020-12-01,2020120104001292,SGI,16,1,10,615.00,"6,150.00"
2020-12-01,2020120104001291,SGI,16,14,10,615.00,"6,150.00"
2020-12-01,2020120104001302,SGI,16,43,10,615.00,"6,150.00"
2020-12-01,2020120104001301,SGI,16,58,10,615.00,"6,150.00"
2020-12-01,2020120104001300,SGI,16,41,10,615.00,"6,150.00"
2020-12-01,2020120104001299,SGI,16,32,10,615.00,"6,150.00"
2020-12-01,2020120104001298,SGI,16,34,10,615.00,"6,150.00"
2020-12-01,2020120104001297,SGI,16,48,10,615.00,"6,150.00"
2020-12-01,2020120104001323,SGI,16,43,10,615.00,"6,150.00"
2020-12-01,2020120104001320,SGI,16,58,10,615.00,"6,150.00"
2020-12-01,2020120104001317,SGI,16,43,10,615.00,"6,150.00"
2020-12-01,2020120104001316,SGI,16,48,10,615.00,"6,150.00"
2020-12-01,2020120104001315,SGI,16,34,10,615.00,"6,150.00"
2020-12-01,2020120104001313,SGI,16,34,10,615.00,"6,150.00"
2020-12-01,2020120104001337,SGI,16,38,10,615.00,"6,150.00"
2020-12-01,2020120104001335,SGI,16,20,10,615.00,"6,150.00"
2020-12-01,2020120104001327,SGI,16,38,10,615.00,"6,150.00"
2020-12-01,2020120104001326,SGI,16,47,10,615.00,"6,150.00"
2020-12-01,2020120104001325,SGI,16,20,10,615.00,"6,150.00"
2020-12-01,2020120104001324,SGI,16,50,10,615.00,"6,150.00"
2020-12-01,2020120104001357,SGI,16,1,10,615.00,"6,150.00"
2020-12-01,2020120104001348,SGI,16,40,10,615.00,"6,150.00"
2020-12-01,2020120104001346,SGI,16,34,10,615.00,"6,150.00"
2020-12-01,2020120104001343,SGI,16,42,10,615.00,"6,150.00"
2020-12-01,2020120104001341,SGI,16,54,10,615.00,"6,150.00"
2020-12-01,2020120104001340,SGI,16,20,10,615.00,"6,150.00"
2020-12-01,2020120104001383,SGI,16,38,10,615.00,"6,150.00"
2020-12-01,2020120104001381,SGI,16,26,10,615.00,"6,150.00"
2020-12-01,2020120104001380,SGI,16,38,10,615.00,"6,150.00"
2020-12-01,2020120104001379,SGI,16,38,10,615.00,"6,150.00"
2020-12-01,2020120104001368,SGI,16,38,10,615.00,"6,150.00"
2020-12-01,2020120104001363,SGI,16,38,10,615.00,"6,150.00"
2020-12-01,2020120104001405,SGI,16,44,10,615.00,"6,150.00"
2020-12-01,2020120104001403,SGI,32,13,10,616.00,"6,160.00"
2020-12-01,2020120104001402,SGI,32,45,10,616.00,"6,160.00"
2020-12-01,2020120104001401,SGI,32,42,10,616.00,"6,160.00"
2020-12-01,2020120104001387,SGI,16,36,10,615.00,"6,150.00"
2020-12-01,2020120104001386,SGI,16,29,10,615.00,"6,150.00"
2020-12-01,2020120104001433,SGI,16,13,10,615.00,"6,150.00"
2020-12-01,2020120104001432,SGI,16,11,10,615.00,"6,150.00"
2020-12-01,2020120104001431,SGI,16,54,10,615.00,"6,150.00"
2020-12-01,2020120104001427,SGI,16,10,10,615.00,"6,150.00"
2020-12-01,2020120104001409,SGI,16,51,10,615.00,"6,150.00"
2020-12-01,2020120104001408,SGI,16,29,10,615.00,"6,150.00"
2020-12-01,2020120104001447,SGI,21,43,10,616.00,"6,160.00"
2020-12-01,2020120104001445,SGI,21,56,10,616.00,"6,160.00"
2020-12-01,2020120104001439,SGI,21,49,10,616.00,"6,160.00"
2020-12-01,2020120104001438,SGI,21,56,10,616.00,"6,160.00"
2020-12-01,2020120104001436,SGI,16,45,10,615.00,"6,150.00"
2020-12-01,2020120104001435,SGI,16,13,10,615.00,"6,150.00"
2020-12-01,2020120104001468,SGI,21,21,10,616.00,"6,160.00"
2020-12-01,2020120104001467,SGI,21,43,10,616.00,"6,160.00"
2020-12-01,2020120104001457,SGI,21,43,10,616.00,"6,160.00"
2020-12-01,2020120104001453,SGI,45,53,100,617.00,"61,700.00"
2020-12-01,2020120104001452,SGI,21,43,10,616.00,"6,160.00"
2020-12-01,2020120104001448,SGI,21,54,10,616.00,"6,160.00"
2020-12-01,2020120104001487,SGI,21,1,10,616.00,"6,160.00"
2020-12-01,2020120104001480,SGI,21,14,10,616.00,"6,160.00"
2020-12-01,2020120104001479,SGI,21,45,10,616.00,"6,160.00"
2020-12-01,2020120104001477,SGI,21,38,10,616.00,"6,160.00"
2020-12-01,2020120104001473,SGI,21,38,10,616.00,"6,160.00"
2020-12-01,2020120104001470,SGI,21,43,10,616.00,"6,160.00"
2020-12-01,2020120104001516,SGI,8,53,570,617.00,"351,690.00"
2020-12-01,2020120104001512,SGI,21,4,10,616.00,"6,160.00"
2020-12-01,2020120104001506,SGI,21,49,10,616.00,"6,160.00"
2020-12-01,2020120104001499,SGI,21,47,10,616.00,"6,160.00"
2020-12-01,2020120104001493,SGI,21,42,10,616.00,"6,160.00"
2020-12-01,2020120104001489,SGI,21,45,10,616.00,"6,160.00"
2020-12-01,2020120104001526,SGI,49,6,10,617.00,"6,170.00"
2020-12-01,2020120104001525,SGI,49,52,10,617.00,"6,170.00"
2020-12-01,2020120104001521,SGI,44,53,10,616.00,"6,160.00"
2020-12-01,2020120104001519,SGI,8,57,10,617.00,"6,170.00"
2020-12-01,2020120104001518,SGI,8,19,10,617.00,"6,170.00"
2020-12-01,2020120104001517,SGI,8,58,10,617.00,"6,170.00"
2020-12-01,2020120104001541,SGI,44,1,10,616.00,"6,160.00"
2020-12-01,2020120104001540,SGI,44,51,10,616.00,"6,160.00"
2020-12-01,2020120104001538,SGI,44,35,10,616.00,"6,160.00"
2020-12-01,2020120104001535,SGI,44,36,10,616.00,"6,160.00"
2020-12-01,2020120104001529,SGI,49,43,10,617.00,"6,170.00"
2020-12-01,2020120104001527,SGI,49,52,10,617.00,"6,170.00"
2020-12-01,2020120104001437,STC,45,45,10,"6,250.00","62,500.00"
2020-12-01,2020120104001395,STC,7,10,50,"6,272.00","313,600.00"
2020-12-01,2020120104001394,STC,8,10,10,"6,272.00","62,720.00"
2020-12-01,2020120104001393,STC,7,10,50,"6,272.00","313,600.00"
2020-12-01,2020120104001392,STC,32,10,30,"6,312.00","189,360.00"
2020-12-01,2020120104001391,STC,22,10,20,"6,312.00","126,240.00"
2020-12-01,2020120104001191,STC,45,57,10,"6,435.00","64,350.00"
2020-12-01,2020120104001063,STC,28,57,20,"6,440.00","128,800.00"
2020-12-01,2020120104001390,STC,25,10,10,"6,315.00","63,150.00"
2020-12-01,2020120104001389,STC,37,10,10,"6,370.00","63,700.00"
2020-12-01,2020120104001388,STC,57,10,10,"6,370.00","63,700.00"
2020-12-01,2020120104001219,STC,34,10,15,"6,400.00","96,000.00"
2020-12-01,2020120104001218,STC,52,10,50,"6,400.00","320,000.00"
2020-12-01,2020120104001217,STC,22,10,10,"6,435.00","64,350.00"
2020-12-01,2020120104000760,BBC,8,16,20,"3,300.00","66,000.00"
2020-12-01,2020120104000719,BBC,52,1,10,"3,242.00","32,420.00"
2020-12-01,2020120104000705,BBC,3,45,10,"3,244.00","32,440.00"
2020-12-01,2020120104000703,BBC,42,45,10,"3,250.00","32,500.00"
2020-12-01,2020120104000627,BBC,8,34,10,"3,308.00","33,080.00"
2020-12-01,2020120104000616,BBC,3,34,60,"3,244.00","194,640.00"
2020-12-01,2020120104000614,BBC,17,34,10,"3,244.00","32,440.00"
2020-12-01,2020120104000571,BBC,32,34,30,"3,244.00","97,320.00"
2020-12-01,2020120104000913,CMF1,34,49,100,10.10,"1,010.00"
2020-12-01,2020120104000818,CMF1,34,11,500,10.10,"5,050.00"
2020-12-01,2020120104000693,CMF1,34,1,"4,000",10.10,"40,400.00"
2020-12-01,2020120104000683,CMF1,34,1,"5,000",10.10,"50,500.00"
2020-12-01,2020120104000568,CMF1,22,4,"8,000",10.10,"80,800.00"
2020-12-01,2020120104001049,GIC,11,6,10,598.00,"5,980.00"
2020-12-01,2020120104001046,GIC,11,11,10,598.00,"5,980.00"
2020-12-01,2020120104001044,GIC,11,34,160,598.00,"95,680.00"
2020-12-01,2020120104001043,GIC,43,34,10,598.00,"5,980.00"
2020-12-01,2020120104001042,GIC,22,34,330,598.00,"197,340.00"
2020-12-01,2020120104001041,GIC,22,13,10,598.00,"5,980.00"
2020-12-01,2020120104000567,GIC,32,21,200,601.00,"120,200.00"
2020-12-01,2020120104000566,GIC,32,45,10,601.00,"6,010.00"
2020-12-01,2020120104000562,GIC,32,58,10,601.00,"6,010.00"
2020-12-01,2020120104000561,GIC,32,45,10,601.00,"6,010.00"
2020-12-01,2020120104000559,GIC,32,17,10,601.00,"6,010.00"
2020-12-01,2020120104000554,GIC,32,40,10,601.00,"6,010.00"
2020-12-01,2020120104000592,GIC,54,6,10,601.00,"6,010.00"
2020-12-01,2020120104000585,GIC,54,38,490,601.00,"294,490.00"
2020-12-01,2020120104000584,GIC,32,38,10,601.00,"6,010.00"
2020-12-01,2020120104000575,GIC,32,33,10,601.00,"6,010.00"
2020-12-01,2020120104000574,GIC,32,38,10,601.00,"6,010.00"
2020-12-01,2020120104000569,GIC,32,14,10,601.00,"6,010.00"
2020-12-01,2020120104000607,GIC,46,40,10,600.00,"6,000.00"
2020-12-01,2020120104000603,GIC,46,28,10,600.00,"6,000.00"
2020-12-01,2020120104000599,GIC,46,38,10,600.00,"6,000.00"
2020-12-01,2020120104000598,GIC,46,40,10,600.00,"6,000.00"
2020-12-01,2020120104000597,GIC,46,28,10,600.00,"6,000.00"
2020-12-01,2020120104000595,GIC,46,45,10,600.00,"6,000.00"
2020-12-01,2020120104000637,GIC,33,41,10,598.00,"5,980.00"
2020-12-01,2020120104000634,GIC,58,6,30,600.00,"18,000.00"
2020-12-01,2020120104000626,GIC,33,48,10,598.00,"5,980.00"
2020-12-01,2020120104000625,GIC,46,6,40,600.00,"24,000.00"
2020-12-01,2020120104000621,GIC,46,18,10,600.00,"6,000.00"
2020-12-01,2020120104000617,GIC,46,38,10,600.00,"6,000.00"
2020-12-01,2020120104000660,GIC,33,50,10,598.00,"5,980.00"
2020-12-01,2020120104000654,GIC,33,17,10,598.00,"5,980.00"
2020-12-01,2020120104000653,GIC,45,6,50,600.00,"30,000.00"
2020-12-01,2020120104000652,GIC,33,50,10,598.00,"5,980.00"
2020-12-01,2020120104000648,GIC,33,28,10,598.00,"5,980.00"
2020-12-01,2020120104000643,GIC,33,18,10,598.00,"5,980.00"
2020-12-01,2020120104000681,GIC,25,45,10,597.00,"5,970.00"
2020-12-01,2020120104000680,GIC,25,45,10,597.00,"5,970.00"
2020-12-01,2020120104000676,GIC,25,21,10,597.00,"5,970.00"
2020-12-01,2020120104000668,GIC,25,26,10,597.00,"5,970.00"
2020-12-01,2020120104000662,GIC,33,18,10,598.00,"5,980.00"
2020-12-01,2020120104000661,GIC,33,34,10,598.00,"5,980.00"
2020-12-01,2020120104000691,GIC,43,36,10,599.00,"5,990.00"
2020-12-01,2020120104000690,GIC,22,45,10,598.00,"5,980.00"
2020-12-01,2020120104000689,GIC,22,17,10,598.00,"5,980.00"
2020-12-01,2020120104000687,GIC,22,45,10,598.00,"5,980.00"
2020-12-01,2020120104000684,GIC,22,34,10,598.00,"5,980.00"
2020-12-01,2020120104000682,GIC,22,42,10,598.00,"5,980.00"
2020-12-01,2020120104000712,GIC,22,14,10,598.00,"5,980.00"
2020-12-01,2020120104000707,GIC,22,49,10,598.00,"5,980.00"
2020-12-01,2020120104000699,GIC,28,6,100,600.00,"60,000.00"
2020-12-01,2020120104000698,GIC,22,49,10,598.00,"5,980.00"
2020-12-01,2020120104000694,GIC,34,6,150,600.00,"90,000.00"
2020-12-01,2020120104000692,GIC,22,38,10,598.00,"5,980.00"
2020-12-01,2020120104000734,GIC,34,48,10,600.00,"6,000.00"
2020-12-01,2020120104000733,GIC,34,6,130,600.00,"78,000.00"
2020-12-01,2020120104000730,GIC,22,58,10,598.00,"5,980.00"
2020-12-01,2020120104000729,GIC,22,46,10,598.00,"5,980.00"
2020-12-01,2020120104000717,GIC,22,38,10,598.00,"5,980.00"
2020-12-01,2020120104000716,GIC,22,26,10,598.00,"5,980.00"
2020-12-01,2020120104000740,GIC,34,40,10,600.00,"6,000.00"
2020-12-01,2020120104000739,GIC,34,53,10,600.00,"6,000.00"
2020-12-01,2020120104000738,GIC,34,33,10,600.00,"6,000.00"
2020-12-01,2020120104000737,GIC,34,21,10,600.00,"6,000.00"
2020-12-01,2020120104000736,GIC,34,5,460,600.00,"276,000.00"
2020-12-01,2020120104000735,GIC,34,35,10,600.00,"6,000.00"
2020-12-01,2020120104000765,GIC,41,53,10,599.00,"5,990.00"
2020-12-01,2020120104000757,GIC,41,57,10,599.00,"5,990.00"
2020-12-01,2020120104000755,GIC,22,44,10,598.00,"5,980.00"
2020-12-01,2020120104000754,GIC,22,45,10,598.00,"5,980.00"
2020-12-01,2020120104000750,GIC,25,38,50,600.00,"30,000.00"
2020-12-01,2020120104000741,GIC,34,38,150,600.00,"90,000.00"
2020-12-01,2020120104000784,GIC,41,51,10,599.00,"5,990.00"
2020-12-01,2020120104000783,GIC,41,20,10,599.00,"5,990.00"
2020-12-01,2020120104000782,GIC,41,29,10,599.00,"5,990.00"
2020-12-01,2020120104000781,GIC,41,29,10,599.00,"5,990.00"
2020-12-01,2020120104000778,GIC,41,29,10,599.00,"5,990.00"
2020-12-01,2020120104000770,GIC,41,38,10,599.00,"5,990.00"
2020-12-01,2020120104000800,GIC,25,26,70,599.00,"41,930.00"
2020-12-01,2020120104000799,GIC,54,26,30,599.00,"17,970.00"
2020-12-01,2020120104000797,GIC,54,17,10,599.00,"5,990.00"
2020-12-01,2020120104000792,GIC,54,52,10,599.00,"5,990.00"
2020-12-01,2020120104000791,GIC,41,36,10,599.00,"5,990.00"
2020-12-01,2020120104000790,GIC,41,45,10,599.00,"5,990.00"
2020-12-01,2020120104000812,GIC,1,6,10,600.00,"6,000.00"
2020-12-01,2020120104000811,GIC,1,53,10,600.00,"6,000.00"
2020-12-01,2020120104000810,GIC,1,56,10,600.00,"6,000.00"
2020-12-01,2020120104000809,GIC,1,57,50,600.00,"30,000.00"
2020-12-01,2020120104000808,GIC,1,38,30,600.00,"18,000.00"
2020-12-01,2020120104000804,GIC,25,17,10,599.00,"5,990.00"
2020-12-01,2020120104000822,GIC,25,44,10,599.00,"5,990.00"
2020-12-01,2020120104000820,GIC,25,45,10,599.00,"5,990.00"
2020-12-01,2020120104000819,GIC,36,58,30,600.00,"18,000.00"
2020-12-01,2020120104000815,GIC,1,58,70,600.00,"42,000.00"
2020-12-01,2020120104000814,GIC,1,40,10,600.00,"6,000.00"
2020-12-01,2020120104000813,GIC,1,45,10,600.00,"6,000.00"
2020-12-01,2020120104000831,GIC,49,7,10,599.00,"5,990.00"
2020-12-01,2020120104000828,GIC,49,18,10,599.00,"5,990.00"
2020-12-01,2020120104000827,GIC,49,42,20,599.00,"11,980.00"
2020-12-01,2020120104000826,GIC,34,42,30,599.00,"17,970.00"
2020-12-01,2020120104000824,GIC,34,6,10,599.00,"5,990.00"
2020-12-01,2020120104000823,GIC,34,38,10,599.00,"5,990.00"
2020-12-01,2020120104000849,GIC,3,58,500,600.00,"300,000.00"
2020-12-01,2020120104000847,GIC,49,32,10,599.00,"5,990.00"
2020-12-01,2020120104000844,GIC,49,45,10,599.00,"5,990.00"
2020-12-01,2020120104000840,GIC,49,51,10,599.00,"5,990.00"
2020-12-01,2020120104000838,GIC,49,44,10,599.00,"5,990.00"
2020-12-01,2020120104000833,GIC,49,41,10,599.00,"5,990.00"
2020-12-01,2020120104000858,GIC,3,22,10,600.00,"6,000.00"
2020-12-01,2020120104000857,GIC,3,13,10,600.00,"6,000.00"
2020-12-01,2020120104000856,GIC,3,11,10,600.00,"6,000.00"
2020-12-01,2020120104000855,GIC,3,58,10,600.00,"6,000.00"
2020-12-01,2020120104000854,GIC,3,53,10,600.00,"6,000.00"
2020-12-01,2020120104000853,GIC,3,58,400,600.00,"240,000.00"
2020-12-01,2020120104000867,GIC,49,19,10,599.00,"5,990.00"
2020-12-01,2020120104000866,GIC,49,1,10,599.00,"5,990.00"
2020-12-01,2020120104000865,GIC,49,41,10,599.00,"5,990.00"
2020-12-01,2020120104000863,GIC,49,17,10,599.00,"5,990.00"
2020-12-01,2020120104000860,GIC,3,36,40,600.00,"24,000.00"
2020-12-01,2020120104000859,GIC,3,57,10,600.00,"6,000.00"
2020-12-01,2020120104000883,GIC,51,29,10,600.00,"6,000.00"
2020-12-01,2020120104000881,GIC,51,22,10,600.00,"6,000.00"
2020-12-01,2020120104000877,GIC,49,22,10,599.00,"5,990.00"
2020-12-01,2020120104000876,GIC,49,28,10,599.00,"5,990.00"
2020-12-01,2020120104000869,GIC,49,58,10,599.00,"5,990.00"
2020-12-01,2020120104000868,GIC,37,36,110,600.00,"66,000.00"
2020-12-01,2020120104000889,GIC,39,42,10,602.00,"6,020.00"
2020-12-01,2020120104000888,GIC,39,52,10,602.00,"6,020.00"
2020-12-01,2020120104000887,GIC,39,42,10,602.00,"6,020.00"
2020-12-01,2020120104000886,GIC,39,58,10,601.00,"6,010.00"
2020-12-01,2020120104000885,GIC,39,4,10,601.00,"6,010.00"
2020-12-01,2020120104000884,GIC,51,56,10,600.00,"6,000.00"
2020-12-01,2020120104000896,GIC,51,59,10,600.00,"6,000.00"
2020-12-01,2020120104000895,GIC,51,38,10,600.00,"6,000.00"
2020-12-01,2020120104000894,GIC,51,39,10,600.00,"6,000.00"
2020-12-01,2020120104000892,GIC,39,48,30,602.00,"18,060.00"
2020-12-01,2020120104000891,GIC,39,56,10,602.00,"6,020.00"
2020-12-01,2020120104000890,GIC,39,48,10,602.00,"6,020.00"
2020-12-01,2020120104000922,GIC,49,36,10,599.00,"5,990.00"
