Date,Transact. No.,Symbol,Buyer,Seller,Quantity,Rate,Amount
2019-03-18,2019031801004638,ADBL,26,43,500,301.00,"150,500.00"
2019-03-18,2019031801004635,ADBL,26,36,453,301.00,"136,353.00"
2019-03-18,2019031801004324,AKJCL,39,26,10,83.00,830.00
2019-03-18,2019031801004738,ALICL,8,17,400,396.00,"158,400.00"
2019-03-18,2019031801004561,ALICL,38,52,228,393.00,"89,604.00"
2019-03-18,2019031801004560,ALICL,50,52,200,393.00,"78,600.00"
2019-03-18,2019031801004559,ALICL,44,52,322,394.00,"126,868.00"
2019-03-18,2019031801004558,ALICL,40,52,50,394.00,"19,700.00"
2019-03-18,2019031801004557,ALICL,43,52,150,395.00,"59,250.00"
2019-03-18,2019031801004556,ALICL,50,52,50,395.00,"19,750.00"
2019-03-18,2019031801004526,ALICL,42,32,50,396.00,"19,800.00"
2019-03-18,2019031801004525,ALICL,45,32,50,396.00,"19,800.00"
2019-03-18,2019031801004812,API,11,58,190,134.00,"25,460.00"
2019-03-18,2019031801004725,API,48,53,100,135.00,"13,500.00"
2019-03-18,2019031801004724,API,39,53,10,135.00,"1,350.00"
2019-03-18,2019031801004723,API,7,53,150,136.00,"20,400.00"
2019-03-18,2019031801004709,API,7,49,60,136.00,"8,160.00"
2019-03-18,2019031801004708,API,7,28,790,136.00,"107,440.00"
2019-03-18,2019031801004517,API,25,28,50,136.00,"6,800.00"
2019-03-18,2019031801004478,API,6,45,100,135.00,"13,500.00"
2019-03-18,2019031801004616,BARUN,25,44,100,96.00,"9,600.00"
2019-03-18,2019031801004602,BARUN,25,44,100,96.00,"9,600.00"
2019-03-18,2019031801004545,BARUN,56,10,88,95.00,"8,360.00"
2019-03-18,2019031801004544,BARUN,49,10,"1,000",95.00,"95,000.00"
2019-03-18,2019031801004543,BARUN,21,10,342,96.00,"32,832.00"
2019-03-18,2019031801004494,BARUN,21,44,658,96.00,"63,168.00"
2019-03-18,2019031801004467,BARUN,39,10,10,97.00,970.00
2019-03-18,2019031801004761,BFC,43,47,100,94.00,"9,400.00"
2019-03-18,2019031801004735,BOKL,35,25,15,248.00,"3,720.00"
2019-03-18,2019031801004617,BOKL,52,16,"1,242",247.00,"306,774.00"
2019-03-18,2019031801004552,BOKL,13,16,158,247.00,"39,026.00"
2019-03-18,2019031801004551,BOKL,19,16,100,247.00,"24,700.00"
2019-03-18,2019031801004568,BPCL,58,38,50,364.00,"18,200.00"
2019-03-18,2019031801004756,CBBL,58,6,100,880.00,"88,000.00"
2019-03-18,2019031801004755,CBBL,29,6,300,881.00,"264,300.00"
2019-03-18,2019031801004754,CBBL,38,6,200,881.00,"176,200.00"
2019-03-18,2019031801004753,CBBL,49,6,100,881.00,"88,100.00"
2019-03-18,2019031801004752,CBBL,16,6,500,882.00,"441,000.00"
2019-03-18,2019031801004751,CBBL,16,6,200,882.00,"176,400.00"
2019-03-18,2019031801004404,CBBL,26,10,500,885.00,"442,500.00"
2019-03-18,2019031801004403,CBBL,57,10,354,885.00,"313,290.00"
2019-03-18,2019031801004402,CBBL,34,10,72,886.00,"63,792.00"
2019-03-18,2019031801004750,CBBL,21,6,200,882.00,"176,400.00"
2019-03-18,2019031801004749,CBBL,39,6,20,882.00,"17,640.00"
2019-03-18,2019031801004748,CBBL,50,6,100,883.00,"88,300.00"
2019-03-18,2019031801004747,CBBL,39,6,30,883.00,"26,490.00"
2019-03-18,2019031801004746,CBBL,45,6,200,885.00,"177,000.00"
2019-03-18,2019031801004745,CBBL,33,6,50,885.00,"44,250.00"
2019-03-18,2019031801004818,CBL,28,44,200,155.00,"31,000.00"
2019-03-18,2019031801004817,CBL,16,48,10,156.00,"1,560.00"
2019-03-18,2019031801004793,CBL,28,48,"4,567",155.00,"707,885.00"
2019-03-18,2019031801004790,CBL,34,48,200,155.00,"31,000.00"
2019-03-18,2019031801004744,CBL,56,48,100,155.00,"15,500.00"
2019-03-18,2019031801004743,CBL,1,48,133,155.00,"20,615.00"
2019-03-18,2019031801004361,CBL,6,48,135,156.00,"21,060.00"
2019-03-18,2019031801004360,CBL,6,34,65,156.00,"10,140.00"
2019-03-18,2019031801004667,CBL,1,48,67,155.00,"10,385.00"
2019-03-18,2019031801004666,CBL,34,48,173,155.00,"26,815.00"
2019-03-18,2019031801004593,CBL,58,48,50,156.00,"7,800.00"
2019-03-18,2019031801004473,CBL,34,26,327,155.00,"50,685.00"
2019-03-18,2019031801004472,CBL,34,26,273,155.00,"42,315.00"
2019-03-18,2019031801004410,CBL,34,57,227,155.00,"35,185.00"
2019-03-18,2019031801004789,CCBL,10,48,19,164.00,"3,116.00"
2019-03-18,2019031801004721,CCBL,10,54,81,164.00,"13,284.00"
2019-03-18,2019031801004662,CCBL,7,6,400,165.00,"66,000.00"
2019-03-18,2019031801004483,CCBL,21,26,600,163.00,"97,800.00"
2019-03-18,2019031801004421,CCBL,44,48,965,164.00,"158,260.00"
2019-03-18,2019031801004418,CCBL,11,48,200,164.00,"32,800.00"
2019-03-18,2019031801004674,CHCL,26,49,100,508.00,"50,800.00"
2019-03-18,2019031801004592,CHCL,46,58,200,510.00,"102,000.00"
2019-03-18,2019031801004572,CHCL,26,16,50,508.00,"25,400.00"
2019-03-18,2019031801004571,CHCL,1,16,100,509.00,"50,900.00"
2019-03-18,2019031801004570,CHCL,13,16,20,509.00,"10,180.00"
2019-03-18,2019031801004569,CHCL,44,16,30,509.00,"15,270.00"
2019-03-18,2019031801004528,CHCL,17,58,50,510.00,"25,500.00"
2019-03-18,2019031801004345,CHCL,1,58,100,510.00,"51,000.00"
2019-03-18,2019031801004699,CHLBS,56,49,200,559.00,"111,800.00"
2019-03-18,2019031801004650,CHLBS,56,38,200,559.00,"111,800.00"
2019-03-18,2019031801004649,CHLBS,56,38,50,560.00,"28,000.00"
2019-03-18,2019031801004550,CHLBS,34,49,30,564.00,"16,920.00"
2019-03-18,2019031801004423,CHLBS,34,28,10,562.00,"5,620.00"
2019-03-18,2019031801004330,CHLBS,56,44,10,560.00,"5,600.00"
2019-03-18,2019031801004773,CIT,32,34,36,"2,635.00","94,860.00"
2019-03-18,2019031801004772,CIT,32,49,20,"2,634.00","52,680.00"
2019-03-18,2019031801004771,CIT,32,35,17,"2,620.00","44,540.00"
2019-03-18,2019031801004729,CIT,1,35,100,"2,620.00","262,000.00"
2019-03-18,2019031801004728,CIT,45,35,50,"2,620.00","131,000.00"
2019-03-18,2019031801004727,CIT,22,35,34,"2,621.00","89,114.00"
2019-03-18,2019031801004591,CIT,22,35,66,"2,621.00","172,986.00"
2019-03-18,2019031801004645,CZBIL,7,22,127,209.00,"26,543.00"
2019-03-18,2019031801004573,CZBIL,29,22,123,209.00,"25,707.00"
2019-03-18,2019031801004460,CZBIL,29,25,377,209.00,"78,793.00"
2019-03-18,2019031801004661,DBBL,45,53,10,128.00,"1,280.00"
2019-03-18,2019031801004644,DBBL,45,51,66,127.00,"8,382.00"
2019-03-18,2019031801004565,DBBL,22,51,300,127.00,"38,100.00"
2019-03-18,2019031801004492,DBBL,40,40,2,126.00,252.00
2019-03-18,2019031801004485,DBBL,46,44,295,126.00,"37,170.00"
2019-03-18,2019031801004484,DBBL,11,44,405,126.00,"51,030.00"
2019-03-18,2019031801004352,DBBL,26,40,10,127.00,"1,270.00"
2019-03-18,2019031801004351,DBBL,54,40,300,127.00,"38,100.00"
2019-03-18,2019031801004350,DBBL,32,40,500,127.00,"63,500.00"
2019-03-18,2019031801004349,DBBL,18,40,300,127.00,"38,100.00"
2019-03-18,2019031801004348,DBBL,32,40,101,127.00,"12,827.00"
2019-03-18,2019031801004391,DBBL,11,36,95,126.00,"11,970.00"
2019-03-18,2019031801004390,DBBL,57,36,"1,414",126.00,"178,164.00"
2019-03-18,2019031801004389,DBBL,46,36,"1,000",126.00,"126,000.00"
2019-03-18,2019031801004388,DBBL,1,36,300,126.00,"37,800.00"
2019-03-18,2019031801004387,DBBL,26,36,200,126.00,"25,200.00"
2019-03-18,2019031801004386,DBBL,32,36,500,126.00,"63,000.00"
2019-03-18,2019031801004805,DDBL,34,25,100,596.00,"59,600.00"
2019-03-18,2019031801004536,DDBL,34,43,138,596.00,"82,248.00"
2019-03-18,2019031801004535,DDBL,17,43,12,597.00,"7,164.00"
2019-03-18,2019031801004732,EBL,39,42,30,556.00,"16,680.00"
2019-03-18,2019031801004546,EBL,49,42,10,556.00,"5,560.00"
2019-03-18,2019031801004524,EBL,41,56,30,554.00,"16,620.00"
2019-03-18,2019031801004523,EBL,51,56,20,555.00,"11,100.00"
2019-03-18,2019031801004455,EDBL,19,21,100,290.00,"29,000.00"
2019-03-18,2019031801004477,EIC,48,7,30,855.00,"25,650.00"
2019-03-18,2019031801004341,EIC,45,32,100,858.00,"85,800.00"
2019-03-18,2019031801004488,FMDBL,39,56,100,369.00,"36,900.00"
2019-03-18,2019031801004704,FOWAD,19,32,100,"1,509.00","150,900.00"
2019-03-18,2019031801004541,FOWAD,19,36,42,"1,509.00","63,378.00"
2019-03-18,2019031801004540,FOWAD,42,36,108,"1,510.00","163,080.00"
2019-03-18,2019031801004539,FOWAD,7,36,50,"1,511.00","75,550.00"
2019-03-18,2019031801004379,FOWAD,42,37,12,"1,510.00","18,120.00"
2019-03-18,2019031801004327,FOWAD,42,38,80,"1,510.00","120,800.00"
2019-03-18,2019031801004326,FOWAD,42,38,10,"1,511.00","15,110.00"
2019-03-18,2019031801004639,GBIME,45,49,15,268.00,"4,020.00"
2019-03-18,2019031801004776,GBLBS,5,50,200,456.00,"91,200.00"
2019-03-18,2019031801004775,GBLBS,4,50,300,457.00,"137,100.00"
2019-03-18,2019031801004663,GBLBS,46,13,100,458.00,"45,800.00"
2019-03-18,2019031801004763,GDBL,32,47,20,188.00,"3,760.00"
2019-03-18,2019031801004589,GDBL,21,26,201,186.00,"37,386.00"
2019-03-18,2019031801004588,GDBL,42,26,299,186.00,"55,614.00"
2019-03-18,2019031801004787,GLICL,44,59,54,736.00,"39,744.00"
2019-03-18,2019031801004786,GLICL,1,59,35,736.00,"25,760.00"
2019-03-18,2019031801004785,GLICL,43,59,100,737.00,"73,700.00"
2019-03-18,2019031801004784,GLICL,29,59,250,737.00,"184,250.00"
2019-03-18,2019031801004783,GLICL,26,59,61,738.00,"45,018.00"
2019-03-18,2019031801004759,GLICL,26,59,269,738.00,"198,522.00"
2019-03-18,2019031801004454,GLICL,42,49,10,747.00,"7,470.00"
2019-03-18,2019031801004758,GLICL,48,59,150,739.00,"110,850.00"
2019-03-18,2019031801004757,GLICL,46,59,81,744.00,"60,264.00"
2019-03-18,2019031801004714,GLICL,55,25,20,745.00,"14,900.00"
2019-03-18,2019031801004668,GLICL,46,39,119,744.00,"88,536.00"
2019-03-18,2019031801004654,GLICL,50,39,25,744.00,"18,600.00"
2019-03-18,2019031801004530,GLICL,50,49,10,747.00,"7,470.00"
2019-03-18,2019031801004791,GRDBL,56,16,50,105.00,"5,250.00"
2019-03-18,2019031801004578,GRDBL,56,16,50,105.00,"5,250.00"
2019-03-18,2019031801004584,GUFL,57,43,500,112.00,"56,000.00"
2019-03-18,2019031801004355,GUFL,55,5,65,113.00,"7,345.00"
2019-03-18,2019031801004625,HBL,52,40,100,470.00,"47,000.00"
2019-03-18,2019031801004624,HBL,18,40,200,471.00,"94,200.00"
2019-03-18,2019031801004623,HBL,47,40,200,472.00,"94,400.00"
2019-03-18,2019031801004622,HBL,58,40,50,473.00,"23,650.00"
2019-03-18,2019031801004621,HBL,25,40,10,474.00,"4,740.00"
2019-03-18,2019031801004582,HBL,49,17,20,475.00,"9,500.00"
2019-03-18,2019031801004631,HIDCL,56,35,56,133.00,"7,448.00"
2019-03-18,2019031801004401,HPPL,36,39,10,190.00,"1,900.00"
2019-03-18,2019031801004537,IGI,57,52,50,419.00,"20,950.00"
2019-03-18,2019031801004445,JBBL,57,58,10,139.00,"1,390.00"
2019-03-18,2019031801004354,JFL,6,26,20,169.00,"3,380.00"
2019-03-18,2019031801004515,JSLBB,32,10,30,"2,203.00","66,090.00"
2019-03-18,2019031801004370,JSLBB,1,10,10,"2,237.00","22,370.00"
2019-03-18,2019031801004340,JSLBB,48,39,30,"2,238.00","67,140.00"
2019-03-18,2019031801004339,JSLBB,47,39,50,"2,240.00","112,000.00"
2019-03-18,2019031801004338,JSLBB,17,39,50,"2,240.00","112,000.00"
2019-03-18,2019031801004375,JSLBB,47,10,50,"2,195.00","109,750.00"
2019-03-18,2019031801004374,JSLBB,8,10,70,"2,196.00","153,720.00"
2019-03-18,2019031801004373,JSLBB,48,10,20,"2,196.00","43,920.00"
2019-03-18,2019031801004372,JSLBB,57,10,10,"2,201.00","22,010.00"
2019-03-18,2019031801004371,JSLBB,49,10,20,"2,237.00","44,740.00"
2019-03-18,2019031801004803,KBBL,16,14,461,206.00,"94,966.00"
2019-03-18,2019031801004802,KBBL,16,14,"1,000",206.00,"206,000.00"
2019-03-18,2019031801004801,KBBL,32,14,500,206.00,"103,000.00"
2019-03-18,2019031801004800,KBBL,39,14,150,206.00,"30,900.00"
2019-03-18,2019031801004799,KBBL,57,14,"1,000",206.00,"206,000.00"
2019-03-18,2019031801004798,KBBL,47,14,500,207.00,"103,500.00"
2019-03-18,2019031801004797,KBBL,7,14,389,207.00,"80,523.00"
2019-03-18,2019031801004762,KBBL,7,45,211,207.00,"43,677.00"
2019-03-18,2019031801004521,KBBL,58,14,200,208.00,"41,600.00"
2019-03-18,2019031801004411,KBBL,16,14,"1,000",208.00,"208,000.00"
2019-03-18,2019031801004770,KBL,52,51,900,236.00,"212,400.00"
2019-03-18,2019031801004769,KBL,59,51,50,236.00,"11,800.00"
2019-03-18,2019031801004768,KBL,52,51,50,236.00,"11,800.00"
2019-03-18,2019031801004716,KKHC,26,42,200,78.00,"15,600.00"
2019-03-18,2019031801004527,KKHC,26,34,10,79.00,790.00
2019-03-18,2019031801004586,KMCDB,33,16,24,815.00,"19,560.00"
2019-03-18,2019031801004585,KMCDB,51,16,10,815.00,"8,150.00"
2019-03-18,2019031801004529,KMCDB,19,34,10,825.00,"8,250.00"
2019-03-18,2019031801004476,KMFL,43,38,30,860.00,"25,800.00"
2019-03-18,2019031801004475,KMFL,7,38,51,861.00,"43,911.00"
2019-03-18,2019031801004468,KMFL,7,44,149,861.00,"128,289.00"
2019-03-18,2019031801004595,KPCL,16,13,100,95.00,"9,500.00"
2019-03-18,2019031801004733,KRBL,33,42,83,101.00,"8,383.00"
2019-03-18,2019031801004408,KSBBL,56,36,100,140.00,"14,000.00"
2019-03-18,2019031801004407,KSBBL,14,36,949,140.00,"132,860.00"
2019-03-18,2019031801004742,LBL,36,21,500,199.00,"99,500.00"
2019-03-18,2019031801004577,LBL,6,45,284,200.00,"56,800.00"
2019-03-18,2019031801004731,LGIL,51,38,20,510.00,"10,200.00"
2019-03-18,2019031801004715,LGIL,43,34,10,516.00,"5,160.00"
2019-03-18,2019031801004692,LGIL,38,38,150,510.00,"76,500.00"
2019-03-18,2019031801004691,LGIL,55,38,16,510.00,"8,160.00"
2019-03-18,2019031801004690,LGIL,28,38,130,511.00,"66,430.00"
2019-03-18,2019031801004493,LGIL,28,34,100,512.00,"51,200.00"
2019-03-18,2019031801004458,LGIL,55,10,84,510.00,"42,840.00"
2019-03-18,2019031801004457,LGIL,45,10,66,510.00,"33,660.00"
2019-03-18,2019031801004739,LICN,19,35,20,"1,492.00","29,840.00"
2019-03-18,2019031801004670,LICN,47,51,100,"1,490.00","149,000.00"
2019-03-18,2019031801004463,LICN,59,6,500,"1,490.00","745,000.00"
2019-03-18,2019031801004452,LICN,28,33,42,"1,494.00","62,748.00"
2019-03-18,2019031801004424,LICN,59,35,50,"1,491.00","74,550.00"
2019-03-18,2019031801004416,LICN,59,25,50,"1,491.00","74,550.00"
2019-03-18,2019031801004415,LICN,28,25,90,"1,492.00","134,280.00"
2019-03-18,2019031801004369,LICN,28,47,10,"1,492.00","14,920.00"
2019-03-18,2019031801004368,LICN,43,47,10,"1,493.00","14,930.00"
2019-03-18,2019031801004706,LLBS,47,32,200,775.00,"155,000.00"
2019-03-18,2019031801004705,LLBS,5,32,50,775.00,"38,750.00"
2019-03-18,2019031801004325,LLBS,5,16,50,775.00,"38,750.00"
2019-03-18,2019031801004614,LVF1,11,58,"1,000",9.70,"9,700.00"
2019-03-18,2019031801004777,MBL,34,44,"1,001",219.00,"219,219.00"
2019-03-18,2019031801004726,MBL,34,33,55,219.00,"12,045.00"
2019-03-18,2019031801004464,MBL,57,11,100,221.00,"22,100.00"
2019-03-18,2019031801004451,MBL,34,36,332,219.00,"72,708.00"
2019-03-18,2019031801004450,MBL,43,36,500,219.00,"109,500.00"
2019-03-18,2019031801004449,MBL,34,36,50,219.00,"10,950.00"
2019-03-18,2019031801004448,MBL,43,36,800,219.00,"175,200.00"
2019-03-18,2019031801004419,MBL,43,36,100,219.00,"21,900.00"
2019-03-18,2019031801004332,MBL,25,20,33,220.00,"7,260.00"
2019-03-18,2019031801004329,MBL,43,32,100,219.00,"21,900.00"
2019-03-18,2019031801004807,MDB,19,25,259,245.00,"63,455.00"
2019-03-18,2019031801004806,MDB,19,57,200,245.00,"49,000.00"
2019-03-18,2019031801004618,MDB,19,25,200,244.00,"48,800.00"
2019-03-18,2019031801004462,MDB,55,57,100,245.00,"24,500.00"
2019-03-18,2019031801004461,MDB,55,48,100,245.00,"24,500.00"
2019-03-18,2019031801004406,MDB,19,51,100,244.00,"24,400.00"
2019-03-18,2019031801004392,MDB,26,25,30,242.00,"7,260.00"
2019-03-18,2019031801004702,MEGA,43,45,10,165.00,"1,650.00"
2019-03-18,2019031801004400,MEGA,25,6,257,163.00,"41,891.00"
2019-03-18,2019031801004399,MEGA,52,6,100,163.00,"16,300.00"
2019-03-18,2019031801004398,MEGA,38,6,200,163.00,"32,600.00"
2019-03-18,2019031801004397,MEGA,52,6,316,163.00,"51,508.00"
2019-03-18,2019031801004396,MEGA,57,6,40,164.00,"6,560.00"
2019-03-18,2019031801004395,MEGA,45,6,87,164.00,"14,268.00"
2019-03-18,2019031801004362,MEGA,45,21,150,164.00,"24,600.00"
2019-03-18,2019031801004813,MFIL,29,8,400,116.00,"46,400.00"
2019-03-18,2019031801004470,MNBBL,26,25,25,344.00,"8,600.00"
2019-03-18,2019031801004442,MNBBL,54,25,50,345.00,"17,250.00"
2019-03-18,2019031801004441,MNBBL,49,25,100,345.00,"34,500.00"
2019-03-18,2019031801004385,MPFL,51,59,30,150.00,"4,500.00"
2019-03-18,2019031801004380,NABIL,42,55,20,722.00,"14,440.00"
2019-03-18,2019031801004766,NABILP,16,34,112,685.00,"76,720.00"
2019-03-18,2019031801004765,NABILP,21,34,20,685.00,"13,700.00"
2019-03-18,2019031801004734,NABILP,16,6,700,686.00,"480,200.00"
2019-03-18,2019031801004651,NABILP,32,6,89,685.00,"60,965.00"
2019-03-18,2019031801004636,NABILP,52,14,50,684.00,"34,200.00"
2019-03-18,2019031801004630,NABILP,16,6,300,685.00,"205,500.00"
2019-03-18,2019031801004722,NADEP,26,41,10,683.00,"6,830.00"
2019-03-18,2019031801004688,NBB,7,37,63,196.00,"12,348.00"
2019-03-18,2019031801004687,NBB,7,49,120,196.00,"23,520.00"
2019-03-18,2019031801004686,NBB,7,37,217,196.00,"42,532.00"
2019-03-18,2019031801004491,NBB,16,48,377,195.00,"73,515.00"
2019-03-18,2019031801004446,NBB,13,37,300,196.00,"58,800.00"
2019-03-18,2019031801004718,NBL,1,38,500,290.00,"145,000.00"
2019-03-18,2019031801004717,NBL,1,36,495,290.00,"143,550.00"
2019-03-18,2019031801004555,NBL,49,34,200,291.00,"58,200.00"
2019-03-18,2019031801004549,NBL,58,16,10,289.00,"2,890.00"
2019-03-18,2019031801004533,NBL,28,36,100,290.00,"29,000.00"
2019-03-18,2019031801004532,NBL,28,42,225,290.00,"65,250.00"
2019-03-18,2019031801004453,NBL,59,42,25,290.00,"7,250.00"
2019-03-18,2019031801004679,NCCB,34,58,"2,884",213.00,"614,292.00"
2019-03-18,2019031801004678,NCCB,34,57,501,213.00,"106,713.00"
2019-03-18,2019031801004612,NCCB,33,58,100,213.00,"21,300.00"
2019-03-18,2019031801004611,NCCB,56,58,37,213.00,"7,881.00"
2019-03-18,2019031801004567,NCCB,56,49,63,213.00,"13,419.00"
2019-03-18,2019031801004566,NCCB,46,49,137,213.00,"29,181.00"
2019-03-18,2019031801004431,NCCB,46,29,263,213.00,"56,019.00"
2019-03-18,2019031801004628,NGPL,34,44,297,126.00,"37,422.00"
2019-03-18,2019031801004627,NGPL,34,45,39,126.00,"4,914.00"
2019-03-18,2019031801004626,NGPL,34,18,129,125.00,"16,125.00"
2019-03-18,2019031801004804,NHPC,58,28,10,72.00,720.00
2019-03-18,2019031801004358,NHPC,44,51,500,71.00,"35,500.00"
2019-03-18,2019031801004794,NIB,49,25,10,541.00,"5,410.00"
2019-03-18,2019031801004648,NIB,58,14,50,539.00,"26,950.00"
2019-03-18,2019031801004620,NIB,42,35,27,538.00,"14,526.00"
2019-03-18,2019031801004619,NIB,39,35,10,539.00,"5,390.00"
2019-03-18,2019031801004459,NIB,51,25,40,540.00,"21,600.00"
2019-03-18,2019031801004346,NIBLPF,35,4,"2,968",7.45,"22,111.60"
2019-03-18,2019031801004321,NIBPO,17,6,200,485.00,"97,000.00"
2019-03-18,2019031801004320,NIBPO,52,6,50,485.00,"24,250.00"
2019-03-18,2019031801004608,NICA,37,38,880,398.00,"350,240.00"
2019-03-18,2019031801004576,NICA,49,38,20,398.00,"7,960.00"
2019-03-18,2019031801004562,NICA,21,38,100,398.00,"39,800.00"
2019-03-18,2019031801004466,NICA,21,38,200,398.00,"79,600.00"
2019-03-18,2019031801004336,NICA,42,47,100,399.00,"39,900.00"
2019-03-18,2019031801004730,NICL,43,40,10,381.00,"3,810.00"
2019-03-18,2019031801004673,NICL,52,52,850,376.00,"319,600.00"
2019-03-18,2019031801004672,NICL,52,52,50,377.00,"18,850.00"
2019-03-18,2019031801004671,NICL,49,52,100,377.00,"37,700.00"
2019-03-18,2019031801004664,NICL,38,40,200,380.00,"76,000.00"
2019-03-18,2019031801004613,NICL,38,40,300,380.00,"114,000.00"
2019-03-18,2019031801004760,NIL,28,10,10,530.00,"5,300.00"
2019-03-18,2019031801004581,NLG,41,19,133,812.00,"107,996.00"
2019-03-18,2019031801004580,NLG,33,19,72,815.00,"58,680.00"
2019-03-18,2019031801004579,NLG,7,19,35,816.00,"28,560.00"
2019-03-18,2019031801004490,NLG,7,19,200,817.00,"163,400.00"
2019-03-18,2019031801004795,NLIC,7,16,50,"1,098.00","54,900.00"
2019-03-18,2019031801004736,NLIC,34,16,50,"1,098.00","54,900.00"
2019-03-18,2019031801004713,NLIC,54,16,32,"1,098.00","35,136.00"
2019-03-18,2019031801004681,NLIC,35,16,40,"1,099.00","43,960.00"
2019-03-18,2019031801004642,NLIC,51,16,200,"1,099.00","219,800.00"
2019-03-18,2019031801004634,NLIC,54,59,68,"1,098.00","74,664.00"
2019-03-18,2019031801004412,NLIC,45,59,100,"1,104.00","110,400.00"
2019-03-18,2019031801004347,NLIC,6,59,10,"1,104.00","11,040.00"
2019-03-18,2019031801004344,NLIC,29,59,22,"1,104.00","24,288.00"
2019-03-18,2019031801004343,NLIC,29,56,78,"1,103.00","86,034.00"
2019-03-18,2019031801004328,NLIC,54,56,18,"1,103.00","19,854.00"
2019-03-18,2019031801004496,NLIC,29,28,10,"1,102.00","11,020.00"
2019-03-18,2019031801004495,NLIC,36,28,26,"1,102.00","28,652.00"
2019-03-18,2019031801004474,NLIC,36,17,17,"1,102.00","18,734.00"
2019-03-18,2019031801004465,NLIC,36,17,17,"1,102.00","18,734.00"
2019-03-18,2019031801004444,NLIC,36,43,40,"1,102.00","44,080.00"
2019-03-18,2019031801004443,NLIC,45,43,50,"1,102.00","55,100.00"
2019-03-18,2019031801004502,NLIC,57,28,30,"1,100.00","33,000.00"
2019-03-18,2019031801004501,NLIC,39,28,20,"1,100.00","22,000.00"
2019-03-18,2019031801004500,NLIC,53,28,100,"1,100.00","110,000.00"
2019-03-18,2019031801004499,NLIC,1,28,200,"1,101.00","220,200.00"
2019-03-18,2019031801004498,NLIC,51,28,100,"1,101.00","110,100.00"
2019-03-18,2019031801004497,NLIC,55,28,200,"1,102.00","220,400.00"
2019-03-18,2019031801004508,NLIC,39,28,100,"1,100.00","110,000.00"
2019-03-18,2019031801004507,NLIC,19,28,200,"1,100.00","220,000.00"
2019-03-18,2019031801004506,NLIC,57,28,50,"1,100.00","55,000.00"
2019-03-18,2019031801004505,NLIC,41,28,10,"1,100.00","11,000.00"
2019-03-18,2019031801004504,NLIC,57,28,100,"1,100.00","110,000.00"
2019-03-18,2019031801004503,NLIC,49,28,200,"1,100.00","220,000.00"
2019-03-18,2019031801004563,NLIC,36,38,25,"1,103.00","27,575.00"
2019-03-18,2019031801004531,NLIC,42,38,50,"1,103.00","55,150.00"
2019-03-18,2019031801004512,NLIC,1,28,200,"1,100.00","220,000.00"
2019-03-18,2019031801004511,NLIC,49,28,100,"1,100.00","110,000.00"
2019-03-18,2019031801004510,NLIC,11,28,40,"1,100.00","44,000.00"
2019-03-18,2019031801004509,NLIC,19,28,50,"1,100.00","55,000.00"
2019-03-18,2019031801004633,NLIC,22,59,20,"1,098.00","21,960.00"
2019-03-18,2019031801004610,NLIC,33,16,53,"1,099.00","58,247.00"
2019-03-18,2019031801004609,NLIC,46,16,298,"1,099.00","327,502.00"
2019-03-18,2019031801004603,NLIC,29,50,100,"1,100.00","110,000.00"
2019-03-18,2019031801004601,NLIC,46,54,77,"1,099.00","84,623.00"
2019-03-18,2019031801004600,NLIC,46,38,125,"1,099.00","137,375.00"
2019-03-18,2019031801004740,NLICL,43,44,10,588.00,"5,880.00"
2019-03-18,2019031801004695,NLICL,22,16,100,585.00,"58,500.00"
2019-03-18,2019031801004652,NLICL,22,16,35,585.00,"20,475.00"
2019-03-18,2019031801004599,NLICL,33,16,200,585.00,"117,000.00"
2019-03-18,2019031801004598,NLICL,33,16,100,585.00,"58,500.00"
2019-03-18,2019031801004597,NLICL,29,16,65,587.00,"38,155.00"
2019-03-18,2019031801004596,NLICL,29,54,35,587.00,"20,545.00"
2019-03-18,2019031801004456,NLICL,43,44,100,588.00,"58,800.00"
2019-03-18,2019031801004422,NLICL,29,54,100,587.00,"58,700.00"
2019-03-18,2019031801004378,NLICL,35,44,200,588.00,"117,600.00"
2019-03-18,2019031801004377,NLICL,17,44,150,588.00,"88,200.00"
2019-03-18,2019031801004376,NLICL,33,44,99,589.00,"58,311.00"
2019-03-18,2019031801004712,NMB,25,26,178,325.00,"57,850.00"
2019-03-18,2019031801004694,NMB,41,14,70,323.00,"22,610.00"
2019-03-18,2019031801004693,NMB,56,14,30,323.00,"9,690.00"
2019-03-18,2019031801004665,NMB,44,17,50,324.00,"16,200.00"
2019-03-18,2019031801004520,NMB,44,26,300,325.00,"97,500.00"
2019-03-18,2019031801004519,NMB,16,26,300,325.00,"97,500.00"
2019-03-18,2019031801004518,NMB,14,26,222,325.00,"72,150.00"
2019-03-18,2019031801004513,NMB,40,40,1,326.00,326.00
2019-03-18,2019031801004482,NMB,57,44,100,326.00,"32,600.00"
2019-03-18,2019031801004816,NMFBS,57,58,10,"1,622.00","16,220.00"
2019-03-18,2019031801004815,NMFBS,57,58,10,"1,622.00","16,220.00"
2019-03-18,2019031801004814,NMFBS,57,58,10,"1,622.00","16,220.00"
2019-03-18,2019031801004409,NUBL,11,45,50,744.00,"37,200.00"
2019-03-18,2019031801004384,NUBL,42,45,100,744.00,"74,400.00"
2019-03-18,2019031801004383,NUBL,32,45,10,744.00,"7,440.00"
2019-03-18,2019031801004382,NUBL,38,45,201,745.00,"149,745.00"
2019-03-18,2019031801004809,PCBL,6,46,50,318.00,"15,900.00"
2019-03-18,2019031801004808,PCBL,45,46,50,319.00,"15,950.00"
2019-03-18,2019031801004703,PCBL,58,50,200,319.00,"63,800.00"
2019-03-18,2019031801004689,PIC,22,22,24,"1,028.00","24,672.00"
2019-03-18,2019031801004615,PIC,39,13,12,"1,029.00","12,348.00"
2019-03-18,2019031801004575,PICL,17,25,40,695.00,"27,800.00"
2019-03-18,2019031801004574,PICL,10,25,10,695.00,"6,950.00"
2019-03-18,2019031801004788,PLIC,38,43,100,450.00,"45,000.00"
2019-03-18,2019031801004781,PLIC,38,40,24,450.00,"10,800.00"
2019-03-18,2019031801004780,PLIC,54,40,100,450.00,"45,000.00"
2019-03-18,2019031801004779,PLIC,56,40,56,451.00,"25,256.00"
2019-03-18,2019031801004778,PLIC,38,40,20,451.00,"9,020.00"
2019-03-18,2019031801004413,PLIC,35,28,90,454.00,"40,860.00"
2019-03-18,2019031801004764,PRIN,7,26,100,418.00,"41,800.00"
2019-03-18,2019031801004737,PRIN,32,22,50,416.00,"20,800.00"
2019-03-18,2019031801004701,PRIN,32,19,309,416.00,"128,544.00"
2019-03-18,2019031801004700,PRIN,32,19,191,416.00,"79,456.00"
2019-03-18,2019031801004792,PRVU,21,13,40,234.00,"9,360.00"
2019-03-18,2019031801004767,PRVU,21,13,100,234.00,"23,400.00"
2019-03-18,2019031801004440,PRVU,57,17,150,235.00,"35,250.00"
2019-03-18,2019031801004439,PRVU,57,11,50,235.00,"11,750.00"
2019-03-18,2019031801004381,PRVU,56,6,200,234.00,"46,800.00"
2019-03-18,2019031801004548,RADHI,13,8,53,174.00,"9,222.00"
2019-03-18,2019031801004547,RADHI,25,34,10,176.00,"1,760.00"
2019-03-18,2019031801004367,RADHI,58,21,11,175.00,"1,925.00"
2019-03-18,2019031801004353,RADHI,58,21,11,175.00,"1,925.00"
2019-03-18,2019031801004782,RBCLPO,33,58,20,"8,560.00","171,200.00"
2019-03-18,2019031801004669,RBCLPO,38,28,25,"8,700.00","217,500.00"
2019-03-18,2019031801004675,RMDC,56,6,920,532.00,"489,440.00"
2019-03-18,2019031801004430,RMDC,22,49,69,526.00,"36,294.00"
2019-03-18,2019031801004429,RMDC,44,49,50,526.00,"26,300.00"
2019-03-18,2019031801004428,RMDC,21,49,20,527.00,"10,540.00"
2019-03-18,2019031801004427,RMDC,21,49,10,527.00,"5,270.00"
2019-03-18,2019031801004426,RMDC,55,49,10,528.00,"5,280.00"
2019-03-18,2019031801004425,RMDC,56,49,30,528.00,"15,840.00"
2019-03-18,2019031801004420,RMDC,10,49,152,530.00,"80,560.00"
2019-03-18,2019031801004405,RMDC,37,49,50,530.00,"26,500.00"
2019-03-18,2019031801004322,RMDC,34,36,48,529.00,"25,392.00"
2019-03-18,2019031801004641,RRHP,58,58,10,101.00,"1,010.00"
2019-03-18,2019031801004554,RRHP,58,1,10,101.00,"1,010.00"
2019-03-18,2019031801004331,RRHP,45,26,10,100.00,"1,000.00"
2019-03-18,2019031801004323,RRHP,45,44,10,100.00,"1,000.00"
2019-03-18,2019031801004796,RSDC,56,50,49,373.00,"18,277.00"
2019-03-18,2019031801004489,RSDC,40,40,1,375.00,375.00
2019-03-18,2019031801004486,RSDC,39,54,47,375.00,"17,625.00"
2019-03-18,2019031801004438,SANIMA,34,45,16,298.00,"4,768.00"
2019-03-18,2019031801004437,SANIMA,16,45,300,298.00,"89,400.00"
2019-03-18,2019031801004436,SANIMA,37,45,500,298.00,"149,000.00"
2019-03-18,2019031801004435,SANIMA,54,45,111,298.00,"33,078.00"
2019-03-18,2019031801004434,SANIMA,22,45,100,299.00,"29,900.00"
2019-03-18,2019031801004433,SANIMA,11,45,83,300.00,"24,900.00"
2019-03-18,2019031801004432,SANIMA,53,45,100,301.00,"30,100.00"
2019-03-18,2019031801004810,SBI,17,59,364,394.00,"143,416.00"
2019-03-18,2019031801004632,SBI,8,20,100,392.00,"39,200.00"
2019-03-18,2019031801004594,SBI,59,19,11,396.00,"4,356.00"
2019-03-18,2019031801004676,SBL,7,44,400,293.00,"117,200.00"
2019-03-18,2019031801004469,SBL,57,34,200,294.00,"58,800.00"
2019-03-18,2019031801004698,SEF,43,18,300,9.27,"2,781.00"
2019-03-18,2019031801004643,SEOS,1,16,100,10.00,"1,000.00"
2019-03-18,2019031801004487,SEOS,51,16,"5,000",10.05,"50,250.00"
2019-03-18,2019031801004393,SHINE,11,34,200,238.00,"47,600.00"
2019-03-18,2019031801004337,SHINE,26,34,25,238.00,"5,950.00"
2019-03-18,2019031801004394,SHINE,34,34,"4,161",238.00,"990,318.00"
2019-03-18,2019031801004653,SHPC,34,54,933,229.00,"213,657.00"
2019-03-18,2019031801004365,SHPC,45,46,"5,000",227.00,"1,135,000.00"
2019-03-18,2019031801004364,SHPC,57,46,"1,000",227.00,"227,000.00"
2019-03-18,2019031801004363,SHPC,29,46,"1,500",228.00,"342,000.00"
2019-03-18,2019031801004811,SIC,34,25,300,"1,288.00","386,400.00"
2019-03-18,2019031801004707,SICL,45,10,196,886.00,"173,656.00"
2019-03-18,2019031801004607,SICL,43,52,23,883.00,"20,309.00"
2019-03-18,2019031801004606,SICL,43,52,10,883.00,"8,830.00"
2019-03-18,2019031801004605,SICL,56,52,54,883.00,"47,682.00"
2019-03-18,2019031801004604,SICL,45,52,200,884.00,"176,800.00"
2019-03-18,2019031801004481,SICL,43,19,10,883.00,"8,830.00"
2019-03-18,2019031801004480,SICL,10,19,30,883.00,"26,490.00"
2019-03-18,2019031801004479,SICL,38,19,10,883.00,"8,830.00"
2019-03-18,2019031801004774,SKBBL,46,56,100,868.00,"86,800.00"
2019-03-18,2019031801004447,SKBBL,46,53,45,868.00,"39,060.00"
2019-03-18,2019031801004711,SLBSL,45,52,30,741.00,"22,230.00"
2019-03-18,2019031801004710,SLBSL,39,52,50,742.00,"37,100.00"
2019-03-18,2019031801004697,SLICL,56,51,54,534.00,"28,836.00"
2019-03-18,2019031801004696,SLICL,55,51,40,534.00,"21,360.00"
2019-03-18,2019031801004342,SLICL,55,51,40,538.00,"21,520.00"
2019-03-18,2019031801004819,SMB,46,17,10,649.00,"6,490.00"
2019-03-18,2019031801004366,SMFDB,7,45,100,640.00,"64,000.00"
2019-03-18,2019031801004357,SMFDB,7,45,100,640.00,"64,000.00"
2019-03-18,2019031801004356,SMFDB,39,45,100,642.00,"64,200.00"
2019-03-18,2019031801004677,SRBL,45,44,20,219.00,"4,380.00"
2019-03-18,2019031801004660,SRBL,46,48,78,217.00,"16,926.00"
2019-03-18,2019031801004659,SRBL,43,48,500,217.00,"108,500.00"
2019-03-18,2019031801004658,SRBL,32,48,300,217.00,"65,100.00"
2019-03-18,2019031801004657,SRBL,32,48,75,217.00,"16,275.00"
2019-03-18,2019031801004656,SRBL,38,48,40,218.00,"8,720.00"
2019-03-18,2019031801004655,SRBL,5,48,28,218.00,"6,104.00"
2019-03-18,2019031801004471,SRBL,5,51,44,218.00,"9,592.00"
2019-03-18,2019031801004682,SWBBL,45,17,30,835.00,"25,050.00"
2019-03-18,2019031801004741,TRH,57,21,20,252.00,"5,040.00"
2019-03-18,2019031801004538,TRH,25,6,100,250.00,"25,000.00"
2019-03-18,2019031801004414,UFL,22,5,50,212.00,"10,600.00"
2019-03-18,2019031801004590,UIC,11,26,80,780.00,"62,400.00"
2019-03-18,2019031801004720,UPPER,1,59,20,242.00,"4,840.00"
2019-03-18,2019031801004719,UPPER,58,59,30,242.00,"7,260.00"
2019-03-18,2019031801004685,UPPER,58,38,420,242.00,"101,640.00"
2019-03-18,2019031801004684,UPPER,59,38,50,243.00,"12,150.00"
2019-03-18,2019031801004683,UPPER,44,38,30,243.00,"7,290.00"
2019-03-18,2019031801004680,UPPER,44,50,40,243.00,"9,720.00"
2019-03-18,2019031801004335,UPPER,18,44,500,243.00,"121,500.00"
2019-03-18,2019031801004334,UPPER,34,44,100,243.00,"24,300.00"
2019-03-18,2019031801004333,UPPER,57,44,571,243.00,"138,753.00"
2019-03-18,2019031801004534,UPPER,25,25,4,239.00,956.00
2019-03-18,2019031801004522,UPPER,29,58,40,243.00,"9,720.00"
2019-03-18,2019031801004516,UPPER,29,4,40,243.00,"9,720.00"
2019-03-18,2019031801004514,UPPER,29,58,50,243.00,"12,150.00"
2019-03-18,2019031801004417,UPPER,58,26,40,242.00,"9,680.00"
2019-03-18,2019031801004359,UPPER,58,21,10,242.00,"2,420.00"
2019-03-18,2019031801004587,UPPER,29,28,40,243.00,"9,720.00"
2019-03-18,2019031801004583,UPPER,49,38,50,244.00,"12,200.00"
2019-03-18,2019031801004564,UPPER,29,50,50,243.00,"12,150.00"
2019-03-18,2019031801004553,UPPER,29,58,50,243.00,"12,150.00"
2019-03-18,2019031801004542,UPPER,29,16,10,243.00,"2,430.00"
2019-03-18,2019031801004647,UPPER,44,34,20,243.00,"4,860.00"
2019-03-18,2019031801004646,UPPER,29,34,30,243.00,"7,290.00"
2019-03-18,2019031801004640,UPPER,29,48,50,243.00,"12,150.00"
2019-03-18,2019031801004637,UPPER,29,58,40,243.00,"9,720.00"
2019-03-18,2019031801004629,UPPER,32,38,100,244.00,"24,400.00"
2019-03-18,2019031801003906,ADBL,26,59,500,301.00,"150,500.00"
2019-03-18,2019031801004312,AMFI,25,32,10,660.00,"6,600.00"
2019-03-18,2019031801004311,AMFI,21,32,20,660.00,"13,200.00"
2019-03-18,2019031801004291,AMFI,21,44,10,660.00,"6,600.00"
2019-03-18,2019031801003897,AMFI,21,32,10,660.00,"6,600.00"
2019-03-18,2019031801004288,API,25,28,12,136.00,"1,632.00"
2019-03-18,2019031801004287,API,25,13,290,135.00,"39,150.00"
2019-03-18,2019031801004146,API,41,13,10,135.00,"1,350.00"
2019-03-18,2019031801004080,API,42,13,200,135.00,"27,000.00"
2019-03-18,2019031801004079,API,42,26,300,135.00,"40,500.00"
2019-03-18,2019031801004013,BARUN,47,44,200,98.00,"19,600.00"
2019-03-18,2019031801004257,BPCL,32,28,10,368.00,"3,680.00"
2019-03-18,2019031801004256,BPCL,32,14,10,365.00,"3,650.00"
2019-03-18,2019031801004233,CBBL,34,55,50,886.00,"44,300.00"
2019-03-18,2019031801003982,CBBL,34,29,140,888.00,"124,320.00"
2019-03-18,2019031801003912,CBBL,50,45,50,888.00,"44,400.00"
2019-03-18,2019031801003905,CBBL,34,29,78,886.00,"69,108.00"
2019-03-18,2019031801003904,CBBL,39,29,100,886.00,"88,600.00"
2019-03-18,2019031801003903,CBBL,21,29,22,886.00,"19,492.00"
2019-03-18,2019031801004249,CBL,53,34,100,156.00,"15,600.00"
2019-03-18,2019031801004183,CBL,58,59,910,155.00,"141,050.00"
2019-03-18,2019031801004173,CBL,29,59,90,155.00,"13,950.00"
2019-03-18,2019031801004054,CBL,57,5,91,155.00,"14,105.00"
2019-03-18,2019031801004053,CBL,53,5,100,155.00,"15,500.00"
2019-03-18,2019031801004052,CBL,1,5,500,155.00,"77,500.00"
2019-03-18,2019031801004051,CBL,5,5,300,155.00,"46,500.00"
2019-03-18,2019031801003917,CBL,5,59,700,155.00,"108,500.00"
2019-03-18,2019031801003916,CBL,59,59,200,155.00,"31,000.00"
2019-03-18,2019031801003886,CBL,28,34,10,156.00,"1,560.00"
2019-03-18,2019031801004188,CCBL,1,48,300,164.00,"49,200.00"
2019-03-18,2019031801004063,CFCL,34,5,860,107.00,"92,020.00"
2019-03-18,2019031801003860,CFCL,38,41,"1,000",107.00,"107,000.00"
2019-03-18,2019031801003859,CFCL,33,41,"1,000",107.00,"107,000.00"
2019-03-18,2019031801004113,CHCL,44,48,20,509.00,"10,180.00"
2019-03-18,2019031801004282,CHL,45,44,10,104.00,"1,040.00"
2019-03-18,2019031801004120,CHLBS,56,22,10,560.00,"5,600.00"
2019-03-18,2019031801004071,CHLBS,56,5,30,560.00,"16,800.00"
2019-03-18,2019031801004070,CHLBS,58,5,70,560.00,"39,200.00"
2019-03-18,2019031801004069,CHLBS,21,5,20,560.00,"11,200.00"
2019-03-18,2019031801004110,CIT,16,21,40,"2,625.00","105,000.00"
2019-03-18,2019031801004045,CIT,16,58,50,"2,625.00","131,250.00"
2019-03-18,2019031801004044,CIT,41,58,50,"2,626.00","131,300.00"
2019-03-18,2019031801004036,CIT,16,35,212,"2,625.00","556,500.00"
2019-03-18,2019031801003955,CIT,16,25,11,"2,625.00","28,875.00"
2019-03-18,2019031801003937,CIT,16,58,90,"2,625.00","236,250.00"
2019-03-18,2019031801003936,CIT,19,58,10,"2,626.00","26,260.00"
2019-03-18,2019031801004126,CZBIL,28,40,10,208.00,"2,080.00"
2019-03-18,2019031801004035,CZBIL,28,22,472,208.00,"98,176.00"
2019-03-18,2019031801003960,CZBIL,28,38,10,208.00,"2,080.00"
2019-03-18,2019031801004167,DBBL,26,51,200,128.00,"25,600.00"
2019-03-18,2019031801004148,DBBL,26,51,200,128.00,"25,600.00"
2019-03-18,2019031801004078,DBBL,32,5,231,127.00,"29,337.00"
2019-03-18,2019031801003910,DBBL,32,39,668,127.00,"84,836.00"
2019-03-18,2019031801003909,DBBL,38,39,"1,000",127.00,"127,000.00"
2019-03-18,2019031801003908,DBBL,28,39,200,127.00,"25,400.00"
2019-03-18,2019031801003907,DBBL,37,39,"2,000",127.00,"254,000.00"
2019-03-18,2019031801003871,DDBL,7,56,112,599.00,"67,088.00"
2019-03-18,2019031801003864,DDBL,34,1,500,600.00,"300,000.00"
2019-03-18,2019031801003863,DDBL,34,44,300,600.00,"180,000.00"
2019-03-18,2019031801004317,EBL,6,36,150,555.00,"83,250.00"
2019-03-18,2019031801004316,EBL,45,36,10,555.00,"5,550.00"
2019-03-18,2019031801004315,EBL,25,36,100,555.00,"55,500.00"
2019-03-18,2019031801004314,EBL,1,36,627,555.00,"347,985.00"
2019-03-18,2019031801003970,EBL,8,48,26,556.00,"14,456.00"
2019-03-18,2019031801003957,EBL,8,19,480,556.00,"266,880.00"
2019-03-18,2019031801003956,EBL,45,19,20,556.00,"11,120.00"
2019-03-18,2019031801003944,EBL,34,50,100,557.00,"55,700.00"
2019-03-18,2019031801004117,EBL,57,37,440,555.00,"244,200.00"
2019-03-18,2019031801004116,EBL,45,37,10,556.00,"5,560.00"
2019-03-18,2019031801004115,EBL,29,37,50,556.00,"27,800.00"
2019-03-18,2019031801004111,EBL,29,42,50,556.00,"27,800.00"
2019-03-18,2019031801004068,EBL,8,35,94,556.00,"52,264.00"
2019-03-18,2019031801003993,EBL,8,45,100,556.00,"55,600.00"
2019-03-18,2019031801004232,EBL,58,58,111,556.00,"61,716.00"
2019-03-18,2019031801004213,EBL,1,50,133,555.00,"73,815.00"
2019-03-18,2019031801004191,EBL,1,21,240,555.00,"133,200.00"
2019-03-18,2019031801004190,EBL,48,21,200,555.00,"111,000.00"
2019-03-18,2019031801004189,EBL,57,21,60,555.00,"33,300.00"
2019-03-18,2019031801004307,EDBL,19,55,200,290.00,"58,000.00"
2019-03-18,2019031801004267,EIC,45,57,100,858.00,"85,800.00"
2019-03-18,2019031801004266,EIC,25,57,50,861.00,"43,050.00"
2019-03-18,2019031801004265,EIC,51,57,100,865.00,"86,500.00"
2019-03-18,2019031801004264,EIC,43,57,43,866.00,"37,238.00"
2019-03-18,2019031801004230,EIC,21,25,12,870.00,"10,440.00"
2019-03-18,2019031801004229,EIC,56,25,10,872.00,"8,720.00"
2019-03-18,2019031801004210,EIC,45,5,10,875.00,"8,750.00"
2019-03-18,2019031801004037,FMDBL,6,6,"2,098",368.00,"772,064.00"
2019-03-18,2019031801004285,FOWAD,42,37,90,"1,511.00","135,990.00"
2019-03-18,2019031801004284,FOWAD,10,37,30,"1,511.00","45,330.00"
2019-03-18,2019031801004283,FOWAD,10,37,30,"1,511.00","45,330.00"
2019-03-18,2019031801004274,FOWAD,48,37,15,"1,512.00","22,680.00"
2019-03-18,2019031801004273,FOWAD,25,37,20,"1,512.00","30,240.00"
2019-03-18,2019031801004272,FOWAD,21,37,20,"1,512.00","30,240.00"
2019-03-18,2019031801004104,FOWAD,42,38,100,"1,513.00","151,300.00"
2019-03-18,2019031801004301,GBBL,41,55,13,188.00,"2,444.00"
2019-03-18,2019031801004300,GBBL,42,55,40,188.00,"7,520.00"
2019-03-18,2019031801004247,GBBL,42,29,30,188.00,"5,640.00"
2019-03-18,2019031801004231,GBBL,42,29,30,188.00,"5,640.00"
2019-03-18,2019031801004155,GBIME,49,48,71,268.00,"19,028.00"
2019-03-18,2019031801003998,GBIME,16,38,158,268.00,"42,344.00"
2019-03-18,2019031801003855,GBIME,45,38,42,268.00,"11,256.00"
2019-03-18,2019031801003835,GBIME,45,26,458,268.00,"122,744.00"
2019-03-18,2019031801004269,GBLBS,46,11,100,458.00,"45,800.00"
2019-03-18,2019031801004031,GBLBS,56,57,90,455.00,"40,950.00"
2019-03-18,2019031801004030,GBLBS,45,57,50,455.00,"22,750.00"
2019-03-18,2019031801004029,GBLBS,5,57,50,456.00,"22,800.00"
2019-03-18,2019031801004028,GBLBS,5,57,10,456.00,"4,560.00"
2019-03-18,2019031801004000,GBLBS,5,41,90,456.00,"41,040.00"
2019-03-18,2019031801003999,GBLBS,38,41,50,456.00,"22,800.00"
2019-03-18,2019031801003986,GBLBS,52,41,50,457.00,"22,850.00"
2019-03-18,2019031801003985,GBLBS,55,41,50,457.00,"22,850.00"
2019-03-18,2019031801003984,GBLBS,57,41,40,458.00,"18,320.00"
2019-03-18,2019031801004169,GDBL,42,14,96,188.00,"18,048.00"
2019-03-18,2019031801003959,GDBL,42,51,701,186.00,"130,386.00"
2019-03-18,2019031801003958,GDBL,14,51,100,186.00,"18,600.00"
2019-03-18,2019031801003913,GDBLPO,35,33,"3,000",120.00,"360,000.00"
2019-03-18,2019031801003898,GDBLPO,35,33,"9,000",120.00,"1,080,000.00"
2019-03-18,2019031801004034,GFCL,49,39,100,118.00,"11,800.00"
2019-03-18,2019031801004033,GFCL,38,39,35,119.00,"4,165.00"
2019-03-18,2019031801003990,GFCL,38,59,255,119.00,"30,345.00"
2019-03-18,2019031801003891,GFCL,45,59,200,120.00,"24,000.00"
2019-03-18,2019031801004181,GILB,55,55,1,"1,070.00","1,070.00"
2019-03-18,2019031801004299,GLICL,29,42,50,737.00,"36,850.00"
2019-03-18,2019031801004286,GLICL,19,42,50,738.00,"36,900.00"
2019-03-18,2019031801004197,GLICL,1,49,65,736.00,"47,840.00"
2019-03-18,2019031801004196,GLICL,48,49,150,737.00,"110,550.00"
2019-03-18,2019031801004195,GLICL,57,49,200,738.00,"147,600.00"
2019-03-18,2019031801004194,GLICL,32,49,50,738.00,"36,900.00"
2019-03-18,2019031801003857,GLICL,5,25,50,740.00,"37,000.00"
2019-03-18,2019031801003856,GLICL,50,25,50,740.00,"37,000.00"
2019-03-18,2019031801004193,GLICL,5,49,50,740.00,"37,000.00"
2019-03-18,2019031801004192,GLICL,45,49,25,742.00,"18,550.00"
2019-03-18,2019031801004105,GLICL,54,57,100,743.00,"74,300.00"
2019-03-18,2019031801004002,GLICL,5,17,450,740.00,"333,000.00"
2019-03-18,2019031801004001,GLICL,5,17,50,740.00,"37,000.00"
2019-03-18,2019031801003966,GLICL,32,39,50,744.00,"37,200.00"
2019-03-18,2019031801003834,GRDBL,56,57,50,105.00,"5,250.00"
2019-03-18,2019031801003828,GUFL,51,42,"1,000",113.00,"113,000.00"
2019-03-18,2019031801004043,HGI,11,7,15,386.00,"5,790.00"
2019-03-18,2019031801004018,HGI,59,1,200,382.00,"76,400.00"
2019-03-18,2019031801004017,HGI,34,1,300,383.00,"114,900.00"
2019-03-18,2019031801004016,HGI,7,1,200,384.00,"76,800.00"
2019-03-18,2019031801003992,HGI,46,16,90,384.00,"34,560.00"
2019-03-18,2019031801003991,HGI,5,16,10,385.00,"3,850.00"
2019-03-18,2019031801004042,HIDCL,56,44,546,133.00,"72,618.00"
2019-03-18,2019031801004041,HIDCL,25,44,200,133.00,"26,600.00"
2019-03-18,2019031801004040,HIDCL,14,44,54,133.00,"7,182.00"
2019-03-18,2019031801004039,HIDCL,56,44,200,133.00,"26,600.00"
2019-03-18,2019031801004038,HIDCL,13,44,500,133.00,"66,500.00"
2019-03-18,2019031801004171,HPPL,18,36,40,190.00,"7,600.00"
2019-03-18,2019031801004151,HPPL,18,42,160,190.00,"30,400.00"
2019-03-18,2019031801004092,ICFC,45,28,466,153.00,"71,298.00"
2019-03-18,2019031801004091,ICFC,36,28,500,154.00,"77,000.00"
2019-03-18,2019031801004090,ICFC,49,28,34,154.00,"5,236.00"
2019-03-18,2019031801003858,IGI,57,32,50,420.00,"21,000.00"
2019-03-18,2019031801003943,JBNL,32,34,100,172.00,"17,200.00"
2019-03-18,2019031801003821,JBNL,51,34,"4,210",172.00,"724,120.00"
2019-03-18,2019031801003945,JFL,17,39,34,169.00,"5,746.00"
2019-03-18,2019031801003879,JSLBB,55,38,10,"2,239.00","22,390.00"
2019-03-18,2019031801003878,JSLBB,47,38,20,"2,240.00","44,800.00"
2019-03-18,2019031801004050,KBBL,16,16,500,207.00,"103,500.00"
2019-03-18,2019031801004221,KBL,18,18,90,237.00,"21,330.00"
2019-03-18,2019031801004165,KBL,42,44,500,237.00,"118,500.00"
2019-03-18,2019031801004164,KBL,32,44,100,237.00,"23,700.00"
2019-03-18,2019031801004163,KBL,52,44,50,237.00,"11,850.00"
2019-03-18,2019031801004162,KBL,54,44,50,237.00,"11,850.00"
2019-03-18,2019031801004161,KBL,41,44,500,237.00,"118,500.00"
2019-03-18,2019031801003853,KBL,56,57,436,238.00,"103,768.00"
2019-03-18,2019031801004160,KBL,52,44,"1,000",237.00,"237,000.00"
2019-03-18,2019031801004095,KBL,43,22,193,238.00,"45,934.00"
2019-03-18,2019031801004077,KBL,43,40,11,238.00,"2,618.00"
2019-03-18,2019031801004020,KBL,43,51,296,238.00,"70,448.00"
2019-03-18,2019031801004019,KBL,22,51,75,238.00,"17,850.00"
2019-03-18,2019031801003854,KBL,22,57,25,238.00,"5,950.00"
2019-03-18,2019031801003997,KMFL,7,19,99,861.00,"85,239.00"
2019-03-18,2019031801003971,KMFL,7,47,20,861.00,"17,220.00"
2019-03-18,2019031801004154,KNBL,26,49,200,127.00,"25,400.00"
2019-03-18,2019031801003983,KNBL,51,16,150,125.00,"18,750.00"
2019-03-18,2019031801004108,KRBL,33,59,17,100.00,"1,700.00"
2019-03-18,2019031801004107,KRBL,33,59,183,100.00,"18,300.00"
2019-03-18,2019031801004076,KRBL,33,21,217,100.00,"21,700.00"
2019-03-18,2019031801003951,KRBL,33,59,100,100.00,"10,000.00"
2019-03-18,2019031801003950,KRBL,49,59,400,100.00,"40,000.00"
2019-03-18,2019031801004237,LGIL,45,40,234,510.00,"119,340.00"
2019-03-18,2019031801004236,LGIL,28,40,266,510.00,"135,660.00"
2019-03-18,2019031801004102,LGIL,28,10,734,510.00,"374,340.00"
2019-03-18,2019031801004101,LGIL,43,10,101,511.00,"51,611.00"
2019-03-18,2019031801004100,LGIL,42,10,115,511.00,"58,765.00"
2019-03-18,2019031801003902,LGIL,42,25,385,511.00,"196,735.00"
2019-03-18,2019031801003901,LGIL,38,25,300,511.00,"153,300.00"
2019-03-18,2019031801003900,LGIL,29,25,200,511.00,"102,200.00"
2019-03-18,2019031801003899,LGIL,35,25,15,512.00,"7,680.00"
2019-03-18,2019031801003872,LGIL,35,26,85,512.00,"43,520.00"
2019-03-18,2019031801003866,LGIL,35,34,100,512.00,"51,200.00"
2019-03-18,2019031801004279,LLBS,16,21,431,774.00,"333,594.00"
2019-03-18,2019031801004290,LVF1,41,58,"3,000",9.70,"29,100.00"
2019-03-18,2019031801004289,LVF1,41,49,"1,000",9.53,"9,530.00"
2019-03-18,2019031801004295,MBL,36,20,167,220.00,"36,740.00"
2019-03-18,2019031801004203,MBL,36,22,833,220.00,"183,260.00"
2019-03-18,2019031801003914,MBL,21,59,50,220.00,"11,000.00"
2019-03-18,2019031801004255,MEGA,35,45,200,165.00,"33,000.00"
2019-03-18,2019031801004150,MEGA,49,45,60,165.00,"9,900.00"
2019-03-18,2019031801004089,MEGA,45,38,263,164.00,"43,132.00"
2019-03-18,2019031801004088,MEGA,26,38,152,164.00,"24,928.00"
2019-03-18,2019031801003968,MEGA,26,58,48,164.00,"7,872.00"
2019-03-18,2019031801003967,MEGA,26,58,16,164.00,"2,624.00"
2019-03-18,2019031801003938,MEGA,32,45,100,165.00,"16,500.00"
2019-03-18,2019031801003876,MEGA,26,33,184,164.00,"30,176.00"
2019-03-18,2019031801003873,MEGA,19,45,10,165.00,"1,650.00"
2019-03-18,2019031801004184,MERO,42,10,67,590.00,"39,530.00"
2019-03-18,2019031801003996,MERO,42,21,17,590.00,"10,030.00"
2019-03-18,2019031801003995,MERO,52,21,20,591.00,"11,820.00"
2019-03-18,2019031801003994,MERO,32,21,30,592.00,"17,760.00"
2019-03-18,2019031801003965,MERO,33,33,16,597.00,"9,552.00"
2019-03-18,2019031801004166,MFIL,53,5,110,115.00,"12,650.00"
2019-03-18,2019031801004067,MNBBL,25,57,200,345.00,"69,000.00"
2019-03-18,2019031801004066,MNBBL,35,57,100,345.00,"34,500.00"
2019-03-18,2019031801004065,MNBBL,51,57,500,345.00,"172,500.00"
2019-03-18,2019031801004064,MNBBL,51,57,100,345.00,"34,500.00"
2019-03-18,2019031801003969,MNBBL,19,58,24,346.00,"8,304.00"
2019-03-18,2019031801003852,MNBBL,19,58,216,346.00,"74,736.00"
2019-03-18,2019031801003851,MNBBL,44,58,432,346.00,"149,472.00"
2019-03-18,2019031801003850,MNBBL,38,58,36,347.00,"12,492.00"
2019-03-18,2019031801004159,MPFL,56,59,20,148.00,"2,960.00"
2019-03-18,2019031801004158,MPFL,45,59,90,148.00,"13,320.00"
2019-03-18,2019031801004157,MPFL,26,59,10,149.00,"1,490.00"
2019-03-18,2019031801004073,MPFL,44,59,30,150.00,"4,500.00"
2019-03-18,2019031801004014,MPFL,44,58,40,150.00,"6,000.00"
2019-03-18,2019031801004021,MSMBS,41,21,12,530.00,"6,360.00"
2019-03-18,2019031801004138,NABIL,55,44,500,722.00,"361,000.00"
2019-03-18,2019031801004137,NABIL,8,44,500,723.00,"361,500.00"
2019-03-18,2019031801004136,NABIL,29,44,130,723.00,"93,990.00"
2019-03-18,2019031801004135,NABIL,22,44,100,724.00,"72,400.00"
2019-03-18,2019031801004012,NABIL,34,3,100,724.00,"72,400.00"
2019-03-18,2019031801003988,NABIL,35,37,290,725.00,"210,250.00"
2019-03-18,2019031801003987,NABIL,35,49,10,725.00,"7,250.00"
2019-03-18,2019031801003877,NABIL,29,59,32,723.00,"23,136.00"
2019-03-18,2019031801003823,NABIL,29,48,19,723.00,"13,737.00"
2019-03-18,2019031801004298,NABILP,16,6,300,687.00,"206,100.00"
2019-03-18,2019031801004275,NABILP,28,22,208,688.00,"143,104.00"
2019-03-18,2019031801003979,NABILP,28,46,20,688.00,"13,760.00"
2019-03-18,2019031801004259,NABILP,28,49,122,688.00,"83,936.00"
2019-03-18,2019031801004209,NADEP,29,38,50,683.00,"34,150.00"
2019-03-18,2019031801004208,NADEP,29,58,10,680.00,"6,800.00"
2019-03-18,2019031801004207,NADEP,29,22,10,679.00,"6,790.00"
2019-03-18,2019031801004206,NADEP,29,45,10,679.00,"6,790.00"
2019-03-18,2019031801004205,NADEP,29,35,10,678.00,"6,780.00"
2019-03-18,2019031801004204,NADEP,29,58,10,675.00,"6,750.00"
2019-03-18,2019031801004156,NADEP,33,33,10,674.00,"6,740.00"
2019-03-18,2019031801004219,NBB,36,37,333,196.00,"65,268.00"
2019-03-18,2019031801004218,NBB,36,51,100,196.00,"19,600.00"
2019-03-18,2019031801004217,NBB,36,19,380,196.00,"74,480.00"
2019-03-18,2019031801004216,NBB,36,37,137,196.00,"26,852.00"
2019-03-18,2019031801004215,NBB,36,6,50,196.00,"9,800.00"
2019-03-18,2019031801004134,NBB,16,34,200,195.00,"39,000.00"
2019-03-18,2019031801004133,NBB,34,34,300,195.00,"58,500.00"
2019-03-18,2019031801004125,NBB,34,51,200,195.00,"39,000.00"
2019-03-18,2019031801004119,NBB,34,49,200,195.00,"39,000.00"
2019-03-18,2019031801004099,NBB,34,17,300,195.00,"58,500.00"
2019-03-18,2019031801004098,NBB,11,17,100,195.00,"19,500.00"
2019-03-18,2019031801003844,NBL,44,34,"1,500",290.00,"435,000.00"
2019-03-18,2019031801003843,NBL,35,34,100,290.00,"29,000.00"
2019-03-18,2019031801003842,NBL,25,34,"2,000",290.00,"580,000.00"
2019-03-18,2019031801003841,NBL,11,34,100,290.00,"29,000.00"
2019-03-18,2019031801003840,NBL,38,34,"1,000",290.00,"290,000.00"
2019-03-18,2019031801003839,NBL,45,34,300,290.00,"87,000.00"
2019-03-18,2019031801003838,NBL,1,34,100,291.00,"29,100.00"
2019-03-18,2019031801003837,NBL,52,34,100,291.00,"29,100.00"
2019-03-18,2019031801003836,NBL,21,34,10,291.00,"2,910.00"
2019-03-18,2019031801004263,NCCB,58,58,1,213.00,213.00
2019-03-18,2019031801004185,NCDB,57,33,170,121.00,"20,570.00"
2019-03-18,2019031801004124,NHPC,44,44,"3,950",71.00,"280,450.00"
2019-03-18,2019031801004123,NHPC,56,44,"1,000",71.00,"71,000.00"
2019-03-18,2019031801004122,NHPC,56,44,"2,000",71.00,"142,000.00"
2019-03-18,2019031801004121,NHPC,56,44,50,71.00,"3,550.00"
2019-03-18,2019031801004305,NIB,13,55,13,540.00,"7,020.00"
2019-03-18,2019031801004304,NIB,13,49,343,540.00,"185,220.00"
2019-03-18,2019031801004258,NIB,38,49,10,540.00,"5,400.00"
2019-03-18,2019031801004254,NIB,34,49,10,540.00,"5,400.00"
2019-03-18,2019031801004103,NIB,34,55,60,539.00,"32,340.00"
2019-03-18,2019031801004032,NIB,34,38,30,539.00,"16,170.00"
2019-03-18,2019031801003868,NIB,52,57,15,539.00,"8,085.00"
2019-03-18,2019031801003927,NIB,39,55,100,538.00,"53,800.00"
2019-03-18,2019031801003926,NIB,51,55,"1,500",538.00,"807,000.00"
2019-03-18,2019031801003925,NIB,42,55,500,538.00,"269,000.00"
2019-03-18,2019031801003924,NIB,11,55,100,538.00,"53,800.00"
2019-03-18,2019031801003870,NIB,39,57,95,538.00,"51,110.00"
2019-03-18,2019031801003869,NIB,22,57,100,539.00,"53,900.00"
2019-03-18,2019031801004319,NIBPO,52,6,200,485.00,"97,000.00"
2019-03-18,2019031801004202,NICA,55,38,193,397.00,"76,621.00"
2019-03-18,2019031801003887,NICA,55,57,87,397.00,"34,539.00"
2019-03-18,2019031801003889,NICL,29,40,400,378.00,"151,200.00"
2019-03-18,2019031801003867,NICL,29,25,100,378.00,"37,800.00"
2019-03-18,2019031801004008,NIL,34,14,300,523.00,"156,900.00"
2019-03-18,2019031801004003,NIL,34,34,325,525.00,"170,625.00"
2019-03-18,2019031801004308,NLIC,55,55,3,"1,103.00","3,309.00"
2019-03-18,2019031801004246,NLIC,54,44,82,"1,103.00","90,446.00"
2019-03-18,2019031801004245,NLIC,42,44,500,"1,103.00","551,500.00"
2019-03-18,2019031801004244,NLIC,25,44,100,"1,103.00","110,300.00"
2019-03-18,2019031801004243,NLIC,46,44,258,"1,103.00","284,574.00"
2019-03-18,2019031801004242,NLIC,45,44,20,"1,103.00","22,060.00"
2019-03-18,2019031801003826,NLIC,57,17,100,"1,105.00","110,500.00"
2019-03-18,2019031801003825,NLIC,54,17,100,"1,105.00","110,500.00"
2019-03-18,2019031801003824,NLIC,22,17,20,"1,105.00","22,100.00"
2019-03-18,2019031801003977,NLIC,35,59,20,"1,104.00","22,080.00"
2019-03-18,2019031801003976,NLIC,55,59,50,"1,104.00","55,200.00"
2019-03-18,2019031801003961,NLIC,14,17,30,"1,105.00","33,150.00"
2019-03-18,2019031801003888,NLIC,21,17,12,"1,105.00","13,260.00"
2019-03-18,2019031801003861,NLIC,19,17,55,"1,105.00","60,775.00"
2019-03-18,2019031801003827,NLIC,51,17,100,"1,105.00","110,500.00"
2019-03-18,2019031801004241,NLIC,22,44,100,"1,103.00","110,300.00"
2019-03-18,2019031801004240,NLIC,49,44,100,"1,104.00","110,400.00"
2019-03-18,2019031801004239,NLIC,51,44,40,"1,104.00","44,160.00"
2019-03-18,2019031801004220,NLIC,38,17,100,"1,105.00","110,500.00"
2019-03-18,2019031801004174,NLIC,51,55,60,"1,104.00","66,240.00"
2019-03-18,2019031801003978,NLIC,51,59,40,"1,104.00","44,160.00"
2019-03-18,2019031801004025,NLICL,33,25,101,589.00,"59,489.00"
2019-03-18,2019031801004024,NLICL,57,25,500,589.00,"294,500.00"
2019-03-18,2019031801004023,NLICL,41,25,100,589.00,"58,900.00"
2019-03-18,2019031801004022,NLICL,19,25,50,589.00,"29,450.00"
2019-03-18,2019031801003928,NLICL,26,53,167,590.00,"98,530.00"
2019-03-18,2019031801003923,NLICL,26,22,100,590.00,"59,000.00"
2019-03-18,2019031801003911,NLICL,26,45,240,590.00,"141,600.00"
2019-03-18,2019031801004118,NMB,14,45,100,325.00,"32,500.00"
2019-03-18,2019031801004004,NMB,14,55,28,325.00,"9,100.00"
2019-03-18,2019031801004268,NMBMF,55,55,1,"1,040.00","1,040.00"
2019-03-18,2019031801004228,NMBMF,55,55,1,"1,040.00","1,040.00"
2019-03-18,2019031801004142,NMBMF,55,55,1,"1,040.00","1,040.00"
2019-03-18,2019031801003922,NMBMF,55,55,1,"1,040.00","1,040.00"
2019-03-18,2019031801004214,NSEWA,37,44,10,534.00,"5,340.00"
2019-03-18,2019031801004009,NUBL,1,49,60,750.00,"45,000.00"
2019-03-18,2019031801004280,PCBL,26,59,100,320.00,"32,000.00"
2019-03-18,2019031801004261,PCBL,22,59,100,320.00,"32,000.00"
2019-03-18,2019031801004235,PCBL,49,59,100,320.00,"32,000.00"
2019-03-18,2019031801003915,PCBL,45,57,89,317.00,"28,213.00"
2019-03-18,2019031801004262,PIC,22,39,11,"1,028.00","11,308.00"
2019-03-18,2019031801004172,PIC,22,19,11,"1,028.00","11,308.00"
2019-03-18,2019031801004132,PIC,22,45,11,"1,029.00","11,319.00"
2019-03-18,2019031801004131,PIC,22,45,11,"1,029.00","11,319.00"
2019-03-18,2019031801004130,PIC,22,45,11,"1,029.00","11,319.00"
2019-03-18,2019031801004129,PIC,22,45,11,"1,029.00","11,319.00"
2019-03-18,2019031801004096,PIC,22,21,11,"1,028.00","11,308.00"
2019-03-18,2019031801003981,PIC,22,11,10,"1,028.00","10,280.00"
2019-03-18,2019031801003974,PIC,22,45,11,"1,028.00","11,308.00"
2019-03-18,2019031801003973,PIC,22,45,11,"1,028.00","11,308.00"
2019-03-18,2019031801003972,PIC,22,45,11,"1,028.00","11,308.00"
2019-03-18,2019031801004292,PLIC,35,55,10,454.00,"4,540.00"
2019-03-18,2019031801004226,PLIC,20,55,30,454.00,"13,620.00"
2019-03-18,2019031801004313,PMHPL,10,44,10,113.00,"1,130.00"
2019-03-18,2019031801004234,PMHPL,10,44,10,113.00,"1,130.00"
2019-03-18,2019031801004211,PMHPL,11,59,350,114.00,"39,900.00"
2019-03-18,2019031801004199,PMHPL,11,59,160,114.00,"18,240.00"
2019-03-18,2019031801004198,PMHPL,16,59,60,114.00,"6,840.00"
2019-03-18,2019031801004168,PMHPL,16,20,10,114.00,"1,140.00"
2019-03-18,2019031801004152,PMHPL,16,20,10,114.00,"1,140.00"
2019-03-18,2019031801004141,PMHPL,16,20,10,114.00,"1,140.00"
2019-03-18,2019031801004260,PRIN,56,33,50,417.00,"20,850.00"
2019-03-18,2019031801004222,PRIN,49,33,50,417.00,"20,850.00"
2019-03-18,2019031801004294,PRVU,54,36,"1,050",234.00,"245,700.00"
2019-03-18,2019031801004149,PRVU,21,11,50,235.00,"11,750.00"
2019-03-18,2019031801004145,PRVU,54,37,950,234.00,"222,300.00"
2019-03-18,2019031801004144,PRVU,43,37,500,234.00,"117,000.00"
2019-03-18,2019031801004143,PRVU,1,37,550,234.00,"128,700.00"
2019-03-18,2019031801004007,PRVU,1,57,450,234.00,"105,300.00"
2019-03-18,2019031801004006,PRVU,48,57,50,234.00,"11,700.00"
2019-03-18,2019031801004005,PRVU,22,57,200,234.00,"46,800.00"
2019-03-18,2019031801004010,RADHI,58,38,11,175.00,"1,925.00"
2019-03-18,2019031801003942,RADHI,13,37,22,174.00,"3,828.00"
2019-03-18,2019031801003918,RADHI,13,57,11,174.00,"1,914.00"
2019-03-18,2019031801004187,RBCL,39,35,10,"9,211.00","92,110.00"
2019-03-18,2019031801004153,RBCL,34,35,35,"9,211.00","322,385.00"
2019-03-18,2019031801004140,RBCL,34,38,15,"9,211.00","138,165.00"
2019-03-18,2019031801004139,RBCL,22,38,10,"9,212.00","92,120.00"
2019-03-18,2019031801003831,RBCL,57,38,15,"9,222.00","138,330.00"
2019-03-18,2019031801003830,RBCL,39,38,10,"9,225.00","92,250.00"
2019-03-18,2019031801003829,RBCL,14,38,10,"9,240.00","92,400.00"
2019-03-18,2019031801004048,RBCLPO,3,33,10,"8,601.00","86,010.00"
2019-03-18,2019031801004278,RMDC,10,49,200,530.00,"106,000.00"
2019-03-18,2019031801003980,RMDC,10,19,100,529.00,"52,900.00"
2019-03-18,2019031801003963,RRHP,45,36,10,100.00,"1,000.00"
2019-03-18,2019031801003962,RRHP,45,36,10,100.00,"1,000.00"
2019-03-18,2019031801003953,RRHP,45,36,10,100.00,"1,000.00"
2019-03-18,2019031801003946,RRHP,45,36,10,100.00,"1,000.00"
2019-03-18,2019031801003846,RRHP,58,36,10,101.00,"1,010.00"
2019-03-18,2019031801003833,RRHP,58,36,10,101.00,"1,010.00"
2019-03-18,2019031801003822,RRHP,58,36,10,101.00,"1,010.00"
2019-03-18,2019031801003940,RRHP,45,36,10,100.00,"1,000.00"
2019-03-18,2019031801003919,RRHP,45,36,10,100.00,"1,000.00"
2019-03-18,2019031801003896,RRHP,45,36,10,100.00,"1,000.00"
2019-03-18,2019031801003890,RRHP,45,36,10,100.00,"1,000.00"
2019-03-18,2019031801003875,RRHP,45,36,10,100.00,"1,000.00"
2019-03-18,2019031801003862,RRHP,58,36,10,101.00,"1,010.00"
2019-03-18,2019031801004060,RSDC,19,21,46,372.00,"17,112.00"
2019-03-18,2019031801004059,RSDC,26,21,36,372.00,"13,392.00"
2019-03-18,2019031801004047,RSDC,26,21,64,372.00,"23,808.00"
2019-03-18,2019031801004046,RSDC,42,21,18,374.00,"6,732.00"
2019-03-18,2019031801004306,SANIMA,11,48,17,300.00,"5,100.00"
2019-03-18,2019031801004227,SANIMA,53,45,100,303.00,"30,300.00"
2019-03-18,2019031801003941,SANIMA,45,48,276,304.00,"83,904.00"
2019-03-18,2019031801004303,SBBLJ,18,18,34,192.00,"6,528.00"
2019-03-18,2019031801004281,SBBLJ,18,38,10,195.00,"1,950.00"
2019-03-18,2019031801004180,SBI,6,6,41,392.00,"16,072.00"
2019-03-18,2019031801004179,SBI,52,6,50,392.00,"19,600.00"
2019-03-18,2019031801004178,SBI,19,6,169,392.00,"66,248.00"
2019-03-18,2019031801004177,SBI,21,6,100,393.00,"39,300.00"
2019-03-18,2019031801004176,SBI,26,6,500,393.00,"196,500.00"
2019-03-18,2019031801004175,SBI,45,6,63,395.00,"24,885.00"
2019-03-18,2019031801003931,SBI,26,59,200,396.00,"79,200.00"
2019-03-18,2019031801003930,SBI,22,59,100,396.00,"39,600.00"
2019-03-18,2019031801003929,SBI,19,59,20,396.00,"7,920.00"
2019-03-18,2019031801004109,SBI,41,59,10,397.00,"3,970.00"
2019-03-18,2019031801003952,SBI,45,21,20,395.00,"7,900.00"
2019-03-18,2019031801003935,SBI,45,59,17,395.00,"6,715.00"
2019-03-18,2019031801003934,SBI,49,59,500,395.00,"197,500.00"
2019-03-18,2019031801003933,SBI,54,59,100,395.00,"39,500.00"
2019-03-18,2019031801003932,SBI,36,59,63,395.00,"24,885.00"
2019-03-18,2019031801004250,SBL,38,59,88,291.00,"25,608.00"
2019-03-18,2019031801003865,SBL,58,53,225,290.00,"65,250.00"
2019-03-18,2019031801004277,SCB,25,34,86,583.00,"50,138.00"
2019-03-18,2019031801004276,SCB,48,34,14,584.00,"8,176.00"
2019-03-18,2019031801004248,SCB,42,56,30,586.00,"17,580.00"
2019-03-18,2019031801004225,SCB,42,39,20,586.00,"11,720.00"
2019-03-18,2019031801004128,SCB,42,17,60,586.00,"35,160.00"
2019-03-18,2019031801004127,SCB,42,48,20,585.00,"11,700.00"
2019-03-18,2019031801003947,SCB,34,7,10,586.00,"5,860.00"
2019-03-18,2019031801003921,SCB,34,21,90,586.00,"52,740.00"
2019-03-18,2019031801003920,SCB,14,21,10,586.00,"5,860.00"
2019-03-18,2019031801004170,SCB,41,3,50,587.00,"29,350.00"
2019-03-18,2019031801004238,SDESI,29,39,11,579.00,"6,369.00"
2019-03-18,2019031801004201,SDESI,1,47,23,584.00,"13,432.00"
2019-03-18,2019031801004224,SEF,42,18,"4,700",9.45,"44,415.00"
2019-03-18,2019031801004212,SEF,42,38,"4,300",9.43,"40,549.00"
2019-03-18,2019031801003954,SHL,56,57,109,204.00,"22,236.00"
2019-03-18,2019031801004271,SHPC,57,54,500,229.00,"114,500.00"
2019-03-18,2019031801004270,SHPC,28,54,767,229.00,"175,643.00"
2019-03-18,2019031801004026,SHPC,28,45,50,229.00,"11,450.00"
2019-03-18,2019031801004310,SIC,34,25,120,"1,288.00","154,560.00"
2019-03-18,2019031801004309,SIC,20,25,30,"1,290.00","38,700.00"
2019-03-18,2019031801004297,SLBBL,29,46,71,505.00,"35,855.00"
2019-03-18,2019031801004296,SLBBL,59,46,100,506.00,"50,600.00"
2019-03-18,2019031801003975,SLBBL,29,58,42,505.00,"21,210.00"
2019-03-18,2019031801003894,SLBBL,29,46,137,505.00,"69,185.00"
2019-03-18,2019031801003893,SLBBL,41,46,10,505.00,"5,050.00"
2019-03-18,2019031801003892,SLBBL,5,46,20,506.00,"10,120.00"
2019-03-18,2019031801004253,SLICL,16,16,197,532.00,"104,804.00"
2019-03-18,2019031801004252,SLICL,22,16,100,533.00,"53,300.00"
2019-03-18,2019031801004251,SLICL,22,16,15,533.00,"7,995.00"
2019-03-18,2019031801004057,SLICL,22,25,85,533.00,"45,305.00"
2019-03-18,2019031801004056,SLICL,44,25,88,535.00,"47,080.00"
2019-03-18,2019031801004027,SLICL,56,53,100,536.00,"53,600.00"
2019-03-18,2019031801003964,SRBL,32,19,208,217.00,"45,136.00"
2019-03-18,2019031801003949,SRBL,32,42,217,217.00,"47,089.00"
2019-03-18,2019031801003948,SRBL,38,42,111,217.00,"24,087.00"
2019-03-18,2019031801003939,SRBL,19,42,185,218.00,"40,330.00"
2019-03-18,2019031801003848,SWBBL,34,41,250,832.00,"208,000.00"
2019-03-18,2019031801003847,SWBBL,22,41,250,832.00,"208,000.00"
2019-03-18,2019031801004114,TRH,57,54,10,255.00,"2,550.00"
2019-03-18,2019031801004293,UIC,56,7,40,780.00,"31,200.00"
2019-03-18,2019031801004084,UIC,7,7,500,775.00,"387,500.00"
2019-03-18,2019031801004318,UPPER,57,34,100,243.00,"24,300.00"
2019-03-18,2019031801004302,UPPER,57,44,50,243.00,"12,150.00"
2019-03-18,2019031801004223,UPPER,57,44,40,243.00,"9,720.00"
2019-03-18,2019031801004200,UPPER,19,38,200,244.00,"48,800.00"
2019-03-18,2019031801003874,UPPER,25,26,50,244.00,"12,200.00"
2019-03-18,2019031801003849,UPPER,25,48,40,244.00,"9,760.00"
2019-03-18,2019031801003845,UPPER,25,37,40,244.00,"9,760.00"
2019-03-18,2019031801003832,UPPER,25,48,50,244.00,"12,200.00"
2019-03-18,2019031801003820,UPPER,25,37,50,244.00,"12,200.00"
2019-03-18,2019031801003885,UPPER,57,37,"1,000",244.00,"244,000.00"
2019-03-18,2019031801003884,UPPER,37,37,"1,000",244.00,"244,000.00"
2019-03-18,2019031801003883,UPPER,42,37,450,244.00,"109,800.00"
2019-03-18,2019031801003882,UPPER,57,37,100,244.00,"24,400.00"
2019-03-18,2019031801003881,UPPER,6,37,55,244.00,"13,420.00"
2019-03-18,2019031801003880,UPPER,25,37,130,244.00,"31,720.00"
2019-03-18,2019031801003989,UPPER,39,38,"1,000",243.00,"243,000.00"
2019-03-18,2019031801003895,UPPER,18,37,265,244.00,"64,660.00"
2019-03-18,2019031801004061,UPPER,39,44,21,243.00,"5,103.00"
2019-03-18,2019031801004058,UPPER,39,37,50,243.00,"12,150.00"
2019-03-18,2019031801004055,UPPER,39,49,117,243.00,"28,431.00"
2019-03-18,2019031801004049,UPPER,39,37,40,243.00,"9,720.00"
2019-03-18,2019031801004015,UPPER,39,50,500,243.00,"121,500.00"
2019-03-18,2019031801004011,UPPER,39,42,72,243.00,"17,496.00"
2019-03-18,2019031801004082,UPPER,34,17,271,243.00,"65,853.00"
2019-03-18,2019031801004081,UPPER,34,58,50,243.00,"12,150.00"
2019-03-18,2019031801004075,UPPER,34,49,50,243.00,"12,150.00"
2019-03-18,2019031801004074,UPPER,34,44,50,243.00,"12,150.00"
2019-03-18,2019031801004072,UPPER,34,49,50,243.00,"12,150.00"
2019-03-18,2019031801004062,UPPER,34,44,29,243.00,"7,047.00"
2019-03-18,2019031801004094,UPPER,57,44,19,243.00,"4,617.00"
2019-03-18,2019031801004093,UPPER,29,44,31,243.00,"7,533.00"
2019-03-18,2019031801004087,UPPER,29,49,40,243.00,"9,720.00"
2019-03-18,2019031801004086,UPPER,29,37,29,243.00,"7,047.00"
2019-03-18,2019031801004085,UPPER,20,37,21,243.00,"5,103.00"
2019-03-18,2019031801004083,UPPER,20,17,229,243.00,"55,647.00"
2019-03-18,2019031801004186,UPPER,42,38,500,244.00,"122,000.00"
2019-03-18,2019031801004182,UPPER,57,26,50,243.00,"12,150.00"
2019-03-18,2019031801004147,UPPER,57,37,40,243.00,"9,720.00"
2019-03-18,2019031801004112,UPPER,57,44,40,243.00,"9,720.00"
2019-03-18,2019031801004106,UPPER,57,44,50,243.00,"12,150.00"
2019-03-18,2019031801004097,UPPER,57,49,40,243.00,"9,720.00"
2019-03-18,2019031801003564,ADBL,41,28,500,302.00,"151,000.00"
2019-03-18,2019031801003563,ADBL,50,28,100,302.00,"30,200.00"
2019-03-18,2019031801003562,ADBL,22,28,190,302.00,"57,380.00"
2019-03-18,2019031801003329,ADBL,57,59,10,303.00,"3,030.00"
2019-03-18,2019031801003585,AHPC,6,39,200,103.00,"20,600.00"
2019-03-18,2019031801003584,AHPC,57,39,500,103.00,"51,500.00"
2019-03-18,2019031801003583,AHPC,58,39,100,103.00,"10,300.00"
2019-03-18,2019031801003793,AKPL,38,57,10,175.00,"1,750.00"
2019-03-18,2019031801003378,ALICL,45,34,100,400.00,"40,000.00"
2019-03-18,2019031801003377,ALICL,57,34,50,400.00,"20,000.00"
2019-03-18,2019031801003376,ALICL,41,34,100,400.00,"40,000.00"
2019-03-18,2019031801003414,AMFI,21,43,50,660.00,"33,000.00"
2019-03-18,2019031801003702,API,39,26,200,135.00,"27,000.00"
2019-03-18,2019031801003357,API,38,26,50,135.00,"6,750.00"
2019-03-18,2019031801003609,BARUN,22,57,300,100.00,"30,000.00"
2019-03-18,2019031801003810,BOKL,49,25,10,248.00,"2,480.00"
2019-03-18,2019031801003340,BOKL,47,13,30,246.00,"7,380.00"
2019-03-18,2019031801003339,BOKL,52,13,376,246.00,"92,496.00"
2019-03-18,2019031801003701,BPCL,35,33,100,364.00,"36,400.00"
2019-03-18,2019031801003700,BPCL,32,33,500,364.00,"182,000.00"
2019-03-18,2019031801003759,CBL,29,48,410,155.00,"63,550.00"
2019-03-18,2019031801003724,CBL,1,48,400,155.00,"62,000.00"
2019-03-18,2019031801003674,CBL,34,43,453,154.00,"69,762.00"
2019-03-18,2019031801003673,CBL,34,43,500,154.00,"77,000.00"
2019-03-18,2019031801003672,CBL,34,43,47,154.00,"7,238.00"
2019-03-18,2019031801003615,CBL,34,6,453,154.00,"69,762.00"
2019-03-18,2019031801003614,CBL,58,6,"5,000",154.00,"770,000.00"
2019-03-18,2019031801003613,CBL,56,6,"1,000",154.00,"154,000.00"
2019-03-18,2019031801003612,CBL,37,6,500,155.00,"77,500.00"
2019-03-18,2019031801003611,CBL,1,6,200,155.00,"31,000.00"
2019-03-18,2019031801003610,CBL,28,6,"1,000",155.00,"155,000.00"
2019-03-18,2019031801003807,CCBL,7,57,29,161.00,"4,669.00"
2019-03-18,2019031801003714,CCBL,1,6,250,163.00,"40,750.00"
2019-03-18,2019031801003713,CCBL,45,6,500,163.00,"81,500.00"
2019-03-18,2019031801003712,CCBL,40,6,200,163.00,"32,600.00"
2019-03-18,2019031801003711,CCBL,43,6,"1,000",163.00,"163,000.00"
2019-03-18,2019031801003710,CCBL,37,6,"1,000",163.00,"163,000.00"
2019-03-18,2019031801003320,CCBL,58,43,300,165.00,"49,500.00"
2019-03-18,2019031801003326,CCBL,48,43,500,164.00,"82,000.00"
2019-03-18,2019031801003325,CCBL,56,43,200,164.00,"32,800.00"
2019-03-18,2019031801003324,CCBL,32,43,300,164.00,"49,200.00"
2019-03-18,2019031801003323,CCBL,44,43,50,165.00,"8,250.00"
2019-03-18,2019031801003322,CCBL,34,43,"3,000",165.00,"495,000.00"
2019-03-18,2019031801003321,CCBL,21,43,300,165.00,"49,500.00"
2019-03-18,2019031801003356,CCBL,44,59,121,164.00,"19,844.00"
2019-03-18,2019031801003328,CCBL,44,43,950,164.00,"155,800.00"
2019-03-18,2019031801003327,CCBL,11,43,100,164.00,"16,400.00"
2019-03-18,2019031801003709,CCBL,54,6,500,164.00,"82,000.00"
2019-03-18,2019031801003708,CCBL,43,6,300,164.00,"49,200.00"
2019-03-18,2019031801003707,CCBL,1,6,200,164.00,"32,800.00"
2019-03-18,2019031801003706,CCBL,21,6,10,164.00,"1,640.00"
2019-03-18,2019031801003705,CCBL,44,6,892,164.00,"146,288.00"
2019-03-18,2019031801003578,CCBL,44,38,37,164.00,"6,068.00"
2019-03-18,2019031801003654,CFCL,1,59,128,108.00,"13,824.00"
2019-03-18,2019031801003653,CFCL,26,59,100,108.00,"10,800.00"
2019-03-18,2019031801003605,CHCL,37,58,50,510.00,"25,500.00"
2019-03-18,2019031801003604,CHCL,26,58,325,510.00,"165,750.00"
2019-03-18,2019031801003532,CHCL,57,57,173,512.00,"88,576.00"
2019-03-18,2019031801003413,CHCL,26,59,230,510.00,"117,300.00"
2019-03-18,2019031801003681,CHLBS,21,37,10,560.00,"5,600.00"
2019-03-18,2019031801003660,CHLBS,21,37,10,560.00,"5,600.00"
2019-03-18,2019031801003592,CHLBS,21,37,10,560.00,"5,600.00"
2019-03-18,2019031801003380,CHLBS,56,52,10,559.00,"5,590.00"
2019-03-18,2019031801003355,CHLBS,56,52,10,559.00,"5,590.00"
2019-03-18,2019031801003688,CIT,16,57,90,"2,625.00","236,250.00"
2019-03-18,2019031801003687,CIT,57,57,50,"2,626.00","131,300.00"
2019-03-18,2019031801003686,CIT,52,57,100,"2,627.00","262,700.00"
2019-03-18,2019031801003685,CIT,39,57,20,"2,627.00","52,540.00"
2019-03-18,2019031801003684,CIT,19,57,20,"2,630.00","52,600.00"
2019-03-18,2019031801003683,CIT,7,57,20,"2,640.00","52,800.00"
2019-03-18,2019031801003652,CIT,18,10,10,"2,645.00","26,450.00"
2019-03-18,2019031801003586,CIT,26,10,10,"2,645.00","26,450.00"
2019-03-18,2019031801003528,CIT,26,49,30,"2,645.00","79,350.00"
2019-03-18,2019031801003527,CIT,50,49,10,"2,645.00","26,450.00"
2019-03-18,2019031801003407,CIT,58,49,10,"2,650.00","26,500.00"
2019-03-18,2019031801003666,CZBIL,28,43,270,208.00,"56,160.00"
2019-03-18,2019031801003665,CZBIL,17,43,100,208.00,"20,800.00"
2019-03-18,2019031801003664,CZBIL,35,43,500,208.00,"104,000.00"
2019-03-18,2019031801003663,CZBIL,13,43,130,208.00,"27,040.00"
2019-03-18,2019031801003525,CZBIL,19,51,100,209.00,"20,900.00"
2019-03-18,2019031801003449,CZBIL,13,19,10,208.00,"2,080.00"
2019-03-18,2019031801003375,CZBIL,13,21,10,208.00,"2,080.00"
2019-03-18,2019031801003358,CZBIL,13,21,10,208.00,"2,080.00"
2019-03-18,2019031801003336,CZBIL,53,43,"3,000",209.00,"627,000.00"
2019-03-18,2019031801003335,CZBIL,28,43,100,209.00,"20,900.00"
2019-03-18,2019031801003764,DBBL,56,51,"1,000",128.00,"128,000.00"
2019-03-18,2019031801003763,DBBL,32,51,234,128.00,"29,952.00"
2019-03-18,2019031801003740,DBBL,32,34,266,128.00,"34,048.00"
2019-03-18,2019031801003739,DBBL,57,34,50,128.00,"6,400.00"
2019-03-18,2019031801003738,DBBL,57,34,40,128.00,"5,120.00"
2019-03-18,2019031801003737,DBBL,32,34,144,128.00,"18,432.00"
2019-03-18,2019031801003501,DBBL,32,22,306,128.00,"39,168.00"
2019-03-18,2019031801003500,DBBL,45,22,194,128.00,"24,832.00"
2019-03-18,2019031801003722,DDBL,7,44,200,600.00,"120,000.00"
2019-03-18,2019031801003721,DDBL,7,42,24,600.00,"14,400.00"
2019-03-18,2019031801003372,DDBL,7,43,99,599.00,"59,301.00"
2019-03-18,2019031801003573,EBL,25,56,500,557.00,"278,500.00"
2019-03-18,2019031801003453,EBL,57,22,42,557.00,"23,394.00"
2019-03-18,2019031801003452,EBL,45,22,158,558.00,"88,164.00"
2019-03-18,2019031801003427,EBL,45,14,200,558.00,"111,600.00"
2019-03-18,2019031801003483,FMDBL,52,56,100,370.00,"37,000.00"
2019-03-18,2019031801003424,GBIME,42,45,50,270.00,"13,500.00"
2019-03-18,2019031801003482,GBLBS,57,19,150,458.00,"68,700.00"
2019-03-18,2019031801003374,GBLBS,57,32,200,458.00,"91,600.00"
2019-03-18,2019031801003777,GILB,57,58,18,"1,050.00","18,900.00"
2019-03-18,2019031801003549,GILB,57,48,27,"1,050.00","28,350.00"
2019-03-18,2019031801003548,GILB,8,48,10,"1,050.00","10,500.00"
2019-03-18,2019031801003797,GLICL,51,49,13,743.00,"9,659.00"
2019-03-18,2019031801003796,GLICL,51,17,30,743.00,"22,290.00"
2019-03-18,2019031801003779,GLICL,44,26,15,740.00,"11,100.00"
2019-03-18,2019031801003778,GLICL,55,26,31,741.00,"22,971.00"
2019-03-18,2019031801003543,GLICL,17,17,20,743.00,"14,860.00"
2019-03-18,2019031801003534,GLICL,17,42,30,743.00,"22,290.00"
2019-03-18,2019031801003381,GLICL,56,40,50,743.00,"37,150.00"
2019-03-18,2019031801003498,GLICL,55,10,169,741.00,"125,229.00"
2019-03-18,2019031801003497,GLICL,48,10,50,741.00,"37,050.00"
2019-03-18,2019031801003496,GLICL,39,10,30,741.00,"22,230.00"
2019-03-18,2019031801003495,GLICL,46,10,140,742.00,"103,880.00"
2019-03-18,2019031801003494,GLICL,56,10,50,743.00,"37,150.00"
2019-03-18,2019031801003415,GLICL,20,59,220,746.00,"164,120.00"
2019-03-18,2019031801003344,GUFL,51,43,"1,000",113.00,"113,000.00"
2019-03-18,2019031801003629,HGI,5,7,40,385.00,"15,400.00"
2019-03-18,2019031801003628,HGI,29,7,50,385.00,"19,250.00"
2019-03-18,2019031801003627,HGI,56,7,10,385.00,"3,850.00"
2019-03-18,2019031801003790,HIDCL,41,58,835,134.00,"111,890.00"
2019-03-18,2019031801003616,HIDCL,49,58,165,134.00,"22,110.00"
2019-03-18,2019031801003588,HIDCL,49,50,287,134.00,"38,458.00"
2019-03-18,2019031801003341,HIDCL,49,47,29,134.00,"3,886.00"
2019-03-18,2019031801003556,ICFC,38,49,100,155.00,"15,500.00"
2019-03-18,2019031801003817,JBNL,51,50,200,172.00,"34,400.00"
2019-03-18,2019031801003811,JBNL,51,33,284,172.00,"48,848.00"
2019-03-18,2019031801003788,JBNL,51,6,306,172.00,"52,632.00"
2019-03-18,2019031801003787,JBNL,28,6,"1,000",172.00,"172,000.00"
2019-03-18,2019031801003786,JBNL,22,6,"1,000",172.00,"172,000.00"
2019-03-18,2019031801003785,JBNL,26,6,100,172.00,"17,200.00"
2019-03-18,2019031801003725,JBNL,35,44,30,172.00,"5,160.00"
2019-03-18,2019031801003524,JBNL,21,43,100,173.00,"17,300.00"
2019-03-18,2019031801003348,JBNL,33,43,500,173.00,"86,500.00"
2019-03-18,2019031801003347,JBNL,51,43,300,173.00,"51,900.00"
2019-03-18,2019031801003346,JBNL,40,43,57,173.00,"9,861.00"
2019-03-18,2019031801003338,JBNL,40,50,200,173.00,"34,600.00"
2019-03-18,2019031801003784,JBNL,44,6,730,172.00,"125,560.00"
2019-03-18,2019031801003730,JBNL,44,44,"1,270",172.00,"218,440.00"
2019-03-18,2019031801003729,JBNL,26,44,100,172.00,"17,200.00"
2019-03-18,2019031801003728,JBNL,32,44,"2,500",172.00,"430,000.00"
2019-03-18,2019031801003727,JBNL,38,44,"1,000",172.00,"172,000.00"
2019-03-18,2019031801003726,JBNL,1,44,100,172.00,"17,200.00"
2019-03-18,2019031801003752,JFL,43,39,50,169.00,"8,450.00"
2019-03-18,2019031801003751,JFL,17,39,50,169.00,"8,450.00"
2019-03-18,2019031801003703,JFL,17,21,22,170.00,"3,740.00"
2019-03-18,2019031801003493,JSLBB,50,38,50,"2,239.00","111,950.00"
2019-03-18,2019031801003492,JSLBB,55,38,10,"2,240.00","22,400.00"
2019-03-18,2019031801003360,JSLBB,48,42,10,"2,277.00","22,770.00"
2019-03-18,2019031801003456,KADBL,38,38,100,162.00,"16,200.00"
2019-03-18,2019031801003642,KBBL,56,14,100,206.00,"20,600.00"
2019-03-18,2019031801003641,KBBL,32,14,500,206.00,"103,000.00"
2019-03-18,2019031801003640,KBBL,38,14,500,206.00,"103,000.00"
2019-03-18,2019031801003639,KBBL,22,14,500,206.00,"103,000.00"
2019-03-18,2019031801003638,KBBL,21,14,"1,000",207.00,"207,000.00"
2019-03-18,2019031801003637,KBBL,14,14,500,207.00,"103,500.00"
2019-03-18,2019031801003636,KBBL,13,14,500,208.00,"104,000.00"
2019-03-18,2019031801003635,KBBL,39,14,100,208.00,"20,800.00"
2019-03-18,2019031801003634,KBBL,16,14,526,208.00,"109,408.00"
2019-03-18,2019031801003354,KBBL,16,47,100,208.00,"20,800.00"
2019-03-18,2019031801003676,KBL,56,14,29,238.00,"6,902.00"
2019-03-18,2019031801003669,KBL,56,14,35,238.00,"8,330.00"
2019-03-18,2019031801003668,KBL,38,14,24,238.00,"5,712.00"
2019-03-18,2019031801003661,KBL,38,14,59,238.00,"14,042.00"
2019-03-18,2019031801003649,KBL,38,14,29,238.00,"6,902.00"
2019-03-18,2019031801003593,KBL,38,14,29,238.00,"6,902.00"
2019-03-18,2019031801003580,KBL,38,14,29,238.00,"6,902.00"
2019-03-18,2019031801003571,KBL,38,14,59,238.00,"14,042.00"
2019-03-18,2019031801003559,KBL,38,14,29,238.00,"6,902.00"
2019-03-18,2019031801003541,KBL,38,14,59,238.00,"14,042.00"
2019-03-18,2019031801003568,KNBL,51,34,436,125.00,"54,500.00"
2019-03-18,2019031801003567,KNBL,35,34,200,125.00,"25,000.00"
2019-03-18,2019031801003678,KPCL,14,57,10,95.00,950.00
2019-03-18,2019031801003723,LBBL,17,14,64,172.00,"11,008.00"
2019-03-18,2019031801003625,LBBL,17,14,64,172.00,"11,008.00"
2019-03-18,2019031801003561,LBBL,22,32,10,173.00,"1,730.00"
2019-03-18,2019031801003412,LBBL,17,21,85,172.00,"14,620.00"
2019-03-18,2019031801003411,LBBL,21,21,115,172.00,"19,780.00"
2019-03-18,2019031801003392,LBBL,13,32,50,173.00,"8,650.00"
2019-03-18,2019031801003474,LBL,32,16,246,199.00,"48,954.00"
2019-03-18,2019031801003791,MBL,51,38,100,219.00,"21,900.00"
2019-03-18,2019031801003557,MBL,32,50,106,220.00,"23,320.00"
2019-03-18,2019031801003476,MBL,32,50,94,220.00,"20,680.00"
2019-03-18,2019031801003463,MBL,32,57,406,220.00,"89,320.00"
2019-03-18,2019031801003462,MBL,21,57,100,220.00,"22,000.00"
2019-03-18,2019031801003461,MBL,21,57,10,220.00,"2,200.00"
2019-03-18,2019031801003460,MBL,38,57,484,220.00,"106,480.00"
2019-03-18,2019031801003410,MBL,38,32,516,220.00,"113,520.00"
2019-03-18,2019031801003409,MBL,54,32,250,220.00,"55,000.00"
2019-03-18,2019031801003408,MBL,36,32,234,220.00,"51,480.00"
2019-03-18,2019031801003393,MBL,36,38,70,220.00,"15,400.00"
2019-03-18,2019031801003349,MBL,36,59,196,220.00,"43,120.00"
2019-03-18,2019031801003749,MEGA,52,6,181,163.00,"29,503.00"
2019-03-18,2019031801003748,MEGA,48,6,100,163.00,"16,300.00"
2019-03-18,2019031801003747,MEGA,58,6,300,163.00,"48,900.00"
2019-03-18,2019031801003746,MEGA,11,6,100,163.00,"16,300.00"
2019-03-18,2019031801003745,MEGA,57,6,500,163.00,"81,500.00"
2019-03-18,2019031801003744,MEGA,56,6,200,163.00,"32,600.00"
2019-03-18,2019031801003511,MEGA,19,56,471,164.00,"77,244.00"
2019-03-18,2019031801003510,MEGA,33,56,132,164.00,"21,648.00"
2019-03-18,2019031801003373,MEGA,33,47,100,164.00,"16,400.00"
2019-03-18,2019031801003359,MEGA,33,50,200,164.00,"32,800.00"
2019-03-18,2019031801003743,MEGA,16,6,500,163.00,"81,500.00"
2019-03-18,2019031801003742,MEGA,39,6,479,163.00,"78,077.00"
2019-03-18,2019031801003741,MEGA,26,6,100,164.00,"16,400.00"
2019-03-18,2019031801003591,MEGA,39,29,21,163.00,"3,423.00"
2019-03-18,2019031801003590,MEGA,59,29,500,163.00,"81,500.00"
2019-03-18,2019031801003576,MEGA,19,29,29,164.00,"4,756.00"
2019-03-18,2019031801003455,MFIL,38,8,"1,000",115.00,"115,000.00"
2019-03-18,2019031801003454,MFIL,38,8,490,115.00,"56,350.00"
2019-03-18,2019031801003451,MLBBL,44,19,24,595.00,"14,280.00"
2019-03-18,2019031801003545,MLBL,22,1,10,170.00,"1,700.00"
2019-03-18,2019031801003544,MLBL,51,1,84,170.00,"14,280.00"
2019-03-18,2019031801003589,MNBBL,38,50,164,347.00,"56,908.00"
2019-03-18,2019031801003587,MNBBL,41,50,100,348.00,"34,800.00"
2019-03-18,2019031801003566,MNBBL,44,14,476,346.00,"164,696.00"
2019-03-18,2019031801003565,MNBBL,11,14,24,347.00,"8,328.00"
2019-03-18,2019031801003416,MSLB,51,48,45,"1,315.00","59,175.00"
2019-03-18,2019031801003350,MSLB,51,29,15,"1,320.00","19,800.00"
2019-03-18,2019031801003816,NABIL,29,48,300,723.00,"216,900.00"
2019-03-18,2019031801003781,NABIL,29,22,69,723.00,"49,887.00"
2019-03-18,2019031801003780,NABIL,39,22,31,723.00,"22,413.00"
2019-03-18,2019031801003690,NABIL,39,25,69,723.00,"49,887.00"
2019-03-18,2019031801003689,NABIL,47,25,31,723.00,"22,413.00"
2019-03-18,2019031801003626,NABIL,47,50,109,723.00,"78,807.00"
2019-03-18,2019031801003477,NABIL,42,48,20,725.00,"14,500.00"
2019-03-18,2019031801003814,NADEP,29,11,60,670.00,"40,200.00"
2019-03-18,2019031801003813,NADEP,25,11,50,671.00,"33,550.00"
2019-03-18,2019031801003577,NBB,38,6,200,196.00,"39,200.00"
2019-03-18,2019031801003513,NBB,26,6,200,196.00,"39,200.00"
2019-03-18,2019031801003560,NBBL,28,58,60,618.00,"37,080.00"
2019-03-18,2019031801003540,NBBL,28,47,10,618.00,"6,180.00"
2019-03-18,2019031801003533,NBBL,14,47,20,620.00,"12,400.00"
2019-03-18,2019031801003388,NBBL,58,47,20,623.00,"12,460.00"
2019-03-18,2019031801003475,NBL,44,25,800,291.00,"232,800.00"
2019-03-18,2019031801003806,NCCB,22,57,200,212.00,"42,400.00"
2019-03-18,2019031801003603,NCCB,22,43,515,212.00,"109,180.00"
2019-03-18,2019031801003602,NCCB,35,43,200,212.00,"42,400.00"
2019-03-18,2019031801003601,NCCB,57,43,"1,000",212.00,"212,000.00"
2019-03-18,2019031801003600,NCCB,46,43,500,212.00,"106,000.00"
2019-03-18,2019031801003599,NCCB,16,43,500,212.00,"106,000.00"
2019-03-18,2019031801003332,NCCB,25,51,410,214.00,"87,740.00"
2019-03-18,2019031801003331,NCCB,57,51,100,214.00,"21,400.00"
2019-03-18,2019031801003330,NCCB,18,51,490,214.00,"104,860.00"
2019-03-18,2019031801003365,NCCB,56,43,200,213.00,"42,600.00"
2019-03-18,2019031801003364,NCCB,38,43,413,213.00,"87,969.00"
2019-03-18,2019031801003363,NCCB,32,43,500,214.00,"107,000.00"
2019-03-18,2019031801003362,NCCB,48,43,500,214.00,"107,000.00"
2019-03-18,2019031801003361,NCCB,25,43,"1,730",214.00,"370,220.00"
2019-03-18,2019031801003333,NCCB,25,20,100,214.00,"21,400.00"
2019-03-18,2019031801003396,NCCB,4,51,43,213.00,"9,159.00"
2019-03-18,2019031801003370,NCCB,4,43,457,213.00,"97,341.00"
2019-03-18,2019031801003369,NCCB,17,43,100,213.00,"21,300.00"
2019-03-18,2019031801003368,NCCB,41,43,100,213.00,"21,300.00"
2019-03-18,2019031801003367,NCCB,16,43,200,213.00,"42,600.00"
2019-03-18,2019031801003366,NCCB,34,43,"1,000",213.00,"213,000.00"
2019-03-18,2019031801003598,NCCB,19,43,500,212.00,"106,000.00"
2019-03-18,2019031801003597,NCCB,34,43,"1,000",212.00,"212,000.00"
2019-03-18,2019031801003596,NCCB,34,43,100,212.00,"21,200.00"
2019-03-18,2019031801003595,NCCB,43,43,675,212.00,"143,100.00"
2019-03-18,2019031801003594,NCCB,22,43,10,213.00,"2,130.00"
2019-03-18,2019031801003397,NCCB,43,51,25,212.00,"5,300.00"
2019-03-18,2019031801003704,NCDB,26,3,390,120.00,"46,800.00"
2019-03-18,2019031801003447,NEF,32,47,379,8.51,"3,225.29"
2019-03-18,2019031801003446,NEF,32,47,"1,207",8.51,"10,271.57"
2019-03-18,2019031801003334,NIB,57,49,10,540.00,"5,400.00"
2019-03-18,2019031801003819,NICA,45,39,907,398.00,"360,986.00"
2019-03-18,2019031801003815,NICA,55,57,100,397.00,"39,700.00"
2019-03-18,2019031801003789,NICA,49,39,10,398.00,"3,980.00"
2019-03-18,2019031801003757,NICA,55,45,75,397.00,"29,775.00"
2019-03-18,2019031801003756,NICA,6,45,55,397.00,"21,835.00"
2019-03-18,2019031801003755,NICA,7,45,670,397.00,"265,990.00"
2019-03-18,2019031801003345,NICA,38,16,50,399.00,"19,950.00"
2019-03-18,2019031801003677,NICA,38,39,200,398.00,"79,600.00"
2019-03-18,2019031801003387,NICA,7,43,330,397.00,"131,010.00"
2019-03-18,2019031801003386,NICA,19,43,500,397.00,"198,500.00"
2019-03-18,2019031801003385,NICA,13,43,170,398.00,"67,660.00"
2019-03-18,2019031801003384,NICA,17,43,500,398.00,"199,000.00"
2019-03-18,2019031801003383,NICA,53,43,"1,000",398.00,"398,000.00"
2019-03-18,2019031801003651,NICL,44,52,"1,000",379.00,"379,000.00"
2019-03-18,2019031801003547,NICL,33,40,100,380.00,"38,000.00"
2019-03-18,2019031801003546,NICL,21,40,150,380.00,"57,000.00"
2019-03-18,2019031801003551,NIL,52,34,175,525.00,"91,875.00"
2019-03-18,2019031801003535,NIL,52,41,300,525.00,"157,500.00"
2019-03-18,2019031801003522,NIL,52,34,25,525.00,"13,125.00"
2019-03-18,2019031801003521,NIL,49,34,50,525.00,"26,250.00"
2019-03-18,2019031801003520,NIL,42,34,25,525.00,"13,125.00"
2019-03-18,2019031801003459,NIL,52,14,200,526.00,"105,200.00"
2019-03-18,2019031801003458,NLG,7,56,531,831.00,"441,261.00"
2019-03-18,2019031801003457,NLG,7,25,10,831.00,"8,310.00"
2019-03-18,2019031801003398,NLG,7,57,15,816.00,"12,240.00"
2019-03-18,2019031801003805,NLIC,41,50,101,"1,109.00","112,009.00"
2019-03-18,2019031801003804,NLIC,41,42,17,"1,108.00","18,836.00"
2019-03-18,2019031801003803,NLIC,41,37,17,"1,108.00","18,836.00"
2019-03-18,2019031801003802,NLIC,41,19,24,"1,108.00","26,592.00"
2019-03-18,2019031801003801,NLIC,41,37,17,"1,108.00","18,836.00"
2019-03-18,2019031801003800,NLIC,41,37,17,"1,108.00","18,836.00"
2019-03-18,2019031801003624,NLIC,57,44,17,"1,105.00","18,785.00"
2019-03-18,2019031801003607,NLIC,57,44,19,"1,105.00","20,995.00"
2019-03-18,2019031801003606,NLIC,34,44,15,"1,105.00","16,575.00"
2019-03-18,2019031801003539,NLIC,34,25,88,"1,105.00","97,240.00"
2019-03-18,2019031801003538,NLIC,22,25,50,"1,106.00","55,300.00"
2019-03-18,2019031801003537,NLIC,57,25,12,"1,106.00","13,272.00"
2019-03-18,2019031801003799,NLIC,41,37,17,"1,108.00","18,836.00"
2019-03-18,2019031801003735,NLIC,55,19,10,"1,108.00","11,080.00"
2019-03-18,2019031801003716,NLIC,22,35,80,"1,105.00","88,400.00"
2019-03-18,2019031801003715,NLIC,43,35,20,"1,105.00","22,100.00"
2019-03-18,2019031801003680,NLIC,49,44,3,"1,105.00","3,315.00"
2019-03-18,2019031801003679,NLIC,57,44,14,"1,105.00","15,470.00"
2019-03-18,2019031801003768,NMB,49,55,72,325.00,"23,400.00"
2019-03-18,2019031801003761,NMB,49,29,428,325.00,"139,100.00"
2019-03-18,2019031801003760,NMB,52,29,72,325.00,"23,400.00"
2019-03-18,2019031801003699,NMB,52,35,928,325.00,"301,600.00"
2019-03-18,2019031801003698,NMB,37,35,"1,000",325.00,"325,000.00"
2019-03-18,2019031801003697,NMB,54,35,50,325.00,"16,250.00"
2019-03-18,2019031801003608,NMB,35,59,80,325.00,"26,000.00"
2019-03-18,2019031801003542,NMB,14,44,100,326.00,"32,600.00"
2019-03-18,2019031801003337,NMB,38,44,50,326.00,"16,300.00"
2019-03-18,2019031801003696,NMB,21,35,500,325.00,"162,500.00"
2019-03-18,2019031801003695,NMB,56,35,100,325.00,"32,500.00"
2019-03-18,2019031801003694,NMB,11,35,100,325.00,"32,500.00"
2019-03-18,2019031801003693,NMB,22,35,100,325.00,"32,500.00"
2019-03-18,2019031801003692,NMB,14,35,202,325.00,"65,650.00"
2019-03-18,2019031801003691,NMB,35,35,20,325.00,"6,500.00"
2019-03-18,2019031801003754,NMBMF,58,58,100,"1,020.00","102,000.00"
2019-03-18,2019031801003753,NMBMF,38,58,100,"1,021.00","102,100.00"
2019-03-18,2019031801003643,NMBMF,55,55,3,"1,049.00","3,147.00"
2019-03-18,2019031801003659,NNLB,58,4,20,460.00,"9,200.00"
2019-03-18,2019031801003658,NNLB,29,4,100,460.00,"46,000.00"
2019-03-18,2019031801003662,NSEWA,47,48,10,540.00,"5,400.00"
2019-03-18,2019031801003570,NTC,59,52,20,683.00,"13,660.00"
2019-03-18,2019031801003536,NTC,14,43,120,678.00,"81,360.00"
2019-03-18,2019031801003509,NTC,56,43,250,678.00,"169,500.00"
2019-03-18,2019031801003508,NTC,26,43,100,678.00,"67,800.00"
2019-03-18,2019031801003507,NTC,55,43,100,679.00,"67,900.00"
2019-03-18,2019031801003506,NTC,22,43,40,680.00,"27,200.00"
2019-03-18,2019031801003505,NTC,5,43,50,680.00,"34,000.00"
2019-03-18,2019031801003504,NTC,21,43,10,681.00,"6,810.00"
2019-03-18,2019031801003503,NTC,28,43,30,682.00,"20,460.00"
2019-03-18,2019031801003648,PCBL,6,43,"1,000",316.00,"316,000.00"
2019-03-18,2019031801003647,PCBL,42,43,100,317.00,"31,700.00"
2019-03-18,2019031801003646,PCBL,44,43,"1,000",317.00,"317,000.00"
2019-03-18,2019031801003645,PCBL,21,43,100,318.00,"31,800.00"
2019-03-18,2019031801003644,PCBL,38,43,131,318.00,"41,658.00"
2019-03-18,2019031801003422,PCBL,38,43,369,318.00,"117,342.00"
2019-03-18,2019031801003421,PCBL,49,43,200,318.00,"63,600.00"
2019-03-18,2019031801003420,PCBL,33,43,200,318.00,"63,600.00"
2019-03-18,2019031801003419,PCBL,34,43,50,318.00,"15,900.00"
2019-03-18,2019031801003418,PCBL,38,43,500,319.00,"159,500.00"
2019-03-18,2019031801003417,PCBL,58,43,981,319.00,"312,939.00"
2019-03-18,2019031801003783,PIC,13,58,44,"1,025.00","45,100.00"
2019-03-18,2019031801003776,PIC,42,58,45,"1,026.00","46,170.00"
2019-03-18,2019031801003734,PIC,51,58,100,"1,026.00","102,600.00"
2019-03-18,2019031801003733,PIC,20,58,489,"1,026.00","501,714.00"
2019-03-18,2019031801003732,PIC,33,58,50,"1,027.00","51,350.00"
2019-03-18,2019031801003731,PIC,42,58,200,"1,028.00","205,600.00"
2019-03-18,2019031801003682,PIC,38,38,1,"1,015.00","1,015.00"
2019-03-18,2019031801003671,PIC,38,38,1,"1,015.00","1,015.00"
2019-03-18,2019031801003774,PLIC,20,28,20,454.00,"9,080.00"
2019-03-18,2019031801003773,PLIC,28,28,"1,000",454.00,"454,000.00"
2019-03-18,2019031801003719,PLIC,28,29,"1,000",454.00,"454,000.00"
2019-03-18,2019031801003480,PLIC,35,16,150,455.00,"68,250.00"
2019-03-18,2019031801003479,PLIC,44,16,20,455.00,"9,100.00"
2019-03-18,2019031801003391,PLIC,44,11,480,455.00,"218,400.00"
2019-03-18,2019031801003390,PLIC,28,11,400,455.00,"182,000.00"
2019-03-18,2019031801003389,PLIC,58,11,100,456.00,"45,600.00"
2019-03-18,2019031801003718,PMHPL,11,59,500,115.00,"57,500.00"
2019-03-18,2019031801003717,PMHPL,11,59,150,115.00,"17,250.00"
2019-03-18,2019031801003675,PMHPL,11,57,10,115.00,"1,150.00"
2019-03-18,2019031801003558,PMHPL,11,11,10,115.00,"1,150.00"
2019-03-18,2019031801003550,PMHPL,16,13,100,116.00,"11,600.00"
2019-03-18,2019031801003499,PMHPL,11,58,10,115.00,"1,150.00"
2019-03-18,2019031801003484,PMHPL,11,19,10,115.00,"1,150.00"
2019-03-18,2019031801003425,PMHPL,11,19,10,115.00,"1,150.00"
2019-03-18,2019031801003670,PRIN,32,38,309,416.00,"128,544.00"
2019-03-18,2019031801003379,PRIN,36,38,225,416.00,"93,600.00"
2019-03-18,2019031801003623,PRVU,44,43,100,234.00,"23,400.00"
2019-03-18,2019031801003622,PRVU,26,43,50,234.00,"11,700.00"
2019-03-18,2019031801003621,PRVU,34,43,"1,000",234.00,"234,000.00"
2019-03-18,2019031801003620,PRVU,7,43,"1,000",234.00,"234,000.00"
2019-03-18,2019031801003619,PRVU,32,43,"1,000",234.00,"234,000.00"
2019-03-18,2019031801003618,PRVU,44,43,200,235.00,"47,000.00"
2019-03-18,2019031801003405,PRVU,44,43,100,235.00,"23,500.00"
2019-03-18,2019031801003404,PRVU,42,43,100,235.00,"23,500.00"
2019-03-18,2019031801003403,PRVU,57,43,100,235.00,"23,500.00"
2019-03-18,2019031801003402,PRVU,45,43,"1,000",235.00,"235,000.00"
2019-03-18,2019031801003401,PRVU,14,43,500,235.00,"117,500.00"
2019-03-18,2019031801003400,PRVU,16,43,"1,204",235.00,"282,940.00"
2019-03-18,2019031801003818,RRHP,58,36,10,101.00,"1,010.00"
2019-03-18,2019031801003812,RRHP,58,36,10,101.00,"1,010.00"
2019-03-18,2019031801003798,RRHP,58,36,10,101.00,"1,010.00"
2019-03-18,2019031801003792,RRHP,58,36,10,101.00,"1,010.00"
2019-03-18,2019031801003579,RSDC,32,44,21,375.00,"7,875.00"
2019-03-18,2019031801003502,RSDC,32,47,27,375.00,"10,125.00"
2019-03-18,2019031801003518,SADBL,7,59,100,143.00,"14,300.00"
2019-03-18,2019031801003517,SADBL,38,59,"1,000",143.00,"143,000.00"
2019-03-18,2019031801003516,SADBL,47,59,200,143.00,"28,600.00"
2019-03-18,2019031801003515,SADBL,36,59,"2,480",143.00,"354,640.00"
2019-03-18,2019031801003514,SADBL,49,59,500,144.00,"72,000.00"
2019-03-18,2019031801003481,SADBL,58,34,250,144.00,"36,000.00"
2019-03-18,2019031801003750,SANIMA,45,48,10,304.00,"3,040.00"
2019-03-18,2019031801003657,SANIMA,53,43,"2,000",294.00,"588,000.00"
2019-03-18,2019031801003656,SANIMA,52,43,200,295.00,"59,000.00"
2019-03-18,2019031801003655,SANIMA,19,43,100,295.00,"29,500.00"
2019-03-18,2019031801003630,SANIMA,38,20,100,300.00,"30,000.00"
2019-03-18,2019031801003445,SANIMA,34,43,200,300.00,"60,000.00"
2019-03-18,2019031801003438,SANIMA,19,43,"1,000",302.00,"302,000.00"
2019-03-18,2019031801003437,SANIMA,19,43,200,302.00,"60,400.00"
2019-03-18,2019031801003436,SANIMA,59,43,50,302.00,"15,100.00"
2019-03-18,2019031801003435,SANIMA,53,43,"1,030",303.00,"312,090.00"
2019-03-18,2019031801003343,SANIMA,53,49,432,303.00,"130,896.00"
2019-03-18,2019031801003342,SANIMA,47,49,68,303.00,"20,604.00"
2019-03-18,2019031801003444,SANIMA,49,43,100,300.00,"30,000.00"
2019-03-18,2019031801003443,SANIMA,29,43,100,300.00,"30,000.00"
2019-03-18,2019031801003442,SANIMA,48,43,500,300.00,"150,000.00"
2019-03-18,2019031801003441,SANIMA,49,43,50,300.00,"15,000.00"
2019-03-18,2019031801003440,SANIMA,42,43,200,301.00,"60,200.00"
2019-03-18,2019031801003439,SANIMA,6,43,55,302.00,"16,610.00"
2019-03-18,2019031801003473,SBL,1,43,400,290.00,"116,000.00"
2019-03-18,2019031801003472,SBL,28,43,620,290.00,"179,800.00"
2019-03-18,2019031801003471,SBL,28,43,"1,000",290.00,"290,000.00"
2019-03-18,2019031801003470,SBL,39,43,"1,000",290.00,"290,000.00"
2019-03-18,2019031801003469,SBL,28,43,500,291.00,"145,500.00"
2019-03-18,2019031801003468,SBL,40,43,500,291.00,"145,500.00"
2019-03-18,2019031801003399,SBL,6,59,119,293.00,"34,867.00"
2019-03-18,2019031801003467,SBL,57,43,500,292.00,"146,000.00"
2019-03-18,2019031801003466,SBL,34,43,20,292.00,"5,840.00"
2019-03-18,2019031801003465,SBL,54,43,100,292.00,"29,200.00"
2019-03-18,2019031801003464,SBL,14,43,69,293.00,"20,217.00"
2019-03-18,2019031801003432,SBL,14,1,60,293.00,"17,580.00"
2019-03-18,2019031801003431,SBL,6,1,90,293.00,"26,370.00"
2019-03-18,2019031801003772,SCB,14,3,150,586.00,"87,900.00"
2019-03-18,2019031801003771,SCB,14,41,200,586.00,"117,200.00"
2019-03-18,2019031801003770,SCB,14,35,20,585.00,"11,700.00"
2019-03-18,2019031801003769,SCB,14,1,20,585.00,"11,700.00"
2019-03-18,2019031801003448,SCB,51,1,20,585.00,"11,700.00"
2019-03-18,2019031801003434,SCB,51,7,26,585.00,"15,210.00"
2019-03-18,2019031801003433,SCB,13,7,124,585.00,"72,540.00"
2019-03-18,2019031801003426,SCB,32,21,10,585.00,"5,850.00"
2019-03-18,2019031801003395,SCB,32,50,31,585.00,"18,135.00"
2019-03-18,2019031801003394,SCB,41,50,49,585.00,"28,665.00"
2019-03-18,2019031801003758,SCB,55,1,20,585.00,"11,700.00"
2019-03-18,2019031801003531,SCB,48,38,66,584.00,"38,544.00"
2019-03-18,2019031801003530,SCB,43,38,100,585.00,"58,500.00"
2019-03-18,2019031801003529,SCB,51,38,34,585.00,"19,890.00"
2019-03-18,2019031801003519,SCB,51,55,50,585.00,"29,250.00"
2019-03-18,2019031801003478,SCB,51,1,20,585.00,"11,700.00"
2019-03-18,2019031801003762,SDESI,29,17,50,579.00,"28,950.00"
2019-03-18,2019031801003430,SHINE,34,34,"7,831",238.00,"1,863,778.00"
2019-03-18,2019031801003353,SHINE,34,34,"6,549",238.00,"1,558,662.00"
2019-03-18,2019031801003352,SHINE,34,34,572,238.00,"136,136.00"
2019-03-18,2019031801003351,SHINE,34,34,"6,622",238.00,"1,576,036.00"
2019-03-18,2019031801003809,SHPC,28,6,183,229.00,"41,907.00"
2019-03-18,2019031801003808,SHPC,34,6,50,229.00,"11,450.00"
2019-03-18,2019031801003633,SHPC,17,46,500,230.00,"115,000.00"
2019-03-18,2019031801003632,SHPC,28,46,"1,000",230.00,"230,000.00"
2019-03-18,2019031801003631,SHPC,43,46,15,230.00,"3,450.00"
2019-03-18,2019031801003526,SHPC,43,7,59,230.00,"13,570.00"
2019-03-18,2019031801003523,SHPC,43,47,26,230.00,"5,980.00"
2019-03-18,2019031801003555,SIC,16,7,35,"1,290.00","45,150.00"
2019-03-18,2019031801003554,SIC,40,7,10,"1,291.00","12,910.00"
2019-03-18,2019031801003572,SIFC,45,1,79,137.00,"10,823.00"
2019-03-18,2019031801003794,SIL,56,26,30,618.00,"18,540.00"
2019-03-18,2019031801003720,SIL,56,43,120,618.00,"74,160.00"
2019-03-18,2019031801003575,SKBBL,53,53,100,870.00,"87,000.00"
2019-03-18,2019031801003382,SKBBL,4,53,55,880.00,"48,400.00"
2019-03-18,2019031801003406,SLBSL,45,52,10,741.00,"7,410.00"
2019-03-18,2019031801003371,SLBSL,45,1,40,741.00,"29,640.00"
2019-03-18,2019031801003766,SMATA,28,22,38,"1,280.00","48,640.00"
2019-03-18,2019031801003428,SMATA,28,22,150,"1,280.00","192,000.00"
2019-03-18,2019031801003569,SMB,29,38,10,637.00,"6,370.00"
2019-03-18,2019031801003736,SPDL,45,39,57,103.00,"5,871.00"
2019-03-18,2019031801003667,SRBL,19,57,15,218.00,"3,270.00"
2019-03-18,2019031801003490,SRBL,38,43,889,217.00,"192,913.00"
2019-03-18,2019031801003489,SRBL,32,43,500,217.00,"108,500.00"
2019-03-18,2019031801003488,SRBL,34,43,200,217.00,"43,400.00"
2019-03-18,2019031801003487,SRBL,45,43,100,219.00,"21,900.00"
2019-03-18,2019031801003486,SRBL,28,43,"1,000",219.00,"219,000.00"
2019-03-18,2019031801003485,SRBL,40,43,311,219.00,"68,109.00"
2019-03-18,2019031801003765,SWBBL,22,32,10,832.00,"8,320.00"
2019-03-18,2019031801003617,SWBBL,22,38,50,832.00,"41,600.00"
2019-03-18,2019031801003582,SWBBL,22,53,190,832.00,"158,080.00"
2019-03-18,2019031801003581,SWBBL,56,53,10,832.00,"8,320.00"
2019-03-18,2019031801003650,UMHL,28,39,21,118.00,"2,478.00"
2019-03-18,2019031801003574,UMHL,28,58,215,118.00,"25,370.00"
2019-03-18,2019031801003553,UMHL,28,38,14,118.00,"1,652.00"
2019-03-18,2019031801003423,UMHL,28,58,50,117.00,"5,850.00"
2019-03-18,2019031801003795,UPPER,25,37,40,244.00,"9,760.00"
2019-03-18,2019031801003782,UPPER,25,37,50,244.00,"12,200.00"
2019-03-18,2019031801003775,UPPER,25,37,50,244.00,"12,200.00"
2019-03-18,2019031801003767,UPPER,34,37,50,244.00,"12,200.00"
2019-03-18,2019031801003552,UPPER,34,59,50,244.00,"12,200.00"
2019-03-18,2019031801003512,UPPER,34,49,55,244.00,"13,420.00"
2019-03-18,2019031801003491,UPPER,34,59,60,244.00,"14,640.00"
2019-03-18,2019031801003450,UPPER,34,44,50,244.00,"12,200.00"
2019-03-18,2019031801003429,UPPER,34,51,40,244.00,"9,760.00"
2019-03-18,2019031801003130,ADBL,57,59,10,303.00,"3,030.00"
2019-03-18,2019031801002903,ADBL,22,51,100,302.00,"30,200.00"
2019-03-18,2019031801003078,AKJCL,39,34,10,83.00,830.00
2019-03-18,2019031801003024,AKJCL,39,34,20,83.00,"1,660.00"
2019-03-18,2019031801002904,AKJCL,39,34,20,83.00,"1,660.00"
2019-03-18,2019031801003318,AKPL,38,47,10,175.00,"1,750.00"
2019-03-18,2019031801003079,AKPL,37,37,2,176.00,352.00
2019-03-18,2019031801002913,AKPL,38,37,13,175.00,"2,275.00"
2019-03-18,2019031801002887,AKPL,38,37,13,175.00,"2,275.00"
2019-03-18,2019031801003166,ALICL,26,43,100,401.00,"40,100.00"
2019-03-18,2019031801003191,API,11,26,100,135.00,"13,500.00"
2019-03-18,2019031801003052,API,36,25,500,133.00,"66,500.00"
2019-03-18,2019031801003034,BOKL,52,49,124,246.00,"30,504.00"
2019-03-18,2019031801003033,BOKL,40,49,300,247.00,"74,100.00"
2019-03-18,2019031801003032,BOKL,49,49,65,247.00,"16,055.00"
2019-03-18,2019031801003031,BOKL,51,25,250,248.00,"62,000.00"
2019-03-18,2019031801003017,BOKL,49,48,182,247.00,"44,954.00"
2019-03-18,2019031801002984,BOKL,26,25,"1,000",248.00,"248,000.00"
2019-03-18,2019031801002832,BOKL,51,6,87,250.00,"21,750.00"
2019-03-18,2019031801002983,BOKL,38,25,100,248.00,"24,800.00"
2019-03-18,2019031801002982,BOKL,28,25,32,249.00,"7,968.00"
2019-03-18,2019031801002981,BOKL,43,25,100,249.00,"24,900.00"
2019-03-18,2019031801002980,BOKL,1,25,200,249.00,"49,800.00"
2019-03-18,2019031801002979,BOKL,22,25,100,249.00,"24,900.00"
2019-03-18,2019031801002978,BOKL,32,25,100,249.00,"24,900.00"
2019-03-18,2019031801002856,BPCL,56,37,20,364.00,"7,280.00"
2019-03-18,2019031801002834,BPCL,56,37,20,364.00,"7,280.00"
2019-03-18,2019031801003295,CBL,16,43,"1,813",154.00,"279,202.00"
2019-03-18,2019031801003294,CBL,37,43,"1,000",154.00,"154,000.00"
2019-03-18,2019031801003293,CBL,17,43,200,154.00,"30,800.00"
2019-03-18,2019031801003292,CBL,11,43,100,154.00,"15,400.00"
2019-03-18,2019031801003291,CBL,14,43,500,154.00,"77,000.00"
2019-03-18,2019031801003290,CBL,48,43,"1,000",154.00,"154,000.00"
2019-03-18,2019031801003036,CBL,25,52,169,157.00,"26,533.00"
2019-03-18,2019031801002880,CBL,25,59,31,157.00,"4,867.00"
2019-03-18,2019031801003073,CBL,1,49,200,156.00,"31,200.00"
2019-03-18,2019031801003072,CBL,19,49,200,156.00,"31,200.00"
2019-03-18,2019031801003071,CBL,50,49,200,156.00,"31,200.00"
2019-03-18,2019031801003070,CBL,39,49,89,157.00,"13,973.00"
2019-03-18,2019031801003038,CBL,39,52,411,157.00,"64,527.00"
2019-03-18,2019031801003037,CBL,26,52,15,157.00,"2,355.00"
2019-03-18,2019031801003277,CBL,35,43,"1,000",156.00,"156,000.00"
2019-03-18,2019031801003276,CBL,38,43,"2,000",156.00,"312,000.00"
2019-03-18,2019031801003275,CBL,44,43,80,156.00,"12,480.00"
2019-03-18,2019031801003145,CBL,44,25,"1,920",156.00,"299,520.00"
2019-03-18,2019031801003144,CBL,40,25,180,156.00,"28,080.00"
2019-03-18,2019031801003074,CBL,40,49,820,156.00,"127,920.00"
2019-03-18,2019031801003283,CBL,52,43,207,155.00,"32,085.00"
2019-03-18,2019031801003282,CBL,57,43,500,156.00,"78,000.00"
2019-03-18,2019031801003281,CBL,44,43,100,156.00,"15,600.00"
2019-03-18,2019031801003280,CBL,44,43,"1,000",156.00,"156,000.00"
2019-03-18,2019031801003279,CBL,38,43,"1,000",156.00,"156,000.00"
2019-03-18,2019031801003278,CBL,29,43,"1,000",156.00,"156,000.00"
2019-03-18,2019031801003289,CBL,58,43,"2,000",155.00,"310,000.00"
2019-03-18,2019031801003288,CBL,44,43,"1,000",155.00,"155,000.00"
2019-03-18,2019031801003287,CBL,29,43,"1,000",155.00,"155,000.00"
2019-03-18,2019031801003286,CBL,34,43,500,155.00,"77,500.00"
2019-03-18,2019031801003285,CBL,39,43,500,155.00,"77,500.00"
2019-03-18,2019031801003284,CBL,57,43,500,155.00,"77,500.00"
2019-03-18,2019031801003319,CCBL,25,43,300,165.00,"49,500.00"
2019-03-18,2019031801003206,CCBL,25,6,700,165.00,"115,500.00"
2019-03-18,2019031801003205,CCBL,38,6,100,165.00,"16,500.00"
2019-03-18,2019031801003135,CCBL,25,34,49,165.00,"8,085.00"
2019-03-18,2019031801003087,CCBL,25,49,451,165.00,"74,415.00"
2019-03-18,2019031801003086,CCBL,42,49,50,165.00,"8,250.00"
2019-03-18,2019031801003085,CCBL,25,49,200,165.00,"33,000.00"
2019-03-18,2019031801003084,CCBL,19,49,200,165.00,"33,000.00"
2019-03-18,2019031801003083,CCBL,25,49,200,165.00,"33,000.00"
2019-03-18,2019031801003082,CCBL,14,49,70,165.00,"11,550.00"
2019-03-18,2019031801002886,CFCL,58,25,10,110.00,"1,100.00"
2019-03-18,2019031801003311,CHCL,26,13,99,510.00,"50,490.00"
2019-03-18,2019031801003306,CHCL,26,13,346,510.00,"176,460.00"
2019-03-18,2019031801003305,CHCL,1,13,155,510.00,"79,050.00"
2019-03-18,2019031801003304,CHCL,21,13,10,510.00,"5,100.00"
2019-03-18,2019031801003303,CHCL,6,13,200,510.00,"102,000.00"
2019-03-18,2019031801003302,CHCL,56,13,200,511.00,"102,200.00"
2019-03-18,2019031801003301,CHCL,35,13,20,511.00,"10,220.00"
2019-03-18,2019031801003242,CHLBS,56,10,10,559.00,"5,590.00"
2019-03-18,2019031801003234,CHLBS,56,10,10,559.00,"5,590.00"
2019-03-18,2019031801003226,CHLBS,56,1,10,559.00,"5,590.00"
2019-03-18,2019031801003220,CHLBS,56,1,10,559.00,"5,590.00"
2019-03-18,2019031801003219,CHLBS,56,10,10,559.00,"5,590.00"
2019-03-18,2019031801003246,CLBSL,39,45,10,600.00,"6,000.00"
2019-03-18,2019031801003209,CLBSL,42,45,10,600.00,"6,000.00"
2019-03-18,2019031801002885,CLBSL,45,47,16,601.00,"9,616.00"
2019-03-18,2019031801003129,CZBIL,14,6,100,210.00,"21,000.00"
2019-03-18,2019031801002850,CZBIL,33,6,200,209.00,"41,800.00"
2019-03-18,2019031801002849,CZBIL,21,6,200,209.00,"41,800.00"
2019-03-18,2019031801002848,CZBIL,55,6,"1,000",209.00,"209,000.00"
2019-03-18,2019031801002847,CZBIL,38,6,100,209.00,"20,900.00"
2019-03-18,2019031801002846,CZBIL,54,6,"1,500",209.00,"313,500.00"
2019-03-18,2019031801003162,DDBL,43,14,50,600.00,"30,000.00"
2019-03-18,2019031801003208,EBL,45,34,142,558.00,"79,236.00"
2019-03-18,2019031801003207,EBL,42,34,200,558.00,"111,600.00"
2019-03-18,2019031801003163,EBL,50,50,100,560.00,"56,000.00"
2019-03-18,2019031801003120,EBL,45,6,10,560.00,"5,600.00"
2019-03-18,2019031801002955,EBL,34,6,35,562.00,"19,670.00"
2019-03-18,2019031801002854,EBL,42,59,33,563.00,"18,579.00"
2019-03-18,2019031801002853,EBL,14,44,175,562.00,"98,350.00"
2019-03-18,2019031801003042,EBL,51,51,30,562.00,"16,860.00"
2019-03-18,2019031801002993,EBL,28,41,144,561.00,"80,784.00"
2019-03-18,2019031801002992,EBL,57,41,106,561.00,"59,466.00"
2019-03-18,2019031801002991,EBL,41,41,50,562.00,"28,100.00"
2019-03-18,2019031801002972,EBL,57,43,200,561.00,"112,200.00"
2019-03-18,2019031801003113,EBL,42,6,201,561.00,"112,761.00"
2019-03-18,2019031801003096,EBL,42,49,299,561.00,"167,739.00"
2019-03-18,2019031801003095,EBL,28,49,291,561.00,"163,251.00"
2019-03-18,2019031801003094,EBL,51,49,35,562.00,"19,670.00"
2019-03-18,2019031801003051,EBL,51,57,74,562.00,"41,588.00"
2019-03-18,2019031801003046,EBL,51,14,11,562.00,"6,182.00"
