Date,Transact. No.,Symbol,Buyer,Seller,Quantity,Rate,Amount
2019-04-10,2019041001005975,ADBL,26,49,67,312.00,"20,904.00"
2019-04-10,2019041001005974,ADBL,13,49,33,312.00,"10,296.00"
2019-04-10,2019041001005876,ADBL,13,59,12,312.00,"3,744.00"
2019-04-10,2019041001005875,ADBL,47,59,150,313.00,"46,950.00"
2019-04-10,2019041001005874,ADBL,46,59,50,313.00,"15,650.00"
2019-04-10,2019041001005535,AKJCL,25,39,20,80.00,"1,600.00"
2019-04-10,2019041001005946,AKPL,26,34,10,171.00,"1,710.00"
2019-04-10,2019041001005589,ALICL,34,10,219,403.00,"88,257.00"
2019-04-10,2019041001005588,ALICL,45,10,30,404.00,"12,120.00"
2019-04-10,2019041001005833,API,44,22,764,132.00,"100,848.00"
2019-04-10,2019041001005832,API,33,22,287,132.00,"37,884.00"
2019-04-10,2019041001005533,BHBL,4,1,200,172.00,"34,400.00"
2019-04-10,2019041001005794,BOKL,58,41,10,264.00,"2,640.00"
2019-04-10,2019041001005793,BOKL,58,19,155,263.00,"40,765.00"
2019-04-10,2019041001005781,BOKL,58,57,202,262.00,"52,924.00"
2019-04-10,2019041001005780,BOKL,58,21,12,262.00,"3,144.00"
2019-04-10,2019041001005511,BOKL,58,37,"1,000",261.00,"261,000.00"
2019-04-10,2019041001005510,BOKL,58,37,"1,000",261.00,"261,000.00"
2019-04-10,2019041001005949,BPCL,8,44,77,358.00,"27,566.00"
2019-04-10,2019041001005603,BPCL,8,42,67,358.00,"23,986.00"
2019-04-10,2019041001005913,CBBL,36,16,10,910.00,"9,100.00"
2019-04-10,2019041001005902,CBBL,48,5,100,900.00,"90,000.00"
2019-04-10,2019041001005901,CBBL,58,5,100,900.00,"90,000.00"
2019-04-10,2019041001005900,CBBL,57,5,55,900.00,"49,500.00"
2019-04-10,2019041001005881,CBBL,57,6,20,900.00,"18,000.00"
2019-04-10,2019041001005899,CBL,52,50,770,161.00,"123,970.00"
2019-04-10,2019041001005654,CBL,38,50,30,162.00,"4,860.00"
2019-04-10,2019041001005932,CCBL,8,42,190,172.00,"32,680.00"
2019-04-10,2019041001005784,CCBL,44,6,285,171.00,"48,735.00"
2019-04-10,2019041001005772,CCBL,44,50,300,172.00,"51,600.00"
2019-04-10,2019041001005771,CCBL,44,41,63,172.00,"10,836.00"
2019-04-10,2019041001005770,CCBL,44,53,228,172.00,"39,216.00"
2019-04-10,2019041001005769,CCBL,44,58,92,172.00,"15,824.00"
2019-04-10,2019041001005762,CCBL,44,13,300,172.00,"51,600.00"
2019-04-10,2019041001005761,CCBL,44,45,791,172.00,"136,052.00"
2019-04-10,2019041001005700,CCBL,45,45,99,172.00,"17,028.00"
2019-04-10,2019041001005669,CCBL,44,59,130,171.00,"22,230.00"
2019-04-10,2019041001005626,CCBL,45,45,10,172.00,"1,720.00"
2019-04-10,2019041001005768,CCBL,44,45,"5,000",172.00,"860,000.00"
2019-04-10,2019041001005767,CCBL,44,39,500,172.00,"86,000.00"
2019-04-10,2019041001005766,CCBL,44,26,"1,000",172.00,"172,000.00"
2019-04-10,2019041001005765,CCBL,44,45,"2,500",172.00,"430,000.00"
2019-04-10,2019041001005764,CCBL,44,25,300,172.00,"51,600.00"
2019-04-10,2019041001005763,CCBL,44,50,500,172.00,"86,000.00"
2019-04-10,2019041001005878,CHCL,22,17,76,503.00,"38,228.00"
2019-04-10,2019041001005617,CHCL,52,10,29,502.00,"14,558.00"
2019-04-10,2019041001005616,CHCL,1,10,150,503.00,"75,450.00"
2019-04-10,2019041001005615,CHCL,13,10,300,503.00,"150,900.00"
2019-04-10,2019041001005614,CHCL,52,10,72,503.00,"36,216.00"
2019-04-10,2019041001005886,CHLBS,16,58,70,484.00,"33,880.00"
2019-04-10,2019041001005805,CHLBS,7,58,30,484.00,"14,520.00"
2019-04-10,2019041001005804,CHLBS,22,58,90,484.00,"43,560.00"
2019-04-10,2019041001005803,CHLBS,59,58,10,485.00,"4,850.00"
2019-04-10,2019041001005673,CHLBS,59,58,40,485.00,"19,400.00"
2019-04-10,2019041001005672,CHLBS,11,58,50,485.00,"24,250.00"
2019-04-10,2019041001005671,CHLBS,57,58,10,486.00,"4,860.00"
2019-04-10,2019041001005862,CIT,41,40,30,"2,573.00","77,190.00"
2019-04-10,2019041001005860,CIT,41,25,40,"2,573.00","102,920.00"
2019-04-10,2019041001005859,CIT,45,25,10,"2,573.00","25,730.00"
2019-04-10,2019041001005858,CIT,25,25,30,"2,577.00","77,310.00"
2019-04-10,2019041001005857,CIT,11,25,20,"2,577.00","51,540.00"
2019-04-10,2019041001005861,CZBIL,52,6,220,222.00,"48,840.00"
2019-04-10,2019041001005624,CZBIL,52,22,200,222.00,"44,400.00"
2019-04-10,2019041001005596,CZBIL,52,1,155,222.00,"34,410.00"
2019-04-10,2019041001005492,CZBIL,52,44,20,222.00,"4,440.00"
2019-04-10,2019041001005911,DBBL,49,32,"1,000",129.00,"129,000.00"
2019-04-10,2019041001005910,DBBL,49,41,195,129.00,"25,155.00"
2019-04-10,2019041001005909,DBBL,49,35,20,129.00,"2,580.00"
2019-04-10,2019041001005908,DBBL,49,7,200,129.00,"25,800.00"
2019-04-10,2019041001005907,DBBL,49,59,561,129.00,"72,369.00"
2019-04-10,2019041001005851,DBBL,57,46,"2,084",128.00,"266,752.00"
2019-04-10,2019041001005838,EBL,29,39,40,603.00,"24,120.00"
2019-04-10,2019041001005837,EBL,48,39,200,603.00,"120,600.00"
2019-04-10,2019041001005836,EBL,10,39,100,603.00,"60,300.00"
2019-04-10,2019041001005835,EBL,35,39,200,604.00,"120,800.00"
2019-04-10,2019041001005621,EBL,39,16,100,605.00,"60,500.00"
2019-04-10,2019041001005506,EBL,17,16,10,605.00,"6,050.00"
2019-04-10,2019041001005757,EBL,6,8,50,605.00,"30,250.00"
2019-04-10,2019041001005705,EBL,39,8,10,605.00,"6,050.00"
2019-04-10,2019041001005676,EBL,39,16,90,605.00,"54,450.00"
2019-04-10,2019041001005939,FMDBL,41,38,100,388.00,"38,800.00"
2019-04-10,2019041001005938,FMDBL,41,39,50,388.00,"19,400.00"
2019-04-10,2019041001005937,FMDBL,41,42,50,385.00,"19,250.00"
2019-04-10,2019041001005936,FMDBL,41,49,30,382.00,"11,460.00"
2019-04-10,2019041001005558,FMDBL,57,34,110,389.00,"42,790.00"
2019-04-10,2019041001005653,FOWAD,45,55,20,"1,525.00","30,500.00"
2019-04-10,2019041001005652,FOWAD,45,48,15,"1,520.00","22,800.00"
2019-04-10,2019041001005651,FOWAD,45,33,18,"1,515.00","27,270.00"
2019-04-10,2019041001005679,GBBL,1,1,100,195.00,"19,500.00"
2019-04-10,2019041001005678,GBBL,1,6,100,195.00,"19,500.00"
2019-04-10,2019041001005677,GBBL,1,58,402,195.00,"78,390.00"
2019-04-10,2019041001005854,GBIME,58,4,443,272.00,"120,496.00"
2019-04-10,2019041001005853,GBIME,7,4,500,272.00,"136,000.00"
2019-04-10,2019041001005852,GBIME,42,4,57,272.00,"15,504.00"
2019-04-10,2019041001005811,GBLBS,1,32,30,442.00,"13,260.00"
2019-04-10,2019041001005810,GBLBS,57,32,200,442.00,"88,400.00"
2019-04-10,2019041001005809,GBLBS,43,32,30,443.00,"13,290.00"
2019-04-10,2019041001005808,GBLBS,40,32,20,443.00,"8,860.00"
2019-04-10,2019041001005807,GBLBS,43,32,100,443.00,"44,300.00"
2019-04-10,2019041001005806,GBLBS,40,32,20,444.00,"8,880.00"
2019-04-10,2019041001005776,GBLBS,11,32,10,446.00,"4,460.00"
2019-04-10,2019041001005641,GBLBS,13,32,90,445.00,"40,050.00"
2019-04-10,2019041001005559,GBLBS,13,32,10,445.00,"4,450.00"
2019-04-10,2019041001005547,GBLBS,7,32,410,446.00,"182,860.00"
2019-04-10,2019041001005821,GDBL,25,26,20,190.00,"3,800.00"
2019-04-10,2019041001005819,GDBL,32,26,50,190.00,"9,500.00"
2019-04-10,2019041001005664,GDBL,35,32,200,187.00,"37,400.00"
2019-04-10,2019041001005663,GDBL,33,32,200,187.00,"37,400.00"
2019-04-10,2019041001005662,GDBL,34,32,58,187.00,"10,846.00"
2019-04-10,2019041001005661,GDBL,33,32,675,188.00,"126,900.00"
2019-04-10,2019041001005490,GDBL,25,32,50,189.00,"9,450.00"
2019-04-10,2019041001005666,GDBL,40,32,417,187.00,"77,979.00"
2019-04-10,2019041001005665,GDBL,49,32,"1,000",187.00,"187,000.00"
2019-04-10,2019041001005625,GRDBL,19,29,50,105.00,"5,250.00"
2019-04-10,2019041001005962,GUFL,52,32,10,113.00,"1,130.00"
2019-04-10,2019041001005491,GUFL,52,1,20,114.00,"2,280.00"
2019-04-10,2019041001005600,HBL,38,21,190,480.00,"91,200.00"
2019-04-10,2019041001005599,HBL,49,21,100,480.00,"48,000.00"
2019-04-10,2019041001005585,HBL,35,21,250,481.00,"120,250.00"
2019-04-10,2019041001005584,HBL,42,21,500,481.00,"240,500.00"
2019-04-10,2019041001005583,HBL,42,21,200,482.00,"96,400.00"
2019-04-10,2019041001005582,HBL,22,21,200,485.00,"97,000.00"
2019-04-10,2019041001005926,HGI,21,42,100,387.00,"38,700.00"
2019-04-10,2019041001005922,HGI,25,28,430,385.00,"165,550.00"
2019-04-10,2019041001005921,HGI,38,28,20,385.00,"7,700.00"
2019-04-10,2019041001005920,HGI,53,28,50,386.00,"19,300.00"
2019-04-10,2019041001005885,HGI,51,40,100,386.00,"38,600.00"
2019-04-10,2019041001005863,HGI,51,58,100,386.00,"38,600.00"
2019-04-10,2019041001005682,HGI,22,40,200,387.00,"77,400.00"
2019-04-10,2019041001005635,HGI,11,33,54,389.00,"21,006.00"
2019-04-10,2019041001005935,HIDCL,25,53,16,139.00,"2,224.00"
2019-04-10,2019041001005850,HIDCL,5,17,20,140.00,"2,800.00"
2019-04-10,2019041001005842,HIDCL,42,17,10,140.00,"1,400.00"
2019-04-10,2019041001005736,HIDCL,25,57,175,138.00,"24,150.00"
2019-04-10,2019041001005587,HPPL,5,32,10,181.00,"1,810.00"
2019-04-10,2019041001005887,ICFC,17,48,330,154.00,"50,820.00"
2019-04-10,2019041001005893,IGI,10,19,50,397.00,"19,850.00"
2019-04-10,2019041001005634,IGI,10,22,200,397.00,"79,400.00"
2019-04-10,2019041001005856,JBNL,34,39,200,181.00,"36,200.00"
2019-04-10,2019041001005827,JBNL,34,14,154,181.00,"27,874.00"
2019-04-10,2019041001005715,JBNL,45,14,200,181.00,"36,200.00"
2019-04-10,2019041001005714,JBNL,46,14,146,181.00,"26,426.00"
2019-04-10,2019041001005638,JBNL,46,26,50,181.00,"9,050.00"
2019-04-10,2019041001005648,KBBL,49,53,100,214.00,"21,400.00"
2019-04-10,2019041001005647,KBBL,49,53,"1,000",214.00,"214,000.00"
2019-04-10,2019041001005930,KBL,19,39,237,259.00,"61,383.00"
2019-04-10,2019041001005924,KBL,41,39,507,259.00,"131,313.00"
2019-04-10,2019041001005923,KBL,41,57,493,259.00,"127,687.00"
2019-04-10,2019041001005880,KBL,19,49,50,258.00,"12,900.00"
2019-04-10,2019041001005868,KBL,42,39,100,259.00,"25,900.00"
2019-04-10,2019041001005867,KBL,42,39,30,259.00,"7,770.00"
2019-04-10,2019041001005482,KBL,26,4,500,259.00,"129,500.00"
2019-04-10,2019041001005481,KBL,38,4,368,259.00,"95,312.00"
2019-04-10,2019041001005527,KBL,51,44,32,259.00,"8,288.00"
2019-04-10,2019041001005516,KBL,38,44,968,259.00,"250,712.00"
2019-04-10,2019041001005515,KBL,38,4,32,259.00,"8,288.00"
2019-04-10,2019041001005485,KBL,26,4,500,259.00,"129,500.00"
2019-04-10,2019041001005484,KBL,45,4,100,259.00,"25,900.00"
2019-04-10,2019041001005483,KBL,26,4,500,259.00,"129,500.00"
2019-04-10,2019041001005640,KBL,19,13,"1,000",259.00,"259,000.00"
2019-04-10,2019041001005639,KBL,19,52,300,259.00,"77,700.00"
2019-04-10,2019041001005586,KBL,59,52,100,259.00,"25,900.00"
2019-04-10,2019041001005570,KBL,13,56,240,260.00,"62,400.00"
2019-04-10,2019041001005552,KBL,42,44,"3,500",259.00,"906,500.00"
2019-04-10,2019041001005538,KBL,22,44,500,259.00,"129,500.00"
2019-04-10,2019041001005795,KBL,26,4,415,258.00,"107,070.00"
2019-04-10,2019041001005785,KBL,20,4,10,259.00,"2,590.00"
2019-04-10,2019041001005783,KBL,26,4,200,259.00,"51,800.00"
2019-04-10,2019041001005779,KBL,5,4,112,259.00,"29,008.00"
2019-04-10,2019041001005778,KBL,5,13,888,259.00,"229,992.00"
2019-04-10,2019041001005707,KBL,5,13,200,259.00,"51,800.00"
2019-04-10,2019041001005801,KBL,26,4,200,258.00,"51,600.00"
2019-04-10,2019041001005800,KBL,32,4,"1,000",258.00,"258,000.00"
2019-04-10,2019041001005799,KBL,19,4,200,258.00,"51,600.00"
2019-04-10,2019041001005798,KBL,10,4,200,258.00,"51,600.00"
2019-04-10,2019041001005797,KBL,48,4,100,258.00,"25,800.00"
2019-04-10,2019041001005796,KBL,28,4,50,258.00,"12,900.00"
2019-04-10,2019041001005866,KBL,45,39,100,259.00,"25,900.00"
2019-04-10,2019041001005818,KBL,19,33,713,258.00,"183,954.00"
2019-04-10,2019041001005817,KBL,29,33,50,258.00,"12,900.00"
2019-04-10,2019041001005816,KBL,6,33,"1,000",258.00,"258,000.00"
2019-04-10,2019041001005815,KBL,50,33,237,258.00,"61,146.00"
2019-04-10,2019041001005802,KBL,50,4,513,258.00,"132,354.00"
2019-04-10,2019041001005495,KKHC,34,33,20,79.00,"1,580.00"
2019-04-10,2019041001005494,KKHC,34,57,10,79.00,790.00
2019-04-10,2019041001005529,KRBL,19,42,50,102.00,"5,100.00"
2019-04-10,2019041001005891,LBBL,48,25,500,174.00,"87,000.00"
2019-04-10,2019041001005884,LBBL,33,59,264,172.00,"45,408.00"
2019-04-10,2019041001005636,LBBL,40,32,"1,485",173.00,"256,905.00"
2019-04-10,2019041001005564,LBBL,40,19,15,173.00,"2,595.00"
2019-04-10,2019041001005563,LBBL,46,19,535,173.00,"92,555.00"
2019-04-10,2019041001005869,LBL,21,39,100,207.00,"20,700.00"
2019-04-10,2019041001005727,LBL,6,34,50,208.00,"10,400.00"
2019-04-10,2019041001005650,LBL,21,40,100,207.00,"20,700.00"
2019-04-10,2019041001005507,LBL,19,34,30,208.00,"6,240.00"
2019-04-10,2019041001005503,LGIL,33,22,179,515.00,"92,185.00"
2019-04-10,2019041001005502,LGIL,33,38,300,515.00,"154,500.00"
2019-04-10,2019041001005728,LLBS,49,58,10,771.00,"7,710.00"
2019-04-10,2019041001005952,MBL,58,47,11,239.00,"2,629.00"
2019-04-10,2019041001005906,MBL,58,59,"1,110",237.00,"263,070.00"
2019-04-10,2019041001005775,MBL,58,54,60,237.00,"14,220.00"
2019-04-10,2019041001005774,MBL,51,54,500,237.00,"118,500.00"
2019-04-10,2019041001005773,MBL,29,54,190,237.00,"45,030.00"
2019-04-10,2019041001005555,MBL,32,54,200,239.00,"47,800.00"
2019-04-10,2019041001005536,MBL,13,54,150,239.00,"35,850.00"
2019-04-10,2019041001005513,MBL,19,54,500,239.00,"119,500.00"
2019-04-10,2019041001005512,MBL,33,54,200,239.00,"47,800.00"
2019-04-10,2019041001005973,MEGA,48,34,10,170.00,"1,700.00"
2019-04-10,2019041001005905,MEGA,49,58,100,169.00,"16,900.00"
2019-04-10,2019041001005904,MEGA,22,58,100,169.00,"16,900.00"
2019-04-10,2019041001005903,MEGA,7,58,100,169.00,"16,900.00"
2019-04-10,2019041001005888,MEGA,7,57,100,169.00,"16,900.00"
2019-04-10,2019041001005873,MEGA,7,57,50,169.00,"8,450.00"
2019-04-10,2019041001005747,MEGA,7,57,200,169.00,"33,800.00"
2019-04-10,2019041001005713,MEGA,7,57,50,169.00,"8,450.00"
2019-04-10,2019041001005637,MEGA,57,34,50,170.00,"8,500.00"
2019-04-10,2019041001005611,MEGA,49,34,"1,000",170.00,"170,000.00"
2019-04-10,2019041001005730,MLBL,33,49,50,172.00,"8,600.00"
2019-04-10,2019041001005898,MNBBL,35,51,50,355.00,"17,750.00"
2019-04-10,2019041001005649,MNBBL,33,32,60,354.00,"21,240.00"
2019-04-10,2019041001005628,MNBBL,35,51,27,355.00,"9,585.00"
2019-04-10,2019041001005607,MNBBL,35,17,182,355.00,"64,610.00"
2019-04-10,2019041001005537,MNBBL,35,32,200,356.00,"71,200.00"
2019-04-10,2019041001005820,MNBBLP,39,58,"25,000",204.00,"5,100,000.00"
2019-04-10,2019041001005668,MNBBLP,58,39,"25,000",204.00,"5,100,000.00"
2019-04-10,2019041001005777,MSMBS,26,41,"1,000",520.00,"520,000.00"
2019-04-10,2019041001005623,MSMBS,34,8,11,529.00,"5,819.00"
2019-04-10,2019041001005613,MSMBS,34,8,11,528.00,"5,808.00"
2019-04-10,2019041001005612,MSMBS,34,22,40,527.00,"21,080.00"
2019-04-10,2019041001005969,NABIL,1,19,26,740.00,"19,240.00"
2019-04-10,2019041001005968,NABIL,40,19,50,741.00,"37,050.00"
2019-04-10,2019041001005942,NABIL,5,7,15,743.00,"11,145.00"
2019-04-10,2019041001005928,NABIL,40,16,450,741.00,"333,450.00"
2019-04-10,2019041001005877,NABIL,40,3,500,741.00,"370,500.00"
2019-04-10,2019041001005754,NABIL,1,34,50,740.00,"37,000.00"
2019-04-10,2019041001005605,NABIL,5,7,30,743.00,"22,290.00"
2019-04-10,2019041001005543,NABIL,35,3,120,740.00,"88,800.00"
2019-04-10,2019041001005542,NABIL,49,3,100,741.00,"74,100.00"
2019-04-10,2019041001005541,NABIL,13,3,50,741.00,"37,050.00"
2019-04-10,2019041001005540,NABIL,49,3,30,741.00,"22,230.00"
2019-04-10,2019041001005782,NABILP,44,47,529,716.00,"378,764.00"
2019-04-10,2019041001005739,NABILP,44,21,101,716.00,"72,316.00"
2019-04-10,2019041001005670,NABILP,44,8,"1,000",716.00,"716,000.00"
2019-04-10,2019041001005823,NADEP,14,42,50,665.00,"33,250.00"
2019-04-10,2019041001005500,NADEP,25,39,300,674.00,"202,200.00"
2019-04-10,2019041001005890,NBB,7,39,200,211.00,"42,200.00"
2019-04-10,2019041001005748,NBB,7,14,270,211.00,"56,970.00"
2019-04-10,2019041001005738,NBB,7,14,200,211.00,"42,200.00"
2019-04-10,2019041001005737,NBB,52,14,740,211.00,"156,140.00"
2019-04-10,2019041001005731,NBB,52,49,60,211.00,"12,660.00"
2019-04-10,2019041001005706,NBB,6,41,100,212.00,"21,200.00"
2019-04-10,2019041001005687,NBB,49,41,500,212.00,"106,000.00"
2019-04-10,2019041001005686,NBB,49,17,200,212.00,"42,400.00"
2019-04-10,2019041001005685,NBB,49,33,300,212.00,"63,600.00"
2019-04-10,2019041001005684,NBB,52,49,200,211.00,"42,200.00"
2019-04-10,2019041001005487,NBB,25,43,500,211.00,"105,500.00"
2019-04-10,2019041001005486,NBB,25,14,300,211.00,"63,300.00"
2019-04-10,2019041001005964,NBL,33,34,50,298.00,"14,900.00"
2019-04-10,2019041001005895,NBL,4,52,400,297.00,"118,800.00"
2019-04-10,2019041001005894,NBL,53,52,100,297.00,"29,700.00"
2019-04-10,2019041001005865,NBL,53,17,50,297.00,"14,850.00"
2019-04-10,2019041001005864,NBL,7,17,950,297.00,"282,150.00"
2019-04-10,2019041001005753,NBL,7,14,50,297.00,"14,850.00"
2019-04-10,2019041001005752,NBL,34,14,200,297.00,"59,400.00"
2019-04-10,2019041001005751,NBL,44,14,150,297.00,"44,550.00"
2019-04-10,2019041001005712,NBL,7,34,925,298.00,"275,650.00"
2019-04-10,2019041001005711,NBL,7,36,75,298.00,"22,350.00"
2019-04-10,2019041001005633,NBL,44,6,150,297.00,"44,550.00"
2019-04-10,2019041001005945,NCCB,32,44,192,226.00,"43,392.00"
2019-04-10,2019041001005944,NCCB,32,11,50,226.00,"11,300.00"
2019-04-10,2019041001005943,NCCB,32,34,318,226.00,"71,868.00"
2019-04-10,2019041001005927,NCCB,33,34,50,226.00,"11,300.00"
2019-04-10,2019041001005729,NCCB,32,42,100,225.00,"22,500.00"
2019-04-10,2019041001005548,NCDB,29,36,"1,000",145.00,"145,000.00"
2019-04-10,2019041001005958,NHPC,17,6,310,70.00,"21,700.00"
2019-04-10,2019041001005957,NHPC,22,6,300,70.00,"21,000.00"
2019-04-10,2019041001005956,NHPC,51,6,"1,000",70.00,"70,000.00"
2019-04-10,2019041001005955,NHPC,40,6,590,70.00,"41,300.00"
2019-04-10,2019041001005578,NHPC,6,39,"1,000",71.00,"71,000.00"
2019-04-10,2019041001005960,NIB,29,53,100,550.00,"55,000.00"
2019-04-10,2019041001005931,NIB,33,59,19,549.00,"10,431.00"
2019-04-10,2019041001005620,NIB,42,53,20,550.00,"11,000.00"
2019-04-10,2019041001005597,NIB,39,53,100,550.00,"55,000.00"
2019-04-10,2019041001005594,NIB,29,53,60,550.00,"33,000.00"
2019-04-10,2019041001005580,NIB,49,53,50,550.00,"27,500.00"
2019-04-10,2019041001005505,NIB,20,53,100,550.00,"55,000.00"
2019-04-10,2019041001005967,NICA,41,43,98,466.00,"45,668.00"
2019-04-10,2019041001005948,NICA,37,39,168,464.00,"77,952.00"
2019-04-10,2019041001005947,NICA,25,39,71,464.00,"32,944.00"
2019-04-10,2019041001005912,NICA,25,40,100,464.00,"46,400.00"
2019-04-10,2019041001005872,NICA,25,17,29,464.00,"13,456.00"
2019-04-10,2019041001005871,NICA,57,17,62,464.00,"28,768.00"
2019-04-10,2019041001005488,NICA,14,34,100,465.00,"46,500.00"
2019-04-10,2019041001005480,NICA,14,48,58,465.00,"26,970.00"
2019-04-10,2019041001005479,NICA,58,48,200,465.00,"93,000.00"
2019-04-10,2019041001005478,NICA,51,48,700,465.00,"325,500.00"
2019-04-10,2019041001005477,NICA,41,48,300,465.00,"139,500.00"
2019-04-10,2019041001005476,NICA,45,48,19,465.00,"8,835.00"
2019-04-10,2019041001005645,NICA,16,51,62,464.00,"28,768.00"
2019-04-10,2019041001005593,NICA,16,34,402,464.00,"186,528.00"
2019-04-10,2019041001005572,NICA,35,22,20,465.00,"9,300.00"
2019-04-10,2019041001005571,NICA,14,22,15,465.00,"6,975.00"
2019-04-10,2019041001005565,NICA,14,45,41,465.00,"19,065.00"
2019-04-10,2019041001005499,NICA,14,39,37,465.00,"17,205.00"
2019-04-10,2019041001005834,NICA,37,33,565,465.00,"262,725.00"
2019-04-10,2019041001005825,NICA,16,33,435,465.00,"202,275.00"
2019-04-10,2019041001005824,NICA,16,22,15,465.00,"6,975.00"
2019-04-10,2019041001005749,NICA,34,22,200,465.00,"93,000.00"
2019-04-10,2019041001005657,NICA,6,22,50,465.00,"23,250.00"
2019-04-10,2019041001005646,NICA,57,51,38,464.00,"17,632.00"
2019-04-10,2019041001005497,NICL,19,17,173,380.00,"65,740.00"
2019-04-10,2019041001005493,NICL,45,17,200,380.00,"76,000.00"
2019-04-10,2019041001005934,NIL,39,38,100,520.00,"52,000.00"
2019-04-10,2019041001005822,NIL,6,10,600,520.00,"312,000.00"
2019-04-10,2019041001005681,NIL,37,10,300,520.00,"156,000.00"
2019-04-10,2019041001005680,NIL,34,10,100,520.00,"52,000.00"
2019-04-10,2019041001005658,NIL,38,32,"1,000",521.00,"521,000.00"
2019-04-10,2019041001005630,NIL,38,38,"1,000",521.00,"521,000.00"
2019-04-10,2019041001005532,NIL,26,38,100,522.00,"52,200.00"
2019-04-10,2019041001005539,NLBBL,39,41,946,450.00,"425,700.00"
2019-04-10,2019041001005940,NLG,6,38,70,819.00,"57,330.00"
2019-04-10,2019041001005966,NLIC,14,44,50,"1,096.00","54,800.00"
2019-04-10,2019041001005965,NLIC,48,44,12,"1,096.00","13,152.00"
2019-04-10,2019041001005726,NLIC,48,5,88,"1,096.00","96,448.00"
2019-04-10,2019041001005725,NLIC,34,5,200,"1,096.00","219,200.00"
2019-04-10,2019041001005724,NLIC,40,5,100,"1,096.00","109,600.00"
2019-04-10,2019041001005723,NLIC,33,5,400,"1,096.00","438,400.00"
2019-04-10,2019041001005716,NLIC,39,5,50,"1,101.00","55,050.00"
2019-04-10,2019041001005610,NLIC,59,19,15,"1,104.00","16,560.00"
2019-04-10,2019041001005722,NLIC,57,5,41,"1,096.00","44,936.00"
2019-04-10,2019041001005721,NLIC,28,5,165,"1,097.00","181,005.00"
2019-04-10,2019041001005720,NLIC,16,5,500,"1,097.00","548,500.00"
2019-04-10,2019041001005719,NLIC,41,5,200,"1,098.00","219,600.00"
2019-04-10,2019041001005718,NLIC,22,5,100,"1,100.00","110,000.00"
2019-04-10,2019041001005717,NLIC,54,5,16,"1,100.00","17,600.00"
2019-04-10,2019041001005954,NLICL,19,49,57,585.00,"33,345.00"
2019-04-10,2019041001005953,NLICL,45,49,43,585.00,"25,155.00"
2019-04-10,2019041001005870,NLICL,19,35,55,590.00,"32,450.00"
2019-04-10,2019041001005839,NLICL,19,42,75,590.00,"44,250.00"
2019-04-10,2019041001005791,NLICL,53,44,170,592.00,"100,640.00"
2019-04-10,2019041001005790,NLICL,53,3,500,592.00,"296,000.00"
2019-04-10,2019041001005789,NLICL,53,3,100,591.00,"59,100.00"
2019-04-10,2019041001005788,NLICL,53,42,100,591.00,"59,100.00"
2019-04-10,2019041001005787,NLICL,53,45,50,590.00,"29,500.00"
2019-04-10,2019041001005786,NLICL,53,40,80,590.00,"47,200.00"
2019-04-10,2019041001005496,NLICL,34,3,157,590.00,"92,630.00"
2019-04-10,2019041001005933,NMB,58,39,10,355.00,"3,550.00"
2019-04-10,2019041001005704,NMB,44,47,577,354.00,"204,258.00"
2019-04-10,2019041001005703,NMB,39,47,100,355.00,"35,500.00"
2019-04-10,2019041001005702,NMB,22,47,148,355.00,"52,540.00"
2019-04-10,2019041001005701,NMB,36,47,175,355.00,"62,125.00"
2019-04-10,2019041001005601,NMB,44,51,300,357.00,"107,100.00"
2019-04-10,2019041001005569,NMB,52,51,352,357.00,"125,664.00"
2019-04-10,2019041001005568,NMB,52,16,"1,422",356.00,"506,232.00"
2019-04-10,2019041001005567,NMB,52,41,126,356.00,"44,856.00"
2019-04-10,2019041001005566,NMB,52,54,100,356.00,"35,600.00"
2019-04-10,2019041001005841,NNLB,58,49,50,428.00,"21,400.00"
2019-04-10,2019041001005840,NNLB,42,49,50,428.00,"21,400.00"
2019-04-10,2019041001005929,NSEWA,49,4,385,495.00,"190,575.00"
2019-04-10,2019041001005750,NSEWA,26,6,10,494.00,"4,940.00"
2019-04-10,2019041001005501,NUBL,45,34,50,760.00,"38,000.00"
2019-04-10,2019041001005896,OHL,48,56,10,448.00,"4,480.00"
2019-04-10,2019041001005553,PCBL,28,4,986,330.00,"325,380.00"
2019-04-10,2019041001005509,PCBL,43,4,14,332.00,"4,648.00"
2019-04-10,2019041001005849,PIC,48,5,125,"1,007.00","125,875.00"
2019-04-10,2019041001005848,PIC,52,5,50,"1,007.00","50,350.00"
2019-04-10,2019041001005847,PIC,55,5,30,"1,007.00","30,210.00"
2019-04-10,2019041001005846,PIC,53,5,100,"1,008.00","100,800.00"
2019-04-10,2019041001005845,PIC,43,5,50,"1,008.00","50,400.00"
2019-04-10,2019041001005844,PIC,56,5,28,"1,008.00","28,224.00"
2019-04-10,2019041001005843,PIC,40,5,89,"1,010.00","89,890.00"
2019-04-10,2019041001005618,PIC,40,32,11,"1,010.00","11,110.00"
2019-04-10,2019041001005606,PIC,58,35,10,"1,015.00","10,150.00"
2019-04-10,2019041001005530,PLIC,35,8,500,460.00,"230,000.00"
2019-04-10,2019041001005551,PMHPL,41,38,10,112.00,"1,120.00"
2019-04-10,2019041001005498,PMHPL,41,38,10,112.00,"1,120.00"
2019-04-10,2019041001005644,PRIN,53,41,40,420.00,"16,800.00"
2019-04-10,2019041001005941,PRVU,49,39,10,248.00,"2,480.00"
2019-04-10,2019041001005735,PRVU,39,47,665,247.00,"164,255.00"
2019-04-10,2019041001005734,PRVU,26,47,475,247.00,"117,325.00"
2019-04-10,2019041001005733,PRVU,25,47,300,248.00,"74,400.00"
2019-04-10,2019041001005732,PRVU,48,47,60,248.00,"14,880.00"
2019-04-10,2019041001005688,PRVU,48,21,40,248.00,"9,920.00"
2019-04-10,2019041001005667,PRVU,48,21,100,248.00,"24,800.00"
2019-04-10,2019041001005609,RADHI,37,45,11,168.00,"1,848.00"
2019-04-10,2019041001005608,RADHI,37,45,11,168.00,"1,848.00"
2019-04-10,2019041001005598,RADHI,41,38,11,167.00,"1,837.00"
2019-04-10,2019041001005963,RBCL,41,17,10,"9,205.00","92,050.00"
2019-04-10,2019041001005592,RHPC,7,57,32,94.00,"3,008.00"
2019-04-10,2019041001005591,RHPC,7,17,106,94.00,"9,964.00"
2019-04-10,2019041001005590,RHPC,7,6,56,94.00,"5,264.00"
2019-04-10,2019041001005961,RLFL,43,47,200,123.00,"24,600.00"
2019-04-10,2019041001005745,RMDC,41,21,500,551.00,"275,500.00"
2019-04-10,2019041001005744,RMDC,41,6,30,550.00,"16,500.00"
2019-04-10,2019041001005743,RMDC,41,26,125,550.00,"68,750.00"
2019-04-10,2019041001005742,RMDC,41,53,50,549.00,"27,450.00"
2019-04-10,2019041001005674,RRHP,56,38,10,93.00,930.00
2019-04-10,2019041001005642,RRHP,56,38,10,93.00,930.00
2019-04-10,2019041001005556,RRHP,47,38,10,94.00,940.00
2019-04-10,2019041001005531,RRHP,47,38,10,94.00,940.00
2019-04-10,2019041001005561,RSDC,45,40,300,365.00,"109,500.00"
2019-04-10,2019041001005560,RSDC,45,58,300,364.00,"109,200.00"
2019-04-10,2019041001005659,SADBL,48,49,50,144.00,"7,200.00"
2019-04-10,2019041001005557,SADBL,7,49,150,144.00,"21,600.00"
2019-04-10,2019041001005829,SANIMA,56,11,362,319.00,"115,478.00"
2019-04-10,2019041001005828,SANIMA,28,11,638,320.00,"204,160.00"
2019-04-10,2019041001005746,SBI,6,42,50,417.00,"20,850.00"
2019-04-10,2019041001005546,SBI,17,10,77,412.00,"31,724.00"
2019-04-10,2019041001005545,SBI,16,10,500,413.00,"206,500.00"
2019-04-10,2019041001005919,SBL,46,4,725,311.00,"225,475.00"
2019-04-10,2019041001005918,SBL,42,4,100,311.00,"31,100.00"
2019-04-10,2019041001005917,SBL,29,4,300,311.00,"93,300.00"
2019-04-10,2019041001005916,SBL,58,4,100,312.00,"31,200.00"
2019-04-10,2019041001005915,SBL,32,4,700,312.00,"218,400.00"
2019-04-10,2019041001005675,SBL,6,4,75,315.00,"23,625.00"
2019-04-10,2019041001005756,SCB,11,40,170,590.00,"100,300.00"
2019-04-10,2019041001005755,SCB,5,40,30,590.00,"17,700.00"
2019-04-10,2019041001005710,SFFIL,59,14,50,214.00,"10,700.00"
2019-04-10,2019041001005699,SFFIL,59,32,44,211.00,"9,284.00"
2019-04-10,2019041001005632,SHINE,38,20,173,229.00,"39,617.00"
2019-04-10,2019041001005631,SHINE,54,20,50,230.00,"11,500.00"
2019-04-10,2019041001005831,SHIVM,49,51,250,308.00,"77,000.00"
2019-04-10,2019041001005830,SHIVM,29,51,750,308.00,"231,000.00"
2019-04-10,2019041001005697,SHIVM,29,36,"1,250",308.00,"385,000.00"
2019-04-10,2019041001005696,SHIVM,45,36,60,308.00,"18,480.00"
2019-04-10,2019041001005695,SHIVM,57,36,500,308.00,"154,000.00"
2019-04-10,2019041001005694,SHIVM,32,36,30,308.00,"9,240.00"
2019-04-10,2019041001005522,SHIVM,43,55,50,311.00,"15,550.00"
2019-04-10,2019041001005521,SHIVM,43,55,50,311.00,"15,550.00"
2019-04-10,2019041001005520,SHIVM,43,28,150,311.00,"46,650.00"
2019-04-10,2019041001005519,SHIVM,43,39,500,310.00,"155,000.00"
2019-04-10,2019041001005518,SHIVM,43,36,500,310.00,"155,000.00"
2019-04-10,2019041001005517,SHIVM,43,36,890,309.00,"275,010.00"
2019-04-10,2019041001005693,SHIVM,32,36,50,308.00,"15,400.00"
2019-04-10,2019041001005692,SHIVM,58,36,10,308.00,"3,080.00"
2019-04-10,2019041001005691,SHIVM,33,36,"1,000",309.00,"309,000.00"
2019-04-10,2019041001005690,SHIVM,43,36,"1,000",309.00,"309,000.00"
2019-04-10,2019041001005689,SHIVM,46,36,100,309.00,"30,900.00"
2019-04-10,2019041001005972,SHPC,43,44,500,224.00,"112,000.00"
2019-04-10,2019041001005971,SHPC,25,44,500,224.00,"112,000.00"
2019-04-10,2019041001005970,SHPC,19,44,300,224.00,"67,200.00"
2019-04-10,2019041001005709,SHPC,21,36,200,225.00,"45,000.00"
2019-04-10,2019041001005951,SICL,6,40,100,891.00,"89,100.00"
2019-04-10,2019041001005897,SINDU,1,51,22,130.00,"2,860.00"
2019-04-10,2019041001005741,SKBBL,45,20,50,892.00,"44,600.00"
2019-04-10,2019041001005629,SKBBL,10,22,123,891.00,"109,593.00"
2019-04-10,2019041001005508,SKBBL,10,52,264,891.00,"235,224.00"
2019-04-10,2019041001005959,SLBSL,18,5,10,660.00,"6,600.00"
2019-04-10,2019041001005914,SLBSL,18,43,10,655.00,"6,550.00"
2019-04-10,2019041001005826,SMATA,28,58,19,"1,200.00","22,800.00"
2019-04-10,2019041001005883,SMB,59,14,15,590.00,"8,850.00"
2019-04-10,2019041001005882,SMB,59,14,15,590.00,"8,850.00"
2019-04-10,2019041001005526,SPDL,34,57,15,101.00,"1,515.00"
2019-04-10,2019041001005525,SPDL,34,57,15,101.00,"1,515.00"
2019-04-10,2019041001005524,SPDL,34,57,15,101.00,"1,515.00"
2019-04-10,2019041001005523,SPDL,34,33,10,100.00,"1,000.00"
2019-04-10,2019041001005889,SRBL,51,38,400,236.00,"94,400.00"
2019-04-10,2019041001005759,SRBL,51,11,600,236.00,"141,600.00"
2019-04-10,2019041001005758,SRBL,28,11,100,236.00,"23,600.00"
2019-04-10,2019041001005698,SRBL,28,6,150,236.00,"35,400.00"
2019-04-10,2019041001005544,SRBL,28,52,250,236.00,"59,000.00"
2019-04-10,2019041001005814,UIC,41,40,90,768.00,"69,120.00"
2019-04-10,2019041001005813,UIC,29,40,10,768.00,"7,680.00"
2019-04-10,2019041001005577,UPCL,17,34,50,94.00,"4,700.00"
2019-04-10,2019041001005576,UPCL,17,34,50,94.00,"4,700.00"
2019-04-10,2019041001005575,UPCL,17,34,50,94.00,"4,700.00"
2019-04-10,2019041001005574,UPCL,17,34,50,94.00,"4,700.00"
2019-04-10,2019041001005573,UPCL,17,34,40,94.00,"3,760.00"
2019-04-10,2019041001005950,UPPER,11,38,40,232.00,"9,280.00"
2019-04-10,2019041001005925,UPPER,11,38,40,232.00,"9,280.00"
2019-04-10,2019041001005892,UPPER,11,38,40,232.00,"9,280.00"
2019-04-10,2019041001005879,UPPER,11,38,40,232.00,"9,280.00"
2019-04-10,2019041001005855,UPPER,11,38,40,232.00,"9,280.00"
2019-04-10,2019041001005504,UPPER,11,38,40,232.00,"9,280.00"
2019-04-10,2019041001005489,UPPER,11,38,40,232.00,"9,280.00"
2019-04-10,2019041001005554,UPPER,51,38,40,233.00,"9,320.00"
2019-04-10,2019041001005550,UPPER,51,11,148,233.00,"34,484.00"
2019-04-10,2019041001005549,UPPER,11,38,40,232.00,"9,280.00"
2019-04-10,2019041001005534,UPPER,11,38,40,232.00,"9,280.00"
2019-04-10,2019041001005528,UPPER,11,6,40,232.00,"9,280.00"
2019-04-10,2019041001005514,UPPER,11,38,40,232.00,"9,280.00"
2019-04-10,2019041001005619,UPPER,38,38,40,233.00,"9,320.00"
2019-04-10,2019041001005604,UPPER,38,38,40,233.00,"9,320.00"
2019-04-10,2019041001005602,UPPER,38,38,40,233.00,"9,320.00"
2019-04-10,2019041001005581,UPPER,38,38,40,233.00,"9,320.00"
2019-04-10,2019041001005579,UPPER,38,38,28,233.00,"6,524.00"
2019-04-10,2019041001005562,UPPER,51,38,12,233.00,"2,796.00"
2019-04-10,2019041001005660,UPPER,11,38,40,232.00,"9,280.00"
2019-04-10,2019041001005656,UPPER,38,52,12,233.00,"2,796.00"
2019-04-10,2019041001005655,UPPER,48,52,420,233.00,"97,860.00"
2019-04-10,2019041001005643,UPPER,48,38,40,233.00,"9,320.00"
2019-04-10,2019041001005627,UPPER,48,38,40,233.00,"9,320.00"
2019-04-10,2019041001005812,UPPER,11,6,50,232.00,"11,600.00"
2019-04-10,2019041001005792,UPPER,11,38,40,232.00,"9,280.00"
2019-04-10,2019041001005760,UPPER,11,38,40,232.00,"9,280.00"
2019-04-10,2019041001005740,UPPER,11,38,40,232.00,"9,280.00"
2019-04-10,2019041001005708,UPPER,11,51,10,232.00,"2,320.00"
2019-04-10,2019041001005683,UPPER,11,38,40,232.00,"9,280.00"
2019-04-10,2019041001005622,VLBS,41,6,12,646.00,"7,752.00"
2019-04-10,2019041001005117,ADBL,46,32,100,314.00,"31,400.00"
2019-04-10,2019041001005116,ADBL,46,48,185,314.00,"58,090.00"
2019-04-10,2019041001005115,ADBL,46,34,307,314.00,"96,398.00"
2019-04-10,2019041001005114,ADBL,46,43,150,314.00,"47,100.00"
2019-04-10,2019041001005113,ADBL,46,47,183,314.00,"57,462.00"
2019-04-10,2019041001005112,ADBL,46,47,130,314.00,"40,820.00"
2019-04-10,2019041001004998,ADBL,46,45,50,313.00,"15,650.00"
2019-04-10,2019041001004997,ADBL,48,45,50,313.00,"15,650.00"
2019-04-10,2019041001005245,AKPL,26,41,10,174.00,"1,740.00"
2019-04-10,2019041001004994,AKPL,53,53,10,177.00,"1,770.00"
2019-04-10,2019041001005224,ALBSL,59,38,10,468.00,"4,680.00"
2019-04-10,2019041001005174,ALBSL,59,44,10,468.00,"4,680.00"
2019-04-10,2019041001005153,ALBSL,25,44,10,468.00,"4,680.00"
2019-04-10,2019041001005142,ALBSL,25,44,10,468.00,"4,680.00"
2019-04-10,2019041001005098,ALBSL,25,44,10,468.00,"4,680.00"
2019-04-10,2019041001004977,ALBSL,1,38,10,469.00,"4,690.00"
2019-04-10,2019041001005071,ALBSL,25,44,10,468.00,"4,680.00"
2019-04-10,2019041001005028,ALBSL,47,44,10,469.00,"4,690.00"
2019-04-10,2019041001005010,ALBSL,25,38,10,468.00,"4,680.00"
2019-04-10,2019041001004989,ALBSL,25,38,10,468.00,"4,680.00"
2019-04-10,2019041001004985,ALBSL,1,38,10,469.00,"4,690.00"
2019-04-10,2019041001005085,BARUN,39,14,300,94.00,"28,200.00"
2019-04-10,2019041001005376,BOKL,58,34,11,265.00,"2,915.00"
2019-04-10,2019041001005284,BOKL,58,39,200,263.00,"52,600.00"
2019-04-10,2019041001005283,BOKL,58,1,90,263.00,"23,670.00"
2019-04-10,2019041001005021,BOKL,43,8,"1,000",262.00,"262,000.00"
2019-04-10,2019041001005020,BOKL,43,13,200,262.00,"52,400.00"
2019-04-10,2019041001005019,BOKL,43,44,"2,000",262.00,"524,000.00"
2019-04-10,2019041001005018,BOKL,43,32,200,262.00,"52,400.00"
2019-04-10,2019041001005183,BPCL,8,21,22,358.00,"7,876.00"
2019-04-10,2019041001005219,CBBL,57,28,25,900.00,"22,500.00"
2019-04-10,2019041001005223,CBL,43,48,122,163.00,"19,886.00"
2019-04-10,2019041001005199,CBL,43,26,500,163.00,"81,500.00"
2019-04-10,2019041001005198,CBL,43,19,300,163.00,"48,900.00"
2019-04-10,2019041001005197,CBL,43,28,"1,000",163.00,"163,000.00"
2019-04-10,2019041001005196,CBL,43,55,284,163.00,"46,292.00"
2019-04-10,2019041001005195,CBL,43,32,200,163.00,"32,600.00"
2019-04-10,2019041001005188,CBL,43,17,426,162.00,"69,012.00"
2019-04-10,2019041001005187,CBL,43,57,317,162.00,"51,354.00"
2019-04-10,2019041001005194,CBL,43,53,"2,000",163.00,"326,000.00"
2019-04-10,2019041001005193,CBL,43,52,40,163.00,"6,520.00"
2019-04-10,2019041001005192,CBL,43,17,426,162.00,"69,012.00"
2019-04-10,2019041001005191,CBL,43,21,85,162.00,"13,770.00"
2019-04-10,2019041001005190,CBL,43,58,100,162.00,"16,200.00"
2019-04-10,2019041001005189,CBL,43,6,500,162.00,"81,000.00"
2019-04-10,2019041001005382,CCBL,25,45,"2,000",172.00,"344,000.00"
2019-04-10,2019041001005294,CCBL,44,28,200,171.00,"34,200.00"
2019-04-10,2019041001005222,CCBL,34,34,6,170.00,"1,020.00"
2019-04-10,2019041001005215,CCBL,44,51,20,171.00,"3,420.00"
2019-04-10,2019041001005025,CFCL,43,55,45,108.00,"4,860.00"
2019-04-10,2019041001005319,CHCL,52,33,28,503.00,"14,084.00"
2019-04-10,2019041001005024,CHCL,33,13,99,505.00,"49,995.00"
2019-04-10,2019041001005214,CHL,13,29,10,101.00,"1,010.00"
2019-04-10,2019041001005286,CHLBS,26,40,90,487.00,"43,830.00"
2019-04-10,2019041001005268,CHLBS,58,40,30,488.00,"14,640.00"
2019-04-10,2019041001005244,CHLBS,3,40,200,489.00,"97,800.00"
2019-04-10,2019041001005136,CHLBS,48,46,10,490.00,"4,900.00"
2019-04-10,2019041001005130,CLBSL,1,8,10,569.00,"5,690.00"
2019-04-10,2019041001005086,CLBSL,1,8,10,569.00,"5,690.00"
2019-04-10,2019041001005267,CZBIL,43,40,103,225.00,"23,175.00"
2019-04-10,2019041001005238,CZBIL,43,56,20,225.00,"4,500.00"
2019-04-10,2019041001005237,CZBIL,43,25,500,225.00,"112,500.00"
2019-04-10,2019041001005236,CZBIL,43,49,200,225.00,"45,000.00"
2019-04-10,2019041001005235,CZBIL,43,13,500,225.00,"112,500.00"
2019-04-10,2019041001005234,CZBIL,43,38,500,224.00,"112,000.00"
2019-04-10,2019041001005163,CZBIL,42,58,"1,836",222.00,"407,592.00"
2019-04-10,2019041001005143,CZBIL,42,57,10,222.00,"2,220.00"
2019-04-10,2019041001005233,CZBIL,43,45,200,224.00,"44,800.00"
2019-04-10,2019041001005232,CZBIL,43,56,10,224.00,"2,240.00"
2019-04-10,2019041001005231,CZBIL,43,40,79,223.00,"17,617.00"
2019-04-10,2019041001005230,CZBIL,43,40,78,223.00,"17,394.00"
2019-04-10,2019041001005229,CZBIL,43,8,10,223.00,"2,230.00"
2019-04-10,2019041001005164,CZBIL,52,58,164,222.00,"36,408.00"
2019-04-10,2019041001005346,DDBL,25,59,200,599.00,"119,800.00"
2019-04-10,2019041001005345,DDBL,25,39,110,598.00,"65,780.00"
2019-04-10,2019041001005344,DDBL,25,48,48,597.00,"28,656.00"
2019-04-10,2019041001005243,DDBL,16,14,50,597.00,"29,850.00"
2019-04-10,2019041001005070,DDBL,35,59,200,593.00,"118,600.00"
2019-04-10,2019041001005186,EBL,7,32,280,603.00,"168,840.00"
2019-04-10,2019041001005135,EBL,35,32,100,603.00,"60,300.00"
2019-04-10,2019041001005134,EBL,56,32,150,603.00,"90,450.00"
2019-04-10,2019041001005133,EBL,45,32,20,604.00,"12,080.00"
2019-04-10,2019041001005132,EBL,56,16,200,605.00,"121,000.00"
2019-04-10,2019041001005036,EBL,35,41,100,605.00,"60,500.00"
2019-04-10,2019041001005415,EIC,51,28,50,867.00,"43,350.00"
2019-04-10,2019041001005414,EIC,51,3,12,864.00,"10,368.00"
2019-04-10,2019041001005321,EIC,51,34,400,855.00,"342,000.00"
2019-04-10,2019041001005206,EIC,5,3,13,864.00,"11,232.00"
2019-04-10,2019041001005451,FMDBL,42,49,100,382.00,"38,200.00"
2019-04-10,2019041001005450,FMDBL,42,46,150,382.00,"57,300.00"
2019-04-10,2019041001005449,FMDBL,42,17,100,382.00,"38,200.00"
2019-04-10,2019041001005448,FMDBL,42,40,100,380.00,"38,000.00"
2019-04-10,2019041001005447,FMDBL,42,22,100,380.00,"38,000.00"
2019-04-10,2019041001005446,FMDBL,42,22,100,379.00,"37,900.00"
2019-04-10,2019041001005353,GBBL,54,58,98,195.00,"19,110.00"
2019-04-10,2019041001005352,GBBL,54,52,100,195.00,"19,500.00"
2019-04-10,2019041001005176,GBBL,54,35,400,194.00,"77,600.00"
2019-04-10,2019041001005171,GBBL,48,35,100,194.00,"19,400.00"
2019-04-10,2019041001005148,GBBL,48,49,200,194.00,"38,800.00"
2019-04-10,2019041001005275,GBIME,43,32,500,276.00,"138,000.00"
2019-04-10,2019041001005274,GBIME,43,13,500,276.00,"138,000.00"
2019-04-10,2019041001005273,GBIME,43,46,100,276.00,"27,600.00"
2019-04-10,2019041001005272,GBIME,43,52,500,276.00,"138,000.00"
2019-04-10,2019041001005271,GBIME,43,16,"2,000",275.00,"550,000.00"
2019-04-10,2019041001005057,GBIME,43,42,199,275.00,"54,725.00"
2019-04-10,2019041001005049,GBIME,42,4,500,272.00,"136,000.00"
2019-04-10,2019041001005048,GBIME,17,4,500,272.00,"136,000.00"
2019-04-10,2019041001005047,GBIME,7,4,"3,407",272.00,"926,704.00"
2019-04-10,2019041001005056,GBIME,43,55,"2,000",275.00,"550,000.00"
2019-04-10,2019041001005055,GBIME,43,48,217,275.00,"59,675.00"
2019-04-10,2019041001005054,GBIME,43,52,315,274.00,"86,310.00"
2019-04-10,2019041001005053,GBIME,43,4,"2,000",274.00,"548,000.00"
2019-04-10,2019041001005052,GBIME,43,29,269,274.00,"73,706.00"
2019-04-10,2019041001005050,GBIME,42,4,93,272.00,"25,296.00"
2019-04-10,2019041001005423,GBLBS,13,32,108,442.00,"47,736.00"
2019-04-10,2019041001005419,GBLBS,25,32,159,443.00,"70,437.00"
2019-04-10,2019041001005384,GBLBS,25,32,131,443.00,"58,033.00"
2019-04-10,2019041001005383,GBLBS,48,32,140,444.00,"62,160.00"
2019-04-10,2019041001005317,GBLBS,34,32,790,445.00,"351,550.00"
2019-04-10,2019041001005316,GBLBS,1,32,58,446.00,"25,868.00"
2019-04-10,2019041001005063,GBLBS,41,48,40,445.00,"17,800.00"
2019-04-10,2019041001005062,GBLBS,13,48,40,445.00,"17,800.00"
2019-04-10,2019041001005278,GBLBS,42,7,"1,054",447.00,"471,138.00"
2019-04-10,2019041001005277,GBLBS,42,39,40,447.00,"17,880.00"
2019-04-10,2019041001005067,GBLBS,48,48,260,444.00,"115,440.00"
2019-04-10,2019041001005066,GBLBS,16,48,40,444.00,"17,760.00"
2019-04-10,2019041001005065,GBLBS,25,48,20,444.00,"8,880.00"
2019-04-10,2019041001005064,GBLBS,26,48,100,445.00,"44,500.00"
2019-04-10,2019041001005438,GDBL,33,56,20,188.00,"3,760.00"
2019-04-10,2019041001005276,GDBL,49,32,"1,050",189.00,"198,450.00"
2019-04-10,2019041001005008,GDBL,25,32,50,190.00,"9,500.00"
2019-04-10,2019041001005095,GDBL,33,48,305,188.00,"57,340.00"
2019-04-10,2019041001005402,GLICL,5,29,100,520.00,"52,000.00"
2019-04-10,2019041001005034,GUFL,52,49,10,116.00,"1,160.00"
2019-04-10,2019041001005069,HDL,50,17,20,"1,350.00","27,000.00"
2019-04-10,2019041001005377,HGI,45,49,30,389.00,"11,670.00"
2019-04-10,2019041001005225,HGI,49,54,15,390.00,"5,850.00"
2019-04-10,2019041001005427,HIDCL,17,57,10,138.00,"1,380.00"
2019-04-10,2019041001005293,HIDCL,32,29,"2,200",137.00,"301,400.00"
2019-04-10,2019041001005292,HIDCL,32,39,500,137.00,"68,500.00"
2019-04-10,2019041001005291,HIDCL,32,47,250,136.00,"34,000.00"
2019-04-10,2019041001005290,HIDCL,32,42,100,136.00,"13,600.00"
2019-04-10,2019041001005289,HIDCL,32,44,289,136.00,"39,304.00"
2019-04-10,2019041001005288,HIDCL,32,6,56,136.00,"7,616.00"
2019-04-10,2019041001005287,HIDCL,32,1,414,136.00,"56,304.00"
2019-04-10,2019041001005138,HIDCL,5,1,28,136.00,"3,808.00"
2019-04-10,2019041001005420,ICFC,39,29,129,153.00,"19,737.00"
2019-04-10,2019041001005339,ICFC,4,33,16,152.00,"2,432.00"
2019-04-10,2019041001005404,IGI,7,8,250,400.00,"100,000.00"
2019-04-10,2019041001005455,JBNL,6,32,90,183.00,"16,470.00"
2019-04-10,2019041001005314,JBNL,54,32,22,183.00,"4,026.00"
2019-04-10,2019041001005388,KBBL,49,51,676,213.00,"143,988.00"
2019-04-10,2019041001005246,KBBL,49,17,324,213.00,"69,012.00"
2019-04-10,2019041001005409,KBL,38,10,"1,632",259.00,"422,688.00"
2019-04-10,2019041001005374,KBL,19,48,900,259.00,"233,100.00"
2019-04-10,2019041001005373,KBL,52,48,200,259.00,"51,800.00"
2019-04-10,2019041001005370,KBL,6,48,500,259.00,"129,500.00"
2019-04-10,2019041001005368,KBL,28,48,200,259.00,"51,800.00"
2019-04-10,2019041001005351,KBL,32,48,200,259.00,"51,800.00"
2019-04-10,2019041001005000,KBL,19,39,529,259.00,"137,011.00"
2019-04-10,2019041001004990,KBL,49,56,100,260.00,"26,000.00"
2019-04-10,2019041001005006,KBL,42,39,250,259.00,"64,750.00"
2019-04-10,2019041001005005,KBL,21,39,33,259.00,"8,547.00"
2019-04-10,2019041001005004,KBL,21,39,118,259.00,"30,562.00"
2019-04-10,2019041001005003,KBL,34,39,80,259.00,"20,720.00"
2019-04-10,2019041001005002,KBL,18,39,250,259.00,"64,750.00"
2019-04-10,2019041001005001,KBL,57,39,200,259.00,"51,800.00"
2019-04-10,2019041001005084,KBL,1,39,500,259.00,"129,500.00"
2019-04-10,2019041001005060,KBL,11,39,100,259.00,"25,900.00"
2019-04-10,2019041001005059,KBL,56,39,300,259.00,"77,700.00"
2019-04-10,2019041001005033,KBL,26,36,85,258.00,"21,930.00"
2019-04-10,2019041001005032,KBL,25,36,75,258.00,"19,350.00"
2019-04-10,2019041001005031,KBL,1,36,440,258.00,"113,520.00"
2019-04-10,2019041001005202,KBL,19,14,750,259.00,"194,250.00"
2019-04-10,2019041001005201,KBL,19,39,733,259.00,"189,847.00"
2019-04-10,2019041001005175,KBL,21,39,250,259.00,"64,750.00"
2019-04-10,2019041001005170,KBL,14,39,400,259.00,"103,600.00"
2019-04-10,2019041001005162,KBL,29,39,50,259.00,"12,950.00"
2019-04-10,2019041001005099,KBL,1,39,500,259.00,"129,500.00"
2019-04-10,2019041001005343,KBL,19,48,"1,845",259.00,"477,855.00"
2019-04-10,2019041001005323,KBL,41,48,155,259.00,"40,145.00"
2019-04-10,2019041001005270,KBL,46,48,"1,000",259.00,"259,000.00"
2019-04-10,2019041001005269,KBL,46,56,"1,000",259.00,"259,000.00"
2019-04-10,2019041001005264,KBL,14,56,"1,000",259.00,"259,000.00"
2019-04-10,2019041001005207,KBL,26,56,500,260.00,"130,000.00"
2019-04-10,2019041001005442,KMFL,34,35,90,815.00,"73,350.00"
2019-04-10,2019041001005089,KMFL,10,35,10,815.00,"8,150.00"
2019-04-10,2019041001005228,KPCL,13,58,10,92.00,920.00
2019-04-10,2019041001005227,KPCL,13,58,10,92.00,920.00
2019-04-10,2019041001005403,KPCL,50,42,10,92.00,920.00
2019-04-10,2019041001005445,LBL,21,34,200,207.00,"41,400.00"
2019-04-10,2019041001005318,LGIL,45,22,200,515.00,"103,000.00"
2019-04-10,2019041001005436,LICN,34,33,312,"1,537.00","479,544.00"
2019-04-10,2019041001005433,MBL,52,54,200,240.00,"48,000.00"
2019-04-10,2019041001005371,MBL,38,25,500,240.00,"120,000.00"
2019-04-10,2019041001005119,MBL,28,25,500,240.00,"120,000.00"
2019-04-10,2019041001005097,MBL,44,25,375,239.00,"89,625.00"
2019-04-10,2019041001005038,MBL,44,17,125,239.00,"29,875.00"
2019-04-10,2019041001005037,MBL,34,17,100,239.00,"23,900.00"
2019-04-10,2019041001005297,MDB,17,33,45,235.00,"10,575.00"
2019-04-10,2019041001005279,MDB,25,33,20,235.00,"4,700.00"
2019-04-10,2019041001005474,MEGA,21,34,"1,523",170.00,"258,910.00"
2019-04-10,2019041001005262,MEGA,34,53,233,170.00,"39,610.00"
2019-04-10,2019041001005261,MEGA,34,45,50,170.00,"8,500.00"
2019-04-10,2019041001005260,MEGA,34,52,500,170.00,"85,000.00"
2019-04-10,2019041001005259,MEGA,34,50,54,170.00,"9,180.00"
2019-04-10,2019041001005258,MEGA,34,20,52,170.00,"8,840.00"
2019-04-10,2019041001005257,MEGA,34,20,"2,375",170.00,"403,750.00"
2019-04-10,2019041001005256,MEGA,34,57,"1,958",170.00,"332,860.00"
2019-04-10,2019041001005017,MERO,57,40,200,557.00,"111,400.00"
2019-04-10,2019041001005242,MFIL,52,25,223,113.00,"25,199.00"
2019-04-10,2019041001005241,MFIL,55,25,207,113.00,"23,391.00"
2019-04-10,2019041001005123,MFIL,55,51,293,113.00,"33,109.00"
2019-04-10,2019041001005285,NABIL,5,7,10,743.00,"7,430.00"
2019-04-10,2019041001005041,NABIL,18,7,50,743.00,"37,150.00"
2019-04-10,2019041001005381,NABILP,59,10,78,719.00,"56,082.00"
2019-04-10,2019041001005380,NABILP,59,39,200,719.00,"143,800.00"
2019-04-10,2019041001005120,NADEP,29,5,100,673.00,"67,300.00"
2019-04-10,2019041001005456,NBL,41,36,100,298.00,"29,800.00"
2019-04-10,2019041001005094,NBL,38,36,30,298.00,"8,940.00"
2019-04-10,2019041001005093,NBL,29,36,85,298.00,"25,330.00"
2019-04-10,2019041001005088,NBL,1,49,"1,000",299.00,"299,000.00"
2019-04-10,2019041001005087,NBL,1,6,100,299.00,"29,900.00"
2019-04-10,2019041001004991,NBL,14,6,800,299.00,"239,200.00"
2019-04-10,2019041001005463,NCCB,32,35,"2,000",225.00,"450,000.00"
2019-04-10,2019041001005386,NCCB,36,34,"2,400",225.00,"540,000.00"
2019-04-10,2019041001005385,NCCB,36,1,"1,296",225.00,"291,600.00"
2019-04-10,2019041001005349,NCCB,22,34,200,225.00,"45,000.00"
2019-04-10,2019041001005300,NCCB,39,34,200,225.00,"45,000.00"
2019-04-10,2019041001005299,NCCB,58,34,200,225.00,"45,000.00"
2019-04-10,2019041001005127,NCCB,43,38,"1,000",226.00,"226,000.00"
2019-04-10,2019041001005126,NCCB,43,48,618,226.00,"139,668.00"
2019-04-10,2019041001005125,NCCB,43,29,300,226.00,"67,800.00"
2019-04-10,2019041001005124,NCCB,43,51,950,225.00,"213,750.00"
2019-04-10,2019041001005068,NCCB,45,51,50,225.00,"11,250.00"
2019-04-10,2019041001005205,NCCB,58,35,800,225.00,"180,000.00"
2019-04-10,2019041001005204,NCCB,32,35,200,225.00,"45,000.00"
2019-04-10,2019041001005165,NCCB,32,50,800,225.00,"180,000.00"
2019-04-10,2019041001005155,NCCB,1,50,200,225.00,"45,000.00"
2019-04-10,2019041001005129,NCCB,43,34,"1,632",226.00,"368,832.00"
2019-04-10,2019041001005128,NCCB,43,56,500,226.00,"113,000.00"
2019-04-10,2019041001005302,NCDB,43,49,555,144.00,"79,920.00"
2019-04-10,2019041001005301,NCDB,43,21,100,143.00,"14,300.00"
2019-04-10,2019041001005173,NCDB,26,50,494,142.00,"70,148.00"
2019-04-10,2019041001005074,NCDB,46,50,700,142.00,"99,400.00"
2019-04-10,2019041001005073,NCDB,46,26,300,141.00,"42,300.00"
2019-04-10,2019041001004988,NCDB,52,6,38,140.00,"5,320.00"
2019-04-10,2019041001004987,NCDB,52,26,300,140.00,"42,000.00"
2019-04-10,2019041001005042,NGPL,25,39,125,122.00,"15,250.00"
2019-04-10,2019041001005461,NICA,49,43,100,466.00,"46,600.00"
2019-04-10,2019041001005413,NICA,14,29,200,466.00,"93,200.00"
2019-04-10,2019041001005412,NICA,14,56,49,466.00,"22,834.00"
2019-04-10,2019041001005367,NICA,55,56,226,466.00,"105,316.00"
2019-04-10,2019041001005313,NICA,55,56,"1,000",466.00,"466,000.00"
2019-04-10,2019041001005213,NICA,58,1,500,467.00,"233,500.00"
2019-04-10,2019041001005106,NICA,16,56,50,467.00,"23,350.00"
2019-04-10,2019041001005044,NICA,58,56,100,468.00,"46,800.00"
2019-04-10,2019041001005043,NICA,44,56,125,468.00,"58,500.00"
2019-04-10,2019041001004986,NICA,52,34,80,469.00,"37,520.00"
2019-04-10,2019041001005212,NICA,38,1,30,467.00,"14,010.00"
2019-04-10,2019041001005200,NICA,38,40,20,467.00,"9,340.00"
2019-04-10,2019041001005168,NICA,44,56,225,468.00,"105,300.00"
2019-04-10,2019041001005167,NICA,44,43,500,468.00,"234,000.00"
2019-04-10,2019041001005166,NICA,44,56,275,468.00,"128,700.00"
2019-04-10,2019041001005107,NICA,38,56,"1,950",467.00,"910,650.00"
2019-04-10,2019041001005401,NICL,42,58,"1,350",378.00,"510,300.00"
2019-04-10,2019041001005364,NICL,28,58,300,378.00,"113,400.00"
2019-04-10,2019041001005363,NICL,51,58,100,379.00,"37,900.00"
2019-04-10,2019041001005140,NICL,19,58,500,380.00,"190,000.00"
2019-04-10,2019041001005211,NIL,37,34,200,519.00,"103,800.00"
2019-04-10,2019041001005210,NIL,32,34,500,519.00,"259,500.00"
2019-04-10,2019041001005209,NIL,10,34,300,519.00,"155,700.00"
2019-04-10,2019041001005141,NIL,50,38,200,520.00,"104,000.00"
2019-04-10,2019041001005468,NLBBL,56,41,10,450.00,"4,500.00"
2019-04-10,2019041001005051,NLBBL,52,44,31,445.00,"13,795.00"
2019-04-10,2019041001005281,NLIC,28,28,7,"1,097.00","7,679.00"
2019-04-10,2019041001005265,NLIC,28,28,7,"1,097.00","7,679.00"
2019-04-10,2019041001005184,NLIC,59,29,56,"1,104.00","61,824.00"
2019-04-10,2019041001005111,NLIC,45,35,17,"1,100.00","18,700.00"
2019-04-10,2019041001005362,NLICL,34,25,43,590.00,"25,370.00"
2019-04-10,2019041001005179,NLICL,41,25,57,590.00,"33,630.00"
2019-04-10,2019041001005178,NLICL,41,35,293,590.00,"172,870.00"
2019-04-10,2019041001005422,NMB,36,33,300,355.00,"106,500.00"
2019-04-10,2019041001005361,NMB,36,46,25,355.00,"8,875.00"
2019-04-10,2019041001005340,NMB,52,34,200,356.00,"71,200.00"
2019-04-10,2019041001005263,NMB,51,21,16,355.00,"5,680.00"
2019-04-10,2019041001005182,NMB,58,5,25,356.00,"8,900.00"
2019-04-10,2019041001005181,NMB,58,21,43,356.00,"15,308.00"
2019-04-10,2019041001005180,NMB,58,45,63,355.00,"22,365.00"
2019-04-10,2019041001005151,NMB,44,45,237,355.00,"84,135.00"
2019-04-10,2019041001005150,NMB,44,25,500,355.00,"177,500.00"
2019-04-10,2019041001005149,NMB,44,19,263,355.00,"93,365.00"
2019-04-10,2019041001005027,NMB,44,48,12,354.00,"4,248.00"
2019-04-10,2019041001005026,NMB,44,33,11,354.00,"3,894.00"
2019-04-10,2019041001005045,NMFBS,55,22,12,"1,570.00","18,840.00"
2019-04-10,2019041001005208,NSEWA,26,44,10,493.00,"4,930.00"
2019-04-10,2019041001005407,NUBL,42,34,10,760.00,"7,600.00"
2019-04-10,2019041001005406,NUBL,42,44,40,750.00,"30,000.00"
2019-04-10,2019041001005405,NUBL,42,49,30,749.00,"22,470.00"
2019-04-10,2019041001005240,NUBL,42,49,10,746.00,"7,460.00"
2019-04-10,2019041001005375,PCBL,44,44,"1,000",333.00,"333,000.00"
2019-04-10,2019041001005296,PCBL,42,33,"1,000",333.00,"333,000.00"
2019-04-10,2019041001005295,PCBL,42,55,"1,000",333.00,"333,000.00"
2019-04-10,2019041001005083,PCBL,43,6,"1,500",332.00,"498,000.00"
2019-04-10,2019041001005082,PCBL,43,39,50,332.00,"16,600.00"
2019-04-10,2019041001005081,PCBL,43,29,"1,009",332.00,"334,988.00"
2019-04-10,2019041001005080,PCBL,43,4,500,331.00,"165,500.00"
2019-04-10,2019041001005079,PCBL,43,4,127,331.00,"42,037.00"
2019-04-10,2019041001005039,PCBL,28,55,"1,570",330.00,"518,100.00"
2019-04-10,2019041001005016,PCBL,45,55,30,330.00,"9,900.00"
2019-04-10,2019041001005347,PIC,49,33,11,"1,009.00","11,099.00"
2019-04-10,2019041001005341,PIC,49,11,12,"1,009.00","12,108.00"
2019-04-10,2019041001005172,PIC,45,21,11,"1,010.00","11,110.00"
2019-04-10,2019041001005416,PICL,47,58,50,700.00,"35,000.00"
2019-04-10,2019041001005397,PICL,47,58,100,700.00,"70,000.00"
2019-04-10,2019041001005379,PICL,47,58,70,700.00,"49,000.00"
2019-04-10,2019041001005378,PICL,47,5,30,696.00,"20,880.00"
2019-04-10,2019041001005465,PLIC,25,44,300,463.00,"138,900.00"
2019-04-10,2019041001005471,PMHPL,41,35,10,113.00,"1,130.00"
2019-04-10,2019041001005457,PMHPL,41,38,10,112.00,"1,120.00"
2019-04-10,2019041001005432,PMHPL,41,38,10,112.00,"1,120.00"
2019-04-10,2019041001005310,PMHPL,41,38,10,112.00,"1,120.00"
2019-04-10,2019041001005332,PRIN,40,22,168,420.00,"70,560.00"
2019-04-10,2019041001005331,PRIN,40,38,200,420.00,"84,000.00"
2019-04-10,2019041001005330,PRIN,40,51,10,420.00,"4,200.00"
2019-04-10,2019041001005329,PRIN,40,51,52,420.00,"21,840.00"
2019-04-10,2019041001005315,PRVU,52,4,500,249.00,"124,500.00"
2019-04-10,2019041001005160,PRVU,43,4,"1,939",249.00,"482,811.00"
2019-04-10,2019041001005159,PRVU,43,4,700,249.00,"174,300.00"
2019-04-10,2019041001005158,PRVU,43,1,"2,000",249.00,"498,000.00"
2019-04-10,2019041001005029,PRVU,25,4,300,249.00,"74,700.00"
2019-04-10,2019041001005103,PRVU,35,1,300,248.00,"74,400.00"
2019-04-10,2019041001005102,PRVU,34,1,460,248.00,"114,080.00"
2019-04-10,2019041001005077,PRVU,34,52,40,248.00,"9,920.00"
2019-04-10,2019041001005076,PRVU,26,52,200,248.00,"49,600.00"
2019-04-10,2019041001005030,PRVU,33,4,"1,000",249.00,"249,000.00"
2019-04-10,2019041001005157,PRVU,43,29,60,248.00,"14,880.00"
2019-04-10,2019041001005156,PRVU,43,46,301,248.00,"74,648.00"
2019-04-10,2019041001005147,PRVU,36,46,780,248.00,"193,440.00"
2019-04-10,2019041001005146,PRVU,36,1,220,248.00,"54,560.00"
2019-04-10,2019041001005105,PRVU,44,1,"1,000",248.00,"248,000.00"
2019-04-10,2019041001005104,PRVU,34,1,20,248.00,"4,960.00"
2019-04-10,2019041001005226,RADHI,54,44,11,165.00,"1,815.00"
2019-04-10,2019041001005121,RADHI,54,44,11,165.00,"1,815.00"
2019-04-10,2019041001005472,RBCL,22,39,10,"9,180.00","91,800.00"
2019-04-10,2019041001005443,RBCL,42,39,10,"9,180.00","91,800.00"
2019-04-10,2019041001005012,RMDC,36,55,44,543.00,"23,892.00"
2019-04-10,2019041001005011,RMDC,36,32,150,543.00,"81,450.00"
2019-04-10,2019041001005466,RRHP,47,38,10,94.00,940.00
2019-04-10,2019041001005435,RRHP,47,38,10,94.00,940.00
2019-04-10,2019041001005324,RRHP,47,38,10,94.00,940.00
2019-04-10,2019041001005309,SANIMA,43,33,"1,000",322.00,"322,000.00"
2019-04-10,2019041001005308,SANIMA,43,28,"1,000",322.00,"322,000.00"
2019-04-10,2019041001005307,SANIMA,43,38,500,322.00,"161,000.00"
2019-04-10,2019041001005306,SANIMA,43,39,200,322.00,"64,400.00"
2019-04-10,2019041001005305,SANIMA,43,36,150,322.00,"48,300.00"
2019-04-10,2019041001005304,SANIMA,43,51,96,321.00,"30,816.00"
2019-04-10,2019041001005303,SANIMA,43,48,300,321.00,"96,300.00"
2019-04-10,2019041001005092,SANIMA,43,7,200,321.00,"64,200.00"
2019-04-10,2019041001005091,SANIMA,43,44,174,321.00,"55,854.00"
2019-04-10,2019041001005090,SANIMA,43,11,200,321.00,"64,200.00"
2019-04-10,2019041001004978,SANIMA,28,33,24,320.00,"7,680.00"
2019-04-10,2019041001005365,SBL,6,33,25,312.00,"7,800.00"
2019-04-10,2019041001005338,SBL,43,22,50,316.00,"15,800.00"
2019-04-10,2019041001005337,SBL,43,19,15,316.00,"4,740.00"
2019-04-10,2019041001005336,SBL,43,6,50,316.00,"15,800.00"
2019-04-10,2019041001005335,SBL,43,16,106,316.00,"33,496.00"
2019-04-10,2019041001005334,SBL,43,33,601,315.00,"189,315.00"
2019-04-10,2019041001005333,SBL,43,33,"1,000",314.00,"314,000.00"
2019-04-10,2019041001005040,SBL,33,33,99,315.00,"31,185.00"
2019-04-10,2019041001005360,SCB,43,43,496,597.00,"296,112.00"
2019-04-10,2019041001005359,SCB,43,32,100,597.00,"59,700.00"
2019-04-10,2019041001005358,SCB,43,42,100,595.00,"59,500.00"
2019-04-10,2019041001005357,SCB,43,57,58,594.00,"34,452.00"
2019-04-10,2019041001005356,SCB,43,1,20,593.00,"11,860.00"
2019-04-10,2019041001005355,SCB,43,44,66,593.00,"39,138.00"
2019-04-10,2019041001005354,SCB,43,18,20,592.00,"11,840.00"
2019-04-10,2019041001005185,SCB,11,41,175,592.00,"103,600.00"
2019-04-10,2019041001005118,SFFIL,29,49,22,207.00,"4,554.00"
2019-04-10,2019041001005348,SHINE,48,33,200,231.00,"46,200.00"
2019-04-10,2019041001005431,SHIVM,45,36,500,309.00,"154,500.00"
2019-04-10,2019041001005430,SHIVM,43,36,200,309.00,"61,800.00"
2019-04-10,2019041001005429,SHIVM,21,36,10,309.00,"3,090.00"
2019-04-10,2019041001005428,SHIVM,19,36,400,309.00,"123,600.00"
2019-04-10,2019041001005408,SHIVM,57,36,500,310.00,"155,000.00"
2019-04-10,2019041001005398,SHIVM,46,39,50,310.00,"15,500.00"
2019-04-10,2019041001005137,SHIVM,46,40,50,310.00,"15,500.00"
2019-04-10,2019041001005100,SHIVM,46,43,100,310.00,"31,000.00"
2019-04-10,2019041001005022,SHIVM,19,22,50,309.00,"15,450.00"
2019-04-10,2019041001005007,SHIVM,19,22,50,309.00,"15,450.00"
2019-04-10,2019041001005444,SHPC,28,22,330,225.00,"74,250.00"
2019-04-10,2019041001005218,SHPC,47,10,415,223.00,"92,545.00"
2019-04-10,2019041001005217,SHPC,45,10,30,223.00,"6,690.00"
2019-04-10,2019041001005216,SHPC,34,10,78,223.00,"17,394.00"
2019-04-10,2019041001004981,SHPC,11,22,100,225.00,"22,500.00"
2019-04-10,2019041001004980,SHPC,11,28,400,225.00,"90,000.00"
2019-04-10,2019041001005475,SICL,10,40,10,892.00,"8,920.00"
2019-04-10,2019041001005342,SICL,53,17,28,881.00,"24,668.00"
2019-04-10,2019041001005328,SICL,53,29,50,880.00,"44,000.00"
2019-04-10,2019041001005327,SICL,53,34,24,880.00,"21,120.00"
2019-04-10,2019041001005058,SINDU,1,51,100,132.00,"13,200.00"
2019-04-10,2019041001004999,SINDU,1,7,10,134.00,"1,340.00"
2019-04-10,2019041001005425,SKBBL,42,52,500,890.00,"445,000.00"
2019-04-10,2019041001005424,SKBBL,42,14,400,889.00,"355,600.00"
2019-04-10,2019041001005139,SKBBL,45,10,358,890.00,"318,620.00"
2019-04-10,2019041001005110,SKBBL,47,14,115,885.00,"101,775.00"
2019-04-10,2019041001005101,SLBS,14,42,10,933.00,"9,330.00"
2019-04-10,2019041001005023,SLBS,14,11,18,920.00,"16,560.00"
2019-04-10,2019041001004982,SLBSL,52,8,10,645.00,"6,450.00"
2019-04-10,2019041001005460,SMFDB,32,6,10,653.00,"6,530.00"
2019-04-10,2019041001005459,SMFDB,32,38,30,644.00,"19,320.00"
2019-04-10,2019041001005396,SRBL,43,55,"1,163",239.00,"277,957.00"
2019-04-10,2019041001005395,SRBL,43,32,300,239.00,"71,700.00"
2019-04-10,2019041001005394,SRBL,43,6,"2,000",238.00,"476,000.00"
2019-04-10,2019041001005393,SRBL,43,28,112,238.00,"26,656.00"
2019-04-10,2019041001005392,SRBL,43,39,"1,000",238.00,"238,000.00"
2019-04-10,2019041001005391,SRBL,43,58,200,238.00,"47,600.00"
2019-04-10,2019041001005390,SRBL,43,36,200,238.00,"47,600.00"
2019-04-10,2019041001005389,SRBL,43,46,25,238.00,"5,950.00"
2019-04-10,2019041001005322,SRBL,58,44,400,237.00,"94,800.00"
2019-04-10,2019041001005161,SRBL,7,44,500,237.00,"118,500.00"
2019-04-10,2019041001004996,SRBL,7,44,"1,000",237.00,"237,000.00"
2019-04-10,2019041001004995,SRBL,42,44,100,237.00,"23,700.00"
2019-04-10,2019041001005035,TRH,58,5,340,230.00,"78,200.00"
2019-04-10,2019041001005013,TRH,58,5,660,230.00,"151,800.00"
2019-04-10,2019041001005410,UMHL,10,56,24,113.00,"2,712.00"
2019-04-10,2019041001005145,UMHL,10,33,14,113.00,"1,582.00"
2019-04-10,2019041001005421,UPCL,49,48,100,93.00,"9,300.00"
2019-04-10,2019041001005311,UPCL,49,42,50,93.00,"4,650.00"
2019-04-10,2019041001005473,UPPER,11,38,40,232.00,"9,280.00"
2019-04-10,2019041001005470,UPPER,11,38,12,232.00,"2,784.00"
2019-04-10,2019041001005469,UPPER,59,38,28,232.00,"6,496.00"
2019-04-10,2019041001005467,UPPER,59,48,50,232.00,"11,600.00"
2019-04-10,2019041001005464,UPPER,33,11,60,233.00,"13,980.00"
2019-04-10,2019041001005462,UPPER,33,38,40,233.00,"9,320.00"
2019-04-10,2019041001004979,UPPER,36,38,40,232.00,"9,280.00"
2019-04-10,2019041001004976,UPPER,36,38,50,232.00,"11,600.00"
2019-04-10,2019041001005014,UPPER,11,18,40,232.00,"9,280.00"
2019-04-10,2019041001005009,UPPER,11,39,145,232.00,"33,640.00"
2019-04-10,2019041001004993,UPPER,29,8,20,231.00,"4,620.00"
2019-04-10,2019041001004992,UPPER,5,8,30,231.00,"6,930.00"
2019-04-10,2019041001004984,UPPER,48,39,40,232.00,"9,280.00"
2019-04-10,2019041001004983,UPPER,36,39,46,232.00,"10,672.00"
2019-04-10,2019041001005078,UPPER,11,38,40,232.00,"9,280.00"
2019-04-10,2019041001005075,UPPER,11,47,67,232.00,"15,544.00"
2019-04-10,2019041001005072,UPPER,11,38,40,232.00,"9,280.00"
2019-04-10,2019041001005061,UPPER,48,36,50,234.00,"11,700.00"
2019-04-10,2019041001005046,UPPER,11,39,50,232.00,"11,600.00"
2019-04-10,2019041001005015,UPPER,11,38,50,232.00,"11,600.00"
2019-04-10,2019041001005144,UPPER,42,38,40,233.00,"9,320.00"
2019-04-10,2019041001005131,UPPER,59,38,50,232.00,"11,600.00"
2019-04-10,2019041001005122,UPPER,59,38,40,232.00,"9,280.00"
2019-04-10,2019041001005109,UPPER,59,38,32,232.00,"7,424.00"
2019-04-10,2019041001005108,UPPER,11,38,18,232.00,"4,176.00"
2019-04-10,2019041001005096,UPPER,11,38,50,232.00,"11,600.00"
2019-04-10,2019041001005221,UPPER,42,38,50,233.00,"11,650.00"
2019-04-10,2019041001005220,UPPER,42,38,40,233.00,"9,320.00"
2019-04-10,2019041001005203,UPPER,42,38,40,233.00,"9,320.00"
2019-04-10,2019041001005177,UPPER,42,38,50,233.00,"11,650.00"
2019-04-10,2019041001005169,UPPER,42,38,50,233.00,"11,650.00"
2019-04-10,2019041001005154,UPPER,42,38,50,233.00,"11,650.00"
2019-04-10,2019041001005249,UPPER,48,39,50,234.00,"11,700.00"
2019-04-10,2019041001005248,UPPER,48,36,100,234.00,"23,400.00"
2019-04-10,2019041001005247,UPPER,42,38,50,233.00,"11,650.00"
2019-04-10,2019041001005239,UPPER,42,38,50,233.00,"11,650.00"
2019-04-10,2019041001005255,UPPER,48,36,20,234.00,"4,680.00"
2019-04-10,2019041001005254,UPPER,48,25,50,234.00,"11,700.00"
2019-04-10,2019041001005253,UPPER,48,38,171,234.00,"40,014.00"
2019-04-10,2019041001005252,UPPER,48,56,50,234.00,"11,700.00"
2019-04-10,2019041001005251,UPPER,48,4,40,234.00,"9,360.00"
2019-04-10,2019041001005250,UPPER,48,42,40,234.00,"9,360.00"
2019-04-10,2019041001005320,UPPER,42,38,40,233.00,"9,320.00"
2019-04-10,2019041001005312,UPPER,42,38,50,233.00,"11,650.00"
2019-04-10,2019041001005298,UPPER,42,38,40,233.00,"9,320.00"
2019-04-10,2019041001005282,UPPER,42,38,40,233.00,"9,320.00"
2019-04-10,2019041001005280,UPPER,42,38,50,233.00,"11,650.00"
2019-04-10,2019041001005266,UPPER,42,38,50,233.00,"11,650.00"
2019-04-10,2019041001005372,UPPER,42,38,40,233.00,"9,320.00"
2019-04-10,2019041001005369,UPPER,42,59,50,233.00,"11,650.00"
2019-04-10,2019041001005366,UPPER,42,48,50,233.00,"11,650.00"
2019-04-10,2019041001005350,UPPER,42,38,40,233.00,"9,320.00"
2019-04-10,2019041001005326,UPPER,42,38,40,233.00,"9,320.00"
2019-04-10,2019041001005325,UPPER,42,38,50,233.00,"11,650.00"
2019-04-10,2019041001005411,UPPER,33,38,50,233.00,"11,650.00"
2019-04-10,2019041001005400,UPPER,33,38,10,233.00,"2,330.00"
2019-04-10,2019041001005399,UPPER,38,38,40,233.00,"9,320.00"
2019-04-10,2019041001005387,UPPER,42,38,40,233.00,"9,320.00"
2019-04-10,2019041001005439,UPPER,29,38,40,234.00,"9,360.00"
2019-04-10,2019041001005437,UPPER,33,38,40,233.00,"9,320.00"
2019-04-10,2019041001005434,UPPER,33,42,50,233.00,"11,650.00"
2019-04-10,2019041001005426,UPPER,33,38,50,233.00,"11,650.00"
2019-04-10,2019041001005418,UPPER,33,38,50,233.00,"11,650.00"
2019-04-10,2019041001005417,UPPER,33,38,40,233.00,"9,320.00"
2019-04-10,2019041001005458,UPPER,33,38,40,233.00,"9,320.00"
2019-04-10,2019041001005454,UPPER,33,38,40,233.00,"9,320.00"
2019-04-10,2019041001005453,UPPER,33,38,30,233.00,"6,990.00"
2019-04-10,2019041001005452,UPPER,29,38,10,234.00,"2,340.00"
2019-04-10,2019041001005441,UPPER,29,48,50,234.00,"11,700.00"
2019-04-10,2019041001005440,UPPER,29,48,50,234.00,"11,700.00"
2019-04-10,2019041001004611,ADBL,26,34,54,313.00,"16,902.00"
2019-04-10,2019041001004610,ADBL,26,4,85,313.00,"26,605.00"
2019-04-10,2019041001004784,AKJCL,25,8,10,80.00,800.00
2019-04-10,2019041001004645,AKJCL,25,8,20,80.00,"1,600.00"
2019-04-10,2019041001004639,AKJCL,57,57,20,81.00,"1,620.00"
2019-04-10,2019041001004914,AKPL,53,41,13,174.00,"2,262.00"
2019-04-10,2019041001004637,AKPL,53,48,13,168.00,"2,184.00"
2019-04-10,2019041001004658,AKPL,53,28,506,169.00,"85,514.00"
2019-04-10,2019041001004638,AKPL,53,40,500,168.00,"84,000.00"
2019-04-10,2019041001004877,AKPL,53,17,10,170.00,"1,700.00"
2019-04-10,2019041001004876,AKPL,53,38,10,170.00,"1,700.00"
2019-04-10,2019041001004913,AKPL,53,26,10,174.00,"1,740.00"
2019-04-10,2019041001004900,AKPL,53,40,500,173.00,"86,500.00"
2019-04-10,2019041001004884,AKPL,53,17,10,171.00,"1,710.00"
2019-04-10,2019041001004883,AKPL,53,17,10,171.00,"1,710.00"
2019-04-10,2019041001004969,ALBSL,1,38,10,469.00,"4,690.00"
2019-04-10,2019041001004963,ALBSL,25,38,10,468.00,"4,680.00"
2019-04-10,2019041001004959,ALBSL,25,38,10,468.00,"4,680.00"
2019-04-10,2019041001004949,ALBSL,25,38,10,468.00,"4,680.00"
2019-04-10,2019041001004941,ALBSL,25,38,10,468.00,"4,680.00"
2019-04-10,2019041001004494,ALBSL,26,26,10,470.00,"4,700.00"
2019-04-10,2019041001004485,ALBSL,26,26,10,470.00,"4,700.00"
2019-04-10,2019041001004482,ALBSL,39,45,10,475.00,"4,750.00"
2019-04-10,2019041001004481,ALBSL,39,1,10,474.00,"4,740.00"
2019-04-10,2019041001004480,ALBSL,39,29,10,473.00,"4,730.00"
2019-04-10,2019041001004569,ALBSL,26,26,10,470.00,"4,700.00"
2019-04-10,2019041001004549,ALBSL,26,26,10,470.00,"4,700.00"
2019-04-10,2019041001004528,ALBSL,26,26,10,470.00,"4,700.00"
2019-04-10,2019041001004512,ALBSL,26,26,10,470.00,"4,700.00"
2019-04-10,2019041001004502,ALBSL,26,26,10,470.00,"4,700.00"
2019-04-10,2019041001004670,ALBSL,25,38,10,470.00,"4,700.00"
2019-04-10,2019041001004661,ALBSL,57,57,10,477.00,"4,770.00"
2019-04-10,2019041001004659,ALBSL,25,38,10,470.00,"4,700.00"
2019-04-10,2019041001004646,ALBSL,25,38,10,470.00,"4,700.00"
2019-04-10,2019041001004715,ALBSL,25,38,10,470.00,"4,700.00"
2019-04-10,2019041001004706,ALBSL,25,38,10,470.00,"4,700.00"
2019-04-10,2019041001004691,ALBSL,25,38,10,470.00,"4,700.00"
2019-04-10,2019041001004686,ALBSL,25,38,10,470.00,"4,700.00"
2019-04-10,2019041001004682,ALBSL,25,38,10,470.00,"4,700.00"
2019-04-10,2019041001004675,ALBSL,25,38,10,470.00,"4,700.00"
2019-04-10,2019041001004864,ALBSL,39,38,10,470.00,"4,700.00"
2019-04-10,2019041001004858,ALBSL,39,38,10,470.00,"4,700.00"
2019-04-10,2019041001004846,ALBSL,39,38,10,470.00,"4,700.00"
2019-04-10,2019041001004830,ALBSL,39,38,10,470.00,"4,700.00"
2019-04-10,2019041001004739,ALBSL,39,56,10,470.00,"4,700.00"
2019-04-10,2019041001004736,ALBSL,25,38,10,470.00,"4,700.00"
2019-04-10,2019041001004882,ALBSL,3,38,10,469.00,"4,690.00"
2019-04-10,2019041001004880,ALBSL,3,38,10,469.00,"4,690.00"
2019-04-10,2019041001004873,ALBSL,3,38,10,469.00,"4,690.00"
2019-04-10,2019041001004870,ALBSL,3,38,10,469.00,"4,690.00"
2019-04-10,2019041001004906,ALBSL,3,38,10,469.00,"4,690.00"
2019-04-10,2019041001004893,ALBSL,3,38,10,469.00,"4,690.00"
2019-04-10,2019041001004859,ALICL,26,22,250,410.00,"102,500.00"
2019-04-10,2019041001004712,ALICL,45,22,90,410.00,"36,900.00"
2019-04-10,2019041001004711,ALICL,45,28,250,408.00,"102,000.00"
2019-04-10,2019041001004710,ALICL,45,35,150,408.00,"61,200.00"
2019-04-10,2019041001004709,ALICL,45,18,10,408.00,"4,080.00"
2019-04-10,2019041001004543,ALICL,17,28,31,405.00,"12,555.00"
2019-04-10,2019041001004500,AMFI,28,18,10,630.00,"6,300.00"
2019-04-10,2019041001004896,API,49,26,"1,050",134.00,"140,700.00"
2019-04-10,2019041001004785,BARUN,39,17,30,95.00,"2,850.00"
2019-04-10,2019041001004819,BHBL,4,5,700,170.00,"119,000.00"
2019-04-10,2019041001004818,BHBL,4,57,450,170.00,"76,500.00"
2019-04-10,2019041001004750,BOKL,58,56,250,261.00,"65,250.00"
2019-04-10,2019041001004749,BOKL,58,38,500,261.00,"130,500.00"
2019-04-10,2019041001004735,BOKL,58,14,100,260.00,"26,000.00"
2019-04-10,2019041001004678,BOKL,34,42,500,260.00,"130,000.00"
2019-04-10,2019041001004677,BOKL,34,28,"1,500",260.00,"390,000.00"
2019-04-10,2019041001004676,BOKL,34,29,328,260.00,"85,280.00"
2019-04-10,2019041001004592,BOKL,58,13,100,258.00,"25,800.00"
2019-04-10,2019041001004591,BOKL,58,26,980,258.00,"252,840.00"
2019-04-10,2019041001004572,BOKL,47,41,27,257.00,"6,939.00"
2019-04-10,2019041001004635,BOKL,58,41,27,258.00,"6,966.00"
2019-04-10,2019041001004618,BOKL,58,25,100,259.00,"25,900.00"
2019-04-10,2019041001004617,BOKL,58,52,40,259.00,"10,360.00"
2019-04-10,2019041001004616,BOKL,58,44,79,259.00,"20,461.00"
2019-04-10,2019041001004604,BOKL,39,44,600,259.00,"155,400.00"
2019-04-10,2019041001004593,BOKL,58,55,"1,000",258.00,"258,000.00"
2019-04-10,2019041001004797,BPCL,47,45,253,360.00,"91,080.00"
2019-04-10,2019041001004796,BPCL,47,43,55,359.00,"19,745.00"
2019-04-10,2019041001004942,CBL,40,40,9,161.00,"1,449.00"
2019-04-10,2019041001004758,CBL,39,57,183,162.00,"29,646.00"
2019-04-10,2019041001004850,CCBL,44,42,89,171.00,"15,219.00"
2019-04-10,2019041001004829,CCBL,44,45,760,171.00,"129,960.00"
2019-04-10,2019041001004771,CCBL,39,45,50,171.00,"8,550.00"
2019-04-10,2019041001004770,CCBL,44,45,"1,590",171.00,"271,890.00"
2019-04-10,2019041001004766,CCBL,44,19,24,171.00,"4,104.00"
2019-04-10,2019041001004765,CCBL,44,28,750,171.00,"128,250.00"
2019-04-10,2019041001004764,CCBL,37,45,100,172.00,"17,200.00"
2019-04-10,2019041001004740,CCBL,44,17,34,171.00,"5,814.00"
2019-04-10,2019041001004688,CCBL,44,17,34,171.00,"5,814.00"
2019-04-10,2019041001004548,CCBL,44,39,500,171.00,"85,500.00"
2019-04-10,2019041001004944,CHLBS,47,46,10,490.00,"4,900.00"
2019-04-10,2019041001004943,CHLBS,47,46,10,490.00,"4,900.00"
2019-04-10,2019041001004946,CIT,10,46,10,"2,590.00","25,900.00"
2019-04-10,2019041001004842,CZBIL,42,45,200,222.00,"44,400.00"
2019-04-10,2019041001004802,CZBIL,42,33,200,222.00,"44,400.00"
2019-04-10,2019041001004782,EBL,56,38,50,605.00,"30,250.00"
2019-04-10,2019041001004762,EBL,6,38,50,605.00,"30,250.00"
2019-04-10,2019041001004662,EBL,7,50,146,606.00,"88,476.00"
2019-04-10,2019041001004903,FOWAD,17,44,15,"1,505.00","22,575.00"
2019-04-10,2019041001004561,FOWAD,45,40,500,"1,506.00","753,000.00"
2019-04-10,2019041001004560,FOWAD,45,50,180,"1,506.00","271,080.00"
2019-04-10,2019041001004559,FOWAD,45,38,100,"1,506.00","150,600.00"
2019-04-10,2019041001004515,FOWAD,42,17,50,"1,505.00","75,250.00"
2019-04-10,2019041001004632,GBBL,40,28,200,194.00,"38,800.00"
2019-04-10,2019041001004879,GBIMEP,4,13,"47,636",174.00,"8,288,664.00"
2019-04-10,2019041001004905,GBLBS,13,49,10,445.00,"4,450.00"
2019-04-10,2019041001004817,GBLBS,42,39,40,447.00,"17,880.00"
2019-04-10,2019041001004936,GDBL,34,32,500,188.00,"94,000.00"
2019-04-10,2019041001004541,GDBL,33,41,200,190.00,"38,000.00"
2019-04-10,2019041001004540,GDBL,33,45,"1,150",190.00,"218,500.00"
2019-04-10,2019041001004539,GDBL,33,32,500,190.00,"95,000.00"
2019-04-10,2019041001004681,GRDBL,19,13,40,105.00,"4,200.00"
2019-04-10,2019041001004680,GRDBL,19,13,40,105.00,"4,200.00"
2019-04-10,2019041001004679,GRDBL,19,13,40,105.00,"4,200.00"
2019-04-10,2019041001004958,HDL,45,17,20,"1,350.00","27,000.00"
2019-04-10,2019041001004673,HPPL,5,35,20,181.00,"3,620.00"
2019-04-10,2019041001004787,JBBL,1,39,10,141.00,"1,410.00"
2019-04-10,2019041001004786,JBBL,1,45,16,140.00,"2,240.00"
2019-04-10,2019041001004781,JBBL,49,19,14,139.00,"1,946.00"
2019-04-10,2019041001004538,JBBL,58,6,"2,183",140.00,"305,620.00"
2019-04-10,2019041001004537,JBBL,58,52,150,140.00,"21,000.00"
2019-04-10,2019041001004536,JBBL,58,37,61,140.00,"8,540.00"
2019-04-10,2019041001004535,JBBL,58,1,698,140.00,"97,720.00"
2019-04-10,2019041001004520,JBBL,49,21,11,139.00,"1,529.00"
2019-04-10,2019041001004868,JBNL,6,48,10,182.00,"1,820.00"
2019-04-10,2019041001004798,JBNL,56,17,300,182.00,"54,600.00"
2019-04-10,2019041001004566,JBNL,46,14,200,182.00,"36,400.00"
2019-04-10,2019041001004565,JBNL,46,42,20,182.00,"3,640.00"
2019-04-10,2019041001004564,JBNL,46,52,300,182.00,"54,600.00"
2019-04-10,2019041001004563,JBNL,46,1,"1,000",182.00,"182,000.00"
2019-04-10,2019041001004562,JBNL,46,32,430,182.00,"78,260.00"
2019-04-10,2019041001004495,JBNL,39,32,50,182.00,"9,100.00"
2019-04-10,2019041001004486,JBNL,46,36,100,181.00,"18,100.00"
2019-04-10,2019041001004919,KBL,11,56,200,260.00,"52,000.00"
2019-04-10,2019041001004892,KBL,41,56,30,260.00,"7,800.00"
2019-04-10,2019041001004891,KBL,19,58,471,259.00,"121,989.00"
2019-04-10,2019041001004890,KBL,19,58,100,259.00,"25,900.00"
2019-04-10,2019041001004889,KBL,16,58,200,259.00,"51,800.00"
2019-04-10,2019041001004888,KBL,22,58,229,259.00,"59,311.00"
2019-04-10,2019041001004497,KBL,32,46,293,259.00,"75,887.00"
2019-04-10,2019041001004546,KBL,19,16,"1,000",259.00,"259,000.00"
2019-04-10,2019041001004545,KBL,19,16,"1,589",259.00,"411,551.00"
2019-04-10,2019041001004544,KBL,19,6,"1,643",259.00,"425,537.00"
2019-04-10,2019041001004503,KBL,42,6,150,259.00,"38,850.00"
2019-04-10,2019041001004499,KBL,32,6,207,259.00,"53,613.00"
2019-04-10,2019041001004498,KBL,32,50,500,259.00,"129,500.00"
2019-04-10,2019041001004698,KBL,19,17,500,260.00,"130,000.00"
2019-04-10,2019041001004666,KBL,11,28,400,259.00,"103,600.00"
2019-04-10,2019041001004665,KBL,35,28,100,259.00,"25,900.00"
2019-04-10,2019041001004626,KBL,46,17,"1,000",260.00,"260,000.00"
2019-04-10,2019041001004602,KBL,10,17,200,260.00,"52,000.00"
2019-04-10,2019041001004547,KBL,19,51,240,259.00,"62,160.00"
2019-04-10,2019041001004753,KBL,1,17,85,260.00,"22,100.00"
2019-04-10,2019041001004746,KBL,45,48,569,259.00,"147,371.00"
2019-04-10,2019041001004745,KBL,13,48,300,259.00,"77,700.00"
2019-04-10,2019041001004744,KBL,4,48,40,259.00,"10,360.00"
2019-04-10,2019041001004743,KBL,11,48,100,259.00,"25,900.00"
2019-04-10,2019041001004738,KBL,1,17,150,260.00,"39,000.00"
2019-04-10,2019041001004867,KBL,19,56,200,260.00,"52,000.00"
2019-04-10,2019041001004832,KBL,22,1,271,259.00,"70,189.00"
2019-04-10,2019041001004831,KBL,45,1,431,259.00,"111,629.00"
2019-04-10,2019041001004792,KBL,38,56,30,260.00,"7,800.00"
2019-04-10,2019041001004755,KBL,1,56,372,260.00,"96,720.00"
2019-04-10,2019041001004754,KBL,1,17,43,260.00,"11,180.00"
2019-04-10,2019041001004869,KNBL,32,36,500,126.00,"63,000.00"
2019-04-10,2019041001004496,KPCL,16,41,10,91.00,910.00
2019-04-10,2019041001004643,KPCL,16,38,10,91.00,910.00
2019-04-10,2019041001004795,KPCL,16,8,10,91.00,910.00
2019-04-10,2019041001004751,KPCL,16,57,10,91.00,910.00
2019-04-10,2019041001004570,KRBL,38,42,10,102.00,"1,020.00"
2019-04-10,2019041001004852,LBL,46,34,150,208.00,"31,200.00"
2019-04-10,2019041001004794,LBL,46,34,"1,000",208.00,"208,000.00"
2019-04-10,2019041001004763,LBL,21,34,500,208.00,"104,000.00"
2019-04-10,2019041001004581,LBL,46,34,"2,000",208.00,"416,000.00"
2019-04-10,2019041001004580,LBL,46,35,"1,000",208.00,"208,000.00"
2019-04-10,2019041001004574,LBL,34,28,40,206.00,"8,240.00"
2019-04-10,2019041001004918,LGIL,45,22,30,516.00,"15,480.00"
2019-04-10,2019041001004672,LGIL,16,21,112,510.00,"57,120.00"
2019-04-10,2019041001004911,MBL,7,54,"1,000",240.00,"240,000.00"
2019-04-10,2019041001004806,MBL,34,25,"1,700",239.00,"406,300.00"
2019-04-10,2019041001004803,MBL,14,25,100,239.00,"23,900.00"
2019-04-10,2019041001004767,MBL,32,25,200,239.00,"47,800.00"
2019-04-10,2019041001004687,MBL,51,6,500,238.00,"119,000.00"
2019-04-10,2019041001004683,MBL,14,25,350,239.00,"83,650.00"
2019-04-10,2019041001004674,MBL,14,25,500,239.00,"119,500.00"
2019-04-10,2019041001004656,MBL,25,25,150,239.00,"35,850.00"
2019-04-10,2019041001004490,MBL,58,21,500,239.00,"119,500.00"
2019-04-10,2019041001004489,MBL,58,33,"1,000",239.00,"239,000.00"
2019-04-10,2019041001004895,MEGA,19,57,451,170.00,"76,670.00"
2019-04-10,2019041001004894,MEGA,19,39,49,170.00,"8,330.00"
2019-04-10,2019041001004752,MEGA,48,39,100,170.00,"17,000.00"
2019-04-10,2019041001004734,MEGA,37,39,100,170.00,"17,000.00"
2019-04-10,2019041001004644,MEGA,21,49,156,169.00,"26,364.00"
2019-04-10,2019041001004783,MERO,39,40,70,555.00,"38,850.00"
2019-04-10,2019041001004521,MNBBL,38,14,179,355.00,"63,545.00"
2019-04-10,2019041001004513,MNBBL,38,14,50,355.00,"17,750.00"
2019-04-10,2019041001004491,MNBBL,38,14,70,355.00,"24,850.00"
2019-04-10,2019041001004939,NABIL,13,3,41,743.00,"30,463.00"
2019-04-10,2019041001004938,NABIL,13,14,100,743.00,"74,300.00"
2019-04-10,2019041001004937,NABIL,13,17,59,743.00,"43,837.00"
2019-04-10,2019041001004912,NABIL,5,17,20,743.00,"14,860.00"
2019-04-10,2019041001004808,NABIL,5,3,90,742.00,"66,780.00"
2019-04-10,2019041001004807,NABIL,5,57,10,742.00,"7,420.00"
2019-04-10,2019041001004756,NABIL,1,57,20,742.00,"14,840.00"
2019-04-10,2019041001004747,NABIL,1,57,20,742.00,"14,840.00"
2019-04-10,2019041001004607,NABIL,35,3,200,740.00,"148,000.00"
2019-04-10,2019041001004606,NABIL,35,10,180,740.00,"133,200.00"
2019-04-10,2019041001004542,NABIL,57,3,400,738.00,"295,200.00"
2019-04-10,2019041001004657,NABILP,58,43,102,716.00,"73,032.00"
2019-04-10,2019041001004615,NABILP,44,19,250,715.00,"178,750.00"
2019-04-10,2019041001004614,NABILP,44,38,50,715.00,"35,750.00"
2019-04-10,2019041001004613,NABILP,44,19,100,715.00,"71,500.00"
2019-04-10,2019041001004933,NADEP,29,42,10,660.00,"6,600.00"
2019-04-10,2019041001004932,NADEP,29,42,10,660.00,"6,600.00"
2019-04-10,2019041001004931,NADEP,29,8,10,659.00,"6,590.00"
2019-04-10,2019041001004599,NBB,39,34,100,213.00,"21,300.00"
2019-04-10,2019041001004598,NBB,39,40,500,213.00,"106,500.00"
2019-04-10,2019041001004597,NBB,39,53,550,213.00,"117,150.00"
2019-04-10,2019041001004596,NBB,39,21,100,213.00,"21,300.00"
2019-04-10,2019041001004595,NBB,39,53,100,213.00,"21,300.00"
2019-04-10,2019041001004594,NBB,39,4,500,213.00,"106,500.00"
2019-04-10,2019041001004508,NBB,35,42,"2,000",212.00,"424,000.00"
2019-04-10,2019041001004507,NBB,35,50,990,212.00,"209,880.00"
2019-04-10,2019041001004506,NBB,35,37,"1,000",212.00,"212,000.00"
2019-04-10,2019041001004505,NBB,35,49,"4,000",212.00,"848,000.00"
2019-04-10,2019041001004504,NBB,35,47,100,212.00,"21,200.00"
2019-04-10,2019041001004935,NBL,45,6,50,299.00,"14,950.00"
2019-04-10,2019041001004708,NBL,5,6,50,299.00,"14,950.00"
2019-04-10,2019041001004685,NBL,32,6,100,298.00,"29,800.00"
2019-04-10,2019041001004601,NBL,44,49,50,297.00,"14,850.00"
2019-04-10,2019041001004971,NCCB,44,11,500,225.00,"112,500.00"
2019-04-10,2019041001004791,NCCB,56,19,14,224.00,"3,136.00"
2019-04-10,2019041001004975,NGPL,1,39,11,121.00,"1,331.00"
2019-04-10,2019041001004974,NGPL,1,39,22,121.00,"2,662.00"
2019-04-10,2019041001004973,NGPL,1,39,11,121.00,"1,331.00"
2019-04-10,2019041001004902,NHDL,56,45,10,125.00,"1,250.00"
2019-04-10,2019041001004556,NIB,56,39,37,549.00,"20,313.00"
2019-04-10,2019041001004555,NIB,56,58,48,549.00,"26,352.00"
2019-04-10,2019041001004955,NICA,44,19,25,468.00,"11,700.00"
2019-04-10,2019041001004953,NICA,44,39,100,468.00,"46,800.00"
2019-04-10,2019041001004934,NICA,44,34,200,469.00,"93,800.00"
2019-04-10,2019041001004871,NICA,44,41,50,468.00,"23,400.00"
2019-04-10,2019041001004863,NICA,56,52,100,468.00,"46,800.00"
2019-04-10,2019041001004853,NICA,56,45,100,468.00,"46,800.00"
2019-04-10,2019041001004628,NICA,49,43,50,465.00,"23,250.00"
2019-04-10,2019041001004627,NICA,49,43,40,465.00,"18,600.00"
2019-04-10,2019041001004576,NICA,46,43,10,465.00,"4,650.00"
2019-04-10,2019041001004575,NICA,46,42,23,464.00,"10,672.00"
2019-04-10,2019041001004693,NICA,45,6,116,465.00,"53,940.00"
2019-04-10,2019041001004692,NICA,45,1,390,465.00,"181,350.00"
2019-04-10,2019041001004684,NICA,16,17,36,464.00,"16,704.00"
2019-04-10,2019041001004654,NICA,58,1,100,465.00,"46,500.00"
2019-04-10,2019041001004630,NICA,49,1,310,465.00,"144,150.00"
2019-04-10,2019041001004629,NICA,49,53,600,465.00,"279,000.00"
2019-04-10,2019041001004702,NICA,55,45,150,466.00,"69,900.00"
2019-04-10,2019041001004701,NICA,55,29,88,466.00,"41,008.00"
2019-04-10,2019041001004700,NICA,55,7,507,465.00,"235,755.00"
2019-04-10,2019041001004696,NICA,45,46,25,465.00,"11,625.00"
2019-04-10,2019041001004695,NICA,45,58,300,465.00,"139,500.00"
2019-04-10,2019041001004694,NICA,45,45,150,465.00,"69,750.00"
2019-04-10,2019041001004805,NICA,16,43,250,467.00,"116,750.00"
2019-04-10,2019041001004801,NICA,58,43,250,467.00,"116,750.00"
2019-04-10,2019041001004800,NICA,58,52,250,467.00,"116,750.00"
2019-04-10,2019041001004705,NICA,55,38,29,466.00,"13,514.00"
2019-04-10,2019041001004704,NICA,55,22,500,466.00,"233,000.00"
2019-04-10,2019041001004703,NICA,55,44,"2,000",466.00,"932,000.00"
2019-04-10,2019041001004839,NICA,40,34,350,469.00,"164,150.00"
2019-04-10,2019041001004825,NICA,40,45,100,469.00,"46,900.00"
2019-04-10,2019041001004824,NICA,40,45,100,469.00,"46,900.00"
2019-04-10,2019041001004823,NICA,40,22,100,469.00,"46,900.00"
2019-04-10,2019041001004822,NICA,40,17,250,468.00,"117,000.00"
2019-04-10,2019041001004821,NICA,40,42,600,468.00,"280,800.00"
2019-04-10,2019041001004820,NICL,16,58,200,380.00,"76,000.00"
2019-04-10,2019041001004768,NICL,32,58,50,380.00,"19,000.00"
2019-04-10,2019041001004554,NICL,32,29,69,379.00,"26,151.00"
2019-04-10,2019041001004553,NICL,32,44,64,379.00,"24,256.00"
2019-04-10,2019041001004501,NICL,42,29,300,378.00,"113,400.00"
2019-04-10,2019041001004910,NIL,57,32,"1,000",520.00,"520,000.00"
2019-04-10,2019041001004909,NIL,48,32,50,520.00,"26,000.00"
2019-04-10,2019041001004908,NIL,51,32,100,520.00,"52,000.00"
2019-04-10,2019041001004907,NIL,38,32,445,520.00,"231,400.00"
2019-04-10,2019041001004650,NIL,38,41,55,520.00,"28,600.00"
2019-04-10,2019041001004649,NIL,45,41,30,520.00,"15,600.00"
2019-04-10,2019041001004600,NIL,55,38,250,521.00,"130,250.00"
2019-04-10,2019041001004812,NLBBL,45,41,50,450.00,"22,500.00"
2019-04-10,2019041001004811,NLBBL,39,41,100,450.00,"45,000.00"
2019-04-10,2019041001004810,NLBBL,21,41,150,451.00,"67,650.00"
2019-04-10,2019041001004590,NLIC,33,29,412,"1,100.00","453,200.00"
2019-04-10,2019041001004589,NLIC,33,29,313,"1,100.00","344,300.00"
2019-04-10,2019041001004552,NLIC,42,29,30,"1,100.00","33,000.00"
2019-04-10,2019041001004742,NLICL,45,35,107,590.00,"63,130.00"
2019-04-10,2019041001004741,NLICL,45,39,393,589.00,"231,477.00"
2019-04-10,2019041001004519,NLICL,5,35,100,590.00,"59,000.00"
2019-04-10,2019041001004964,NMB,35,41,112,353.00,"39,536.00"
2019-04-10,2019041001004844,NMB,1,19,75,355.00,"26,625.00"
2019-04-10,2019041001004843,NMB,1,8,25,354.00,"8,850.00"
2019-04-10,2019041001004790,NMB,22,50,63,354.00,"22,302.00"
2019-04-10,2019041001004789,NMB,22,50,63,354.00,"22,302.00"
2019-04-10,2019041001004788,NMB,22,50,126,354.00,"44,604.00"
2019-04-10,2019041001004621,NMB,45,16,200,353.00,"70,600.00"
2019-04-10,2019041001004620,NMB,45,22,651,353.00,"229,803.00"
2019-04-10,2019041001004669,NMB,44,19,207,354.00,"73,278.00"
2019-04-10,2019041001004668,NMB,44,57,100,354.00,"35,400.00"
2019-04-10,2019041001004667,NMB,44,16,93,353.00,"32,829.00"
2019-04-10,2019041001004663,NMB,51,16,50,353.00,"17,650.00"
2019-04-10,2019041001004623,NMB,45,16,49,353.00,"17,297.00"
2019-04-10,2019041001004622,NMB,45,32,100,353.00,"35,300.00"
2019-04-10,2019041001004725,NMB,35,55,"1,000",355.00,"355,000.00"
2019-04-10,2019041001004724,NMB,35,14,600,355.00,"213,000.00"
2019-04-10,2019041001004723,NMB,35,6,"1,000",355.00,"355,000.00"
2019-04-10,2019041001004722,NMB,35,1,220,355.00,"78,100.00"
2019-04-10,2019041001004721,NMB,35,19,793,354.00,"280,722.00"
2019-04-10,2019041001004720,NMB,35,8,25,353.00,"8,825.00"
2019-04-10,2019041001004769,NMB,57,57,12,353.00,"4,236.00"
2019-04-10,2019041001004737,NMB,35,19,12,355.00,"4,260.00"
2019-04-10,2019041001004729,NMB,35,8,200,355.00,"71,000.00"
2019-04-10,2019041001004728,NMB,35,38,150,355.00,"53,250.00"
2019-04-10,2019041001004727,NMB,35,32,500,355.00,"177,500.00"
2019-04-10,2019041001004726,NMB,35,17,500,355.00,"177,500.00"
2019-04-10,2019041001004557,NMBHF1,34,17,"17,311",9.40,"162,723.40"
2019-04-10,2019041001004970,NMBMF,34,58,50,"1,021.00","51,050.00"
2019-04-10,2019041001004878,NSEWA,42,4,15,495.00,"7,425.00"
2019-04-10,2019041001004951,PCBL,44,55,400,330.00,"132,000.00"
2019-04-10,2019041001004950,PCBL,44,1,100,330.00,"33,000.00"
2019-04-10,2019041001004558,PCBL,58,6,91,329.00,"29,939.00"
2019-04-10,2019041001004525,PIC,49,39,11,"1,009.00","11,099.00"
2019-04-10,2019041001004633,PICL,22,5,20,696.00,"13,920.00"
2019-04-10,2019041001004714,PLIC,48,44,25,463.00,"11,575.00"
2019-04-10,2019041001004641,PLIC,38,29,50,462.00,"23,100.00"
2019-04-10,2019041001004640,PLIC,38,43,50,462.00,"23,100.00"
2019-04-10,2019041001004631,PLIC,35,42,50,460.00,"23,000.00"
2019-04-10,2019041001004968,PMHPL,41,8,10,112.00,"1,120.00"
2019-04-10,2019041001004924,PMHPL,41,7,10,112.00,"1,120.00"
2019-04-10,2019041001004923,PMHPL,41,38,10,112.00,"1,120.00"
2019-04-10,2019041001004922,PMHPL,41,43,10,111.00,"1,110.00"
2019-04-10,2019041001004901,PMHPL,56,8,10,110.00,"1,100.00"
2019-04-10,2019041001004886,PMHPL,56,36,10,109.00,"1,090.00"
2019-04-10,2019041001004809,PMHPL,57,57,10,110.00,"1,100.00"
2019-04-10,2019041001004518,PRIN,32,41,120,418.00,"50,160.00"
2019-04-10,2019041001004625,PRVU,35,55,200,249.00,"49,800.00"
2019-04-10,2019041001004624,PRVU,46,55,"1,280",249.00,"318,720.00"
2019-04-10,2019041001004530,PRVU,46,8,500,249.00,"124,500.00"
2019-04-10,2019041001004514,RADHI,54,41,11,165.00,"1,815.00"
2019-04-10,2019041001004487,RADHI,54,35,11,165.00,"1,815.00"
2019-04-10,2019041001004634,RLFL,39,25,10,125.00,"1,250.00"
2019-04-10,2019041001004568,RLFL,55,44,50,123.00,"6,150.00"
2019-04-10,2019041001004567,RLFL,55,34,290,123.00,"35,670.00"
2019-04-10,2019041001004588,RMDC,41,1,31,540.00,"16,740.00"
2019-04-10,2019041001004587,RMDC,41,1,30,540.00,"16,200.00"
2019-04-10,2019041001004586,RMDC,41,25,20,538.00,"10,760.00"
2019-04-10,2019041001004585,RMDC,41,37,126,537.00,"67,662.00"
2019-04-10,2019041001004584,RMDC,41,39,12,537.00,"6,444.00"
2019-04-10,2019041001004655,RRHP,47,38,10,94.00,940.00
2019-04-10,2019041001004961,RSDC,22,58,70,364.00,"25,480.00"
2019-04-10,2019041001004804,RSDC,6,58,160,364.00,"58,240.00"
2019-04-10,2019041001004856,SANIMA,28,38,38,320.00,"12,160.00"
2019-04-10,2019041001004855,SANIMA,34,38,200,320.00,"64,000.00"
2019-04-10,2019041001004840,SANIMA,21,38,200,320.00,"64,000.00"
2019-04-10,2019041001004814,SBI,25,52,10,418.00,"4,180.00"
2019-04-10,2019041001004716,SBI,52,44,12,412.00,"4,944.00"
2019-04-10,2019041001004493,SBI,42,1,42,411.00,"17,262.00"
2019-04-10,2019041001004930,SBL,32,33,100,315.00,"31,500.00"
2019-04-10,2019041001004826,SBL,36,14,"1,000",314.00,"314,000.00"
2019-04-10,2019041001004550,SBL,48,33,200,315.00,"63,000.00"
2019-04-10,2019041001004917,SCB,13,36,20,592.00,"11,840.00"
2019-04-10,2019041001004916,SCB,13,32,80,592.00,"47,360.00"
2019-04-10,2019041001004897,SCB,40,32,50,592.00,"29,600.00"
2019-04-10,2019041001004834,SCB,5,16,20,590.00,"11,800.00"
2019-04-10,2019041001004833,SCB,5,57,50,589.00,"29,450.00"
2019-04-10,2019041001004697,SCB,26,57,50,589.00,"29,450.00"
2019-04-10,2019041001004609,SCB,39,32,70,590.00,"41,300.00"
2019-04-10,2019041001004517,SDESI,33,45,27,538.00,"14,526.00"
2019-04-10,2019041001004516,SDESI,33,45,27,538.00,"14,526.00"
2019-04-10,2019041001004899,SFFIL,29,49,260,207.00,"53,820.00"
2019-04-10,2019041001004748,SHINE,57,33,400,231.00,"92,400.00"
2019-04-10,2019041001004571,SHINE,48,57,33,230.00,"7,590.00"
2019-04-10,2019041001004921,SHIVM,56,28,50,311.00,"15,550.00"
2019-04-10,2019041001004778,SHIVM,19,41,50,310.00,"15,500.00"
2019-04-10,2019041001004777,SHIVM,19,58,50,310.00,"15,500.00"
2019-04-10,2019041001004776,SHIVM,19,43,50,310.00,"15,500.00"
2019-04-10,2019041001004775,SHIVM,19,1,200,310.00,"62,000.00"
2019-04-10,2019041001004774,SHIVM,19,6,60,310.00,"18,600.00"
2019-04-10,2019041001004578,SHIVM,41,5,10,308.00,"3,080.00"
2019-04-10,2019041001004577,SHIVM,48,5,30,308.00,"9,240.00"
2019-04-10,2019041001004773,SHIVM,19,48,50,310.00,"15,500.00"
2019-04-10,2019041001004772,SHIVM,19,45,50,310.00,"15,500.00"
2019-04-10,2019041001004719,SHIVM,45,45,50,309.00,"15,450.00"
2019-04-10,2019041001004718,SHIVM,45,57,40,309.00,"12,360.00"
2019-04-10,2019041001004717,SHIVM,45,48,150,309.00,"46,350.00"
2019-04-10,2019041001004579,SHIVM,58,5,10,308.00,"3,080.00"
2019-04-10,2019041001004780,SHL,41,13,300,207.00,"62,100.00"
2019-04-10,2019041001004707,SHL,32,13,200,207.00,"41,400.00"
2019-04-10,2019041001004689,SHL,54,13,100,207.00,"20,700.00"
2019-04-10,2019041001004671,SHPC,19,28,70,225.00,"15,750.00"
2019-04-10,2019041001004612,SICL,25,34,200,880.00,"176,000.00"
2019-04-10,2019041001004603,SICL,22,34,39,880.00,"34,320.00"
2019-04-10,2019041001004523,SICL,10,41,516,875.00,"451,500.00"
2019-04-10,2019041001004484,SICL,10,42,224,875.00,"196,000.00"
2019-04-10,2019041001004483,SICL,10,33,300,875.00,"262,500.00"
2019-04-10,2019041001004664,SIFC,55,16,100,137.00,"13,700.00"
2019-04-10,2019041001004653,SIL,43,44,10,614.00,"6,140.00"
2019-04-10,2019041001004642,SIL,43,47,500,610.00,"305,000.00"
2019-04-10,2019041001004849,SKBBL,42,14,885,885.00,"783,225.00"
2019-04-10,2019041001004848,SKBBL,42,38,25,883.00,"22,075.00"
2019-04-10,2019041001004847,SKBBL,42,49,90,882.00,"79,380.00"
2019-04-10,2019041001004619,SKBBL,7,49,10,882.00,"8,820.00"
2019-04-10,2019041001004583,SKBBL,45,45,235,880.00,"206,800.00"
2019-04-10,2019041001004527,SKBBL,42,45,465,880.00,"409,200.00"
2019-04-10,2019041001004526,SKBBL,42,59,35,879.00,"30,765.00"
2019-04-10,2019041001004947,SLBS,14,28,10,914.00,"9,140.00"
2019-04-10,2019041001004851,SLBSL,18,8,10,650.00,"6,500.00"
2019-04-10,2019041001004838,SLBSL,18,14,10,650.00,"6,500.00"
2019-04-10,2019041001004837,SLBSL,18,7,10,648.00,"6,480.00"
2019-04-10,2019041001004836,SLBSL,18,17,10,648.00,"6,480.00"
2019-04-10,2019041001004835,SLBSL,18,7,10,646.00,"6,460.00"
2019-04-10,2019041001004816,SLBSL,18,44,10,645.00,"6,450.00"
2019-04-10,2019041001004815,SLBSL,18,44,10,645.00,"6,450.00"
2019-04-10,2019041001004488,SMATA,28,40,19,"1,200.00","22,800.00"
2019-04-10,2019041001004522,SMFDB,32,38,20,644.00,"12,880.00"
2019-04-10,2019041001004761,SRBL,7,46,760,240.00,"182,400.00"
2019-04-10,2019041001004760,SRBL,7,17,240,240.00,"57,600.00"
2019-04-10,2019041001004757,SRBL,35,35,"10,000",239.00,"2,390,000.00"
2019-04-10,2019041001004733,SRBL,41,51,196,239.00,"46,844.00"
2019-04-10,2019041001004732,SRBL,41,47,70,239.00,"16,730.00"
2019-04-10,2019041001004731,SRBL,41,29,515,239.00,"123,085.00"
2019-04-10,2019041001004476,SRBL,48,17,78,237.00,"18,486.00"
2019-04-10,2019041001004730,SRBL,41,39,638,238.00,"151,844.00"
2019-04-10,2019041001004534,SRBL,56,39,362,238.00,"86,156.00"
2019-04-10,2019041001004533,SRBL,56,43,300,238.00,"71,400.00"
2019-04-10,2019041001004532,SRBL,56,17,180,238.00,"42,840.00"
2019-04-10,2019041001004531,SRBL,56,51,158,238.00,"37,604.00"
2019-04-10,2019041001004477,SRBL,48,35,500,237.00,"118,500.00"
2019-04-10,2019041001004929,TRH,29,29,"1,000",231.00,"231,000.00"
2019-04-10,2019041001004928,TRH,57,29,90,232.00,"20,880.00"
2019-04-10,2019041001004927,TRH,21,29,50,232.00,"11,600.00"
2019-04-10,2019041001004926,TRH,25,29,340,232.00,"78,880.00"
2019-04-10,2019041001004925,TRH,56,29,80,233.00,"18,640.00"
2019-04-10,2019041001004660,TRH,56,41,20,233.00,"4,660.00"
2019-04-10,2019041001004828,UFL,6,11,50,202.00,"10,100.00"
2019-04-10,2019041001004957,UMHL,10,17,14,113.00,"1,582.00"
2019-04-10,2019041001004956,UMHL,10,17,14,113.00,"1,582.00"
2019-04-10,2019041001004887,UPCL,58,34,10,94.00,940.00
2019-04-10,2019041001004648,UPCL,49,1,20,93.00,"1,860.00"
2019-04-10,2019041001004647,UPCL,51,1,30,93.00,"2,790.00"
2019-04-10,2019041001004972,UPPER,36,38,40,232.00,"9,280.00"
2019-04-10,2019041001004967,UPPER,36,38,24,232.00,"5,568.00"
2019-04-10,2019041001004966,UPPER,38,38,26,232.00,"6,032.00"
2019-04-10,2019041001004965,UPPER,38,39,221,232.00,"51,272.00"
2019-04-10,2019041001004962,UPPER,38,38,40,232.00,"9,280.00"
2019-04-10,2019041001004960,UPPER,38,38,50,232.00,"11,600.00"
2019-04-10,2019041001004492,UPPER,49,38,50,232.00,"11,600.00"
2019-04-10,2019041001004479,UPPER,49,42,20,232.00,"4,640.00"
2019-04-10,2019041001004478,UPPER,49,38,50,232.00,"11,600.00"
2019-04-10,2019041001004529,UPPER,49,38,50,232.00,"11,600.00"
2019-04-10,2019041001004524,UPPER,11,35,40,233.00,"9,320.00"
2019-04-10,2019041001004511,UPPER,11,38,50,233.00,"11,650.00"
2019-04-10,2019041001004510,UPPER,11,47,40,233.00,"9,320.00"
2019-04-10,2019041001004509,UPPER,11,58,361,233.00,"84,113.00"
2019-04-10,2019041001004636,UPPER,57,56,50,232.00,"11,600.00"
2019-04-10,2019041001004608,UPPER,57,57,50,233.00,"11,650.00"
2019-04-10,2019041001004605,UPPER,57,38,50,232.00,"11,600.00"
2019-04-10,2019041001004582,UPPER,57,38,50,232.00,"11,600.00"
2019-04-10,2019041001004573,UPPER,49,38,50,232.00,"11,600.00"
2019-04-10,2019041001004551,UPPER,49,38,50,232.00,"11,600.00"
2019-04-10,2019041001004713,UPPER,57,56,50,232.00,"11,600.00"
2019-04-10,2019041001004699,UPPER,57,38,50,232.00,"11,600.00"
2019-04-10,2019041001004690,UPPER,57,48,40,232.00,"9,280.00"
2019-04-10,2019041001004652,UPPER,10,36,250,234.00,"58,500.00"
2019-04-10,2019041001004651,UPPER,10,1,50,233.00,"11,650.00"
2019-04-10,2019041001004799,UPPER,46,38,50,232.00,"11,600.00"
2019-04-10,2019041001004793,UPPER,46,38,50,232.00,"11,600.00"
2019-04-10,2019041001004779,UPPER,46,38,50,232.00,"11,600.00"
2019-04-10,2019041001004759,UPPER,57,26,40,232.00,"9,280.00"
2019-04-10,2019041001004857,UPPER,46,56,40,232.00,"9,280.00"
2019-04-10,2019041001004854,UPPER,46,38,50,232.00,"11,600.00"
2019-04-10,2019041001004845,UPPER,46,38,50,232.00,"11,600.00"
2019-04-10,2019041001004841,UPPER,46,56,50,232.00,"11,600.00"
2019-04-10,2019041001004827,UPPER,46,38,50,232.00,"11,600.00"
2019-04-10,2019041001004813,UPPER,46,38,50,232.00,"11,600.00"
2019-04-10,2019041001004872,UPPER,48,38,50,232.00,"11,600.00"
2019-04-10,2019041001004866,UPPER,48,38,30,232.00,"6,960.00"
2019-04-10,2019041001004865,UPPER,38,38,20,232.00,"4,640.00"
2019-04-10,2019041001004862,UPPER,38,8,30,232.00,"6,960.00"
2019-04-10,2019041001004861,UPPER,46,8,10,232.00,"2,320.00"
2019-04-10,2019041001004860,UPPER,46,38,50,232.00,"11,600.00"
2019-04-10,2019041001004904,UPPER,38,38,40,232.00,"9,280.00"
2019-04-10,2019041001004898,UPPER,38,38,50,232.00,"11,600.00"
2019-04-10,2019041001004885,UPPER,38,38,50,232.00,"11,600.00"
2019-04-10,2019041001004881,UPPER,38,38,50,232.00,"11,600.00"
2019-04-10,2019041001004875,UPPER,38,38,20,232.00,"4,640.00"
2019-04-10,2019041001004874,UPPER,48,38,20,232.00,"4,640.00"
2019-04-10,2019041001004954,UPPER,38,39,243,232.00,"56,376.00"
2019-04-10,2019041001004952,UPPER,38,38,40,232.00,"9,280.00"
2019-04-10,2019041001004948,UPPER,38,38,50,232.00,"11,600.00"
2019-04-10,2019041001004940,UPPER,38,38,40,232.00,"9,280.00"
2019-04-10,2019041001004920,UPPER,38,38,40,232.00,"9,280.00"
2019-04-10,2019041001004915,UPPER,38,38,40,232.00,"9,280.00"
2019-04-10,2019041001004366,ADBL,35,4,15,313.00,"4,695.00"
2019-04-10,2019041001004365,ADBL,35,16,320,313.00,"100,160.00"
2019-04-10,2019041001004364,ADBL,35,43,115,313.00,"35,995.00"
2019-04-10,2019041001004363,ADBL,35,43,50,313.00,"15,650.00"
2019-04-10,2019041001003983,ADBL,13,58,35,312.00,"10,920.00"
2019-04-10,2019041001004367,AKJCL,25,35,20,80.00,"1,600.00"
2019-04-10,2019041001004298,AKJCL,25,8,10,80.00,800.00
2019-04-10,2019041001004095,AKPL,26,39,13,165.00,"2,145.00"
2019-04-10,2019041001004034,AKPL,26,39,13,165.00,"2,145.00"
2019-04-10,2019041001003996,AKPL,26,58,431,165.00,"71,115.00"
2019-04-10,2019041001004157,AKPL,26,39,13,165.00,"2,145.00"
2019-04-10,2019041001004385,AKPL,26,35,13,165.00,"2,145.00"
2019-04-10,2019041001004321,AKPL,26,39,13,165.00,"2,145.00"
2019-04-10,2019041001004471,ALBSL,26,26,10,470.00,"4,700.00"
2019-04-10,2019041001004468,ALBSL,26,26,10,470.00,"4,700.00"
2019-04-10,2019041001004456,ALBSL,26,26,10,470.00,"4,700.00"
2019-04-10,2019041001004451,ALBSL,26,26,10,470.00,"4,700.00"
2019-04-10,2019041001004445,ALBSL,26,26,10,470.00,"4,700.00"
2019-04-10,2019041001004431,ALBSL,26,26,10,470.00,"4,700.00"
2019-04-10,2019041001004075,ALBSL,25,57,10,472.00,"4,720.00"
2019-04-10,2019041001004074,ALBSL,25,29,10,472.00,"4,720.00"
2019-04-10,2019041001004061,ALBSL,3,10,10,469.00,"4,690.00"
2019-04-10,2019041001004255,ALBSL,25,38,10,470.00,"4,700.00"
2019-04-10,2019041001004240,ALBSL,25,38,10,470.00,"4,700.00"
2019-04-10,2019041001004222,ALBSL,25,38,10,470.00,"4,700.00"
2019-04-10,2019041001004205,ALBSL,25,38,10,470.00,"4,700.00"
2019-04-10,2019041001004104,ALBSL,25,10,10,470.00,"4,700.00"
2019-04-10,2019041001004295,ALBSL,3,38,10,469.00,"4,690.00"
2019-04-10,2019041001004287,ALBSL,25,38,10,470.00,"4,700.00"
2019-04-10,2019041001004283,ALBSL,25,38,10,470.00,"4,700.00"
2019-04-10,2019041001004277,ALBSL,25,38,10,470.00,"4,700.00"
2019-04-10,2019041001004266,ALBSL,25,38,10,470.00,"4,700.00"
2019-04-10,2019041001004257,ALBSL,25,38,10,470.00,"4,700.00"
2019-04-10,2019041001004331,ALBSL,3,38,10,469.00,"4,690.00"
2019-04-10,2019041001004324,ALBSL,3,38,10,469.00,"4,690.00"
2019-04-10,2019041001004311,ALBSL,3,38,10,469.00,"4,690.00"
2019-04-10,2019041001004301,ALBSL,3,38,10,469.00,"4,690.00"
2019-04-10,2019041001004336,ALICL,17,17,37,404.00,"14,948.00"
2019-04-10,2019041001004335,ALICL,17,28,20,405.00,"8,100.00"
2019-04-10,2019041001004319,ALICL,17,17,12,405.00,"4,860.00"
2019-04-10,2019041001004318,ALICL,57,17,25,405.00,"10,125.00"
2019-04-10,2019041001004268,ALICL,39,22,100,407.00,"40,700.00"
2019-04-10,2019041001004267,ALICL,39,35,100,407.00,"40,700.00"
2019-04-10,2019041001004084,AMFI,28,45,10,630.00,"6,300.00"
2019-04-10,2019041001004069,API,33,8,13,132.00,"1,716.00"
2019-04-10,2019041001004068,API,52,8,15,132.00,"1,980.00"
2019-04-10,2019041001004297,BHBL,4,18,500,169.00,"84,500.00"
2019-04-10,2019041001004131,BHBL,57,34,31,167.00,"5,177.00"
2019-04-10,2019041001004112,BHBL,57,57,50,170.00,"8,500.00"
2019-04-10,2019041001003995,BOKL,52,37,500,257.00,"128,500.00"
2019-04-10,2019041001003994,BOKL,26,37,500,257.00,"128,500.00"
2019-04-10,2019041001003993,BOKL,50,37,500,257.00,"128,500.00"
2019-04-10,2019041001004328,BPCL,8,59,11,358.00,"3,938.00"
2019-04-10,2019041001004206,BPCL,8,35,11,358.00,"3,938.00"
2019-04-10,2019041001004158,BPCL,8,49,55,358.00,"19,690.00"
2019-04-10,2019041001004005,BPCL,8,58,608,358.00,"217,664.00"
2019-04-10,2019041001004412,CBBL,46,16,10,910.00,"9,100.00"
2019-04-10,2019041001004411,CBBL,46,45,20,909.00,"18,180.00"
2019-04-10,2019041001004430,CBL,48,28,"1,000",161.00,"161,000.00"
2019-04-10,2019041001004429,CBL,48,52,100,161.00,"16,100.00"
2019-04-10,2019041001004428,CBL,48,21,500,161.00,"80,500.00"
2019-04-10,2019041001004427,CBL,48,26,135,161.00,"21,735.00"
2019-04-10,2019041001004279,CBL,48,57,64,160.00,"10,240.00"
2019-04-10,2019041001004093,CBL,32,17,"3,368",160.00,"538,880.00"
2019-04-10,2019041001004092,CBL,32,45,451,160.00,"72,160.00"
2019-04-10,2019041001004085,CBL,32,45,82,160.00,"13,120.00"
2019-04-10,2019041001004461,CCBL,44,44,68,171.00,"11,628.00"
2019-04-10,2019041001004386,CCBL,44,45,"2,500",171.00,"427,500.00"
2019-04-10,2019041001004372,CCBL,44,58,500,171.00,"85,500.00"
2019-04-10,2019041001004355,CCBL,44,45,"2,500",171.00,"427,500.00"
2019-04-10,2019041001004246,CCBL,44,6,500,171.00,"85,500.00"
2019-04-10,2019041001003977,CCBL,34,45,118,170.00,"20,060.00"
2019-04-10,2019041001004048,CCBL,44,25,"3,000",171.00,"513,000.00"
2019-04-10,2019041001004047,CCBL,44,45,"2,000",171.00,"342,000.00"
2019-04-10,2019041001004046,CCBL,44,44,200,171.00,"34,200.00"
2019-04-10,2019041001004045,CCBL,44,58,500,171.00,"85,500.00"
2019-04-10,2019041001004044,CCBL,44,58,962,171.00,"164,502.00"
2019-04-10,2019041001003997,CCBL,34,49,120,170.00,"20,400.00"
2019-04-10,2019041001004054,CCBL,44,41,300,171.00,"51,300.00"
2019-04-10,2019041001004053,CCBL,44,4,35,171.00,"5,985.00"
2019-04-10,2019041001004052,CCBL,44,6,20,171.00,"3,420.00"
2019-04-10,2019041001004051,CCBL,44,4,19,171.00,"3,249.00"
2019-04-10,2019041001004050,CCBL,44,4,19,171.00,"3,249.00"
2019-04-10,2019041001004049,CCBL,44,4,19,171.00,"3,249.00"
2019-04-10,2019041001004146,CCBL,44,50,"1,005",171.00,"171,855.00"
2019-04-10,2019041001004145,CCBL,44,17,100,171.00,"17,100.00"
2019-04-10,2019041001004089,CCBL,34,45,119,170.00,"20,230.00"
2019-04-10,2019041001004067,CCBL,34,47,93,170.00,"15,810.00"
2019-04-10,2019041001004056,CCBL,44,46,100,171.00,"17,100.00"
2019-04-10,2019041001004055,CCBL,44,57,182,171.00,"31,122.00"
2019-04-10,2019041001004153,CHCL,3,13,150,505.00,"75,750.00"
2019-04-10,2019041001004152,CHCL,3,13,300,505.00,"151,500.00"
2019-04-10,2019041001004151,CHCL,3,29,40,505.00,"20,200.00"
2019-04-10,2019041001004150,CHCL,3,43,10,504.00,"5,040.00"
2019-04-10,2019041001004322,CHLBS,26,59,10,487.00,"4,870.00"
2019-04-10,2019041001004057,CHLBS,21,43,10,487.00,"4,870.00"
2019-04-10,2019041001004371,CZBIL,42,22,74,224.00,"16,576.00"
2019-04-10,2019041001004370,CZBIL,42,13,30,224.00,"6,720.00"
2019-04-10,2019041001004369,CZBIL,42,40,500,224.00,"112,000.00"
2019-04-10,2019041001004368,CZBIL,42,29,150,223.00,"33,450.00"
2019-04-10,2019041001004326,CZBIL,32,8,10,220.00,"2,200.00"
2019-04-10,2019041001003978,CZBIL,32,53,90,220.00,"19,800.00"
2019-04-10,2019041001004252,DBBL,49,57,400,129.00,"51,600.00"
2019-04-10,2019041001004251,DBBL,49,48,585,129.00,"75,465.00"
2019-04-10,2019041001004250,DBBL,49,21,"1,000",129.00,"129,000.00"
2019-04-10,2019041001004249,DBBL,49,32,500,129.00,"64,500.00"
2019-04-10,2019041001004248,DBBL,49,32,"1,000",129.00,"129,000.00"
2019-04-10,2019041001004230,DBBL,57,16,100,128.00,"12,800.00"
2019-04-10,2019041001004229,DBBL,57,58,835,128.00,"106,880.00"
2019-04-10,2019041001004228,DBBL,57,29,"1,049",128.00,"134,272.00"
2019-04-10,2019041001004227,DBBL,57,32,400,128.00,"51,200.00"
2019-04-10,2019041001004020,DHPL,42,42,10,83.00,830.00
2019-04-10,2019041001004019,DHPL,42,42,10,83.00,830.00
2019-04-10,2019041001004419,EBL,17,34,50,605.00,"30,250.00"
2019-04-10,2019041001004418,EBL,17,6,200,605.00,"121,000.00"
2019-04-10,2019041001004320,EBL,52,6,50,605.00,"30,250.00"
2019-04-10,2019041001003989,EBL,38,45,63,600.00,"37,800.00"
2019-04-10,2019041001004161,FMDBL,53,57,100,375.00,"37,500.00"
2019-04-10,2019041001004425,FOWAD,58,17,10,"1,505.00","15,050.00"
2019-04-10,2019041001004294,FOWAD,57,39,15,"1,500.00","22,500.00"
2019-04-10,2019041001004245,GBBL,57,35,500,194.00,"97,000.00"
2019-04-10,2019041001004417,GBIME,8,29,235,273.00,"64,155.00"
2019-04-10,2019041001004416,GBIME,8,26,814,273.00,"222,222.00"
