Date,Transact. No.,Symbol,Buyer,Seller,Quantity,Rate,Amount
2019-02-20,2019022001003247,ADBL,32,22,79,329.00,"25,991.00"
2019-02-20,2019022001003537,AKJCL,22,40,20,79.00,"1,580.00"
2019-02-20,2019022001003494,AKJCL,42,41,20,80.00,"1,600.00"
2019-02-20,2019022001003264,AKJCL,42,40,20,80.00,"1,600.00"
2019-02-20,2019022001003211,AKJCL,42,40,20,80.00,"1,600.00"
2019-02-20,2019022001003200,AKJCL,42,49,20,80.00,"1,600.00"
2019-02-20,2019022001003199,AKJCL,42,5,20,80.00,"1,600.00"
2019-02-20,2019022001003531,AKPL,22,29,180,152.00,"27,360.00"
2019-02-20,2019022001003530,AKPL,19,29,10,152.00,"1,520.00"
2019-02-20,2019022001003492,AKPL,19,25,40,152.00,"6,080.00"
2019-02-20,2019022001003435,AKPL,5,22,90,153.00,"13,770.00"
2019-02-20,2019022001003682,ALICL,44,17,50,572.00,"28,600.00"
2019-02-20,2019022001003409,ALICL,57,4,50,571.00,"28,550.00"
2019-02-20,2019022001003408,ALICL,42,4,30,571.00,"17,130.00"
2019-02-20,2019022001003407,ALICL,44,4,100,572.00,"57,200.00"
2019-02-20,2019022001003406,ALICL,45,4,20,572.00,"11,440.00"
2019-02-20,2019022001003574,API,25,34,24,129.00,"3,096.00"
2019-02-20,2019022001003501,API,5,39,500,127.00,"63,500.00"
2019-02-20,2019022001003500,API,39,39,89,127.00,"11,303.00"
2019-02-20,2019022001003233,API,25,34,16,129.00,"2,064.00"
2019-02-20,2019022001003221,BARUN,21,19,100,93.00,"9,300.00"
2019-02-20,2019022001003499,BOKL,5,21,100,242.00,"24,200.00"
2019-02-20,2019022001003498,BOKL,32,21,400,242.00,"96,800.00"
2019-02-20,2019022001003497,BOKL,1,21,20,242.00,"4,840.00"
2019-02-20,2019022001003418,BOKL,53,25,163,243.00,"39,609.00"
2019-02-20,2019022001003417,BOKL,53,34,37,243.00,"8,991.00"
2019-02-20,2019022001003210,BOKL,48,34,100,243.00,"24,300.00"
2019-02-20,2019022001003379,BPCL,1,56,10,345.00,"3,450.00"
2019-02-20,2019022001003638,CBBL,32,32,500,860.00,"430,000.00"
2019-02-20,2019022001003455,CBBL,8,32,100,860.00,"86,000.00"
2019-02-20,2019022001003280,CBBL,21,32,200,865.00,"173,000.00"
2019-02-20,2019022001003279,CBBL,16,32,10,865.00,"8,650.00"
2019-02-20,2019022001003278,CBBL,50,32,50,866.00,"43,300.00"
2019-02-20,2019022001003277,CBBL,26,32,26,866.00,"22,516.00"
2019-02-20,2019022001003286,CBBL,28,32,"1,000",862.00,"862,000.00"
2019-02-20,2019022001003285,CBBL,45,32,20,862.00,"17,240.00"
2019-02-20,2019022001003284,CBBL,17,32,140,862.00,"120,680.00"
2019-02-20,2019022001003283,CBBL,33,32,50,863.00,"43,150.00"
2019-02-20,2019022001003282,CBBL,14,32,50,864.00,"43,200.00"
2019-02-20,2019022001003281,CBBL,58,32,100,864.00,"86,400.00"
2019-02-20,2019022001003327,CBBL,34,32,200,860.00,"172,000.00"
2019-02-20,2019022001003326,CBBL,29,32,50,860.00,"43,000.00"
2019-02-20,2019022001003325,CBBL,11,32,20,861.00,"17,220.00"
2019-02-20,2019022001003324,CBBL,28,32,196,861.00,"168,756.00"
2019-02-20,2019022001003288,CBBL,28,32,304,861.00,"261,744.00"
2019-02-20,2019022001003287,CBBL,58,32,50,862.00,"43,100.00"
2019-02-20,2019022001003333,CBBL,50,32,50,860.00,"43,000.00"
2019-02-20,2019022001003332,CBBL,54,32,200,860.00,"172,000.00"
2019-02-20,2019022001003331,CBBL,13,32,100,860.00,"86,000.00"
2019-02-20,2019022001003330,CBBL,54,32,20,860.00,"17,200.00"
2019-02-20,2019022001003329,CBBL,48,32,100,860.00,"86,000.00"
2019-02-20,2019022001003328,CBBL,55,32,100,860.00,"86,000.00"
2019-02-20,2019022001003454,CBBL,55,32,100,860.00,"86,000.00"
2019-02-20,2019022001003350,CBBL,21,32,64,860.00,"55,040.00"
2019-02-20,2019022001003336,CBBL,45,32,50,860.00,"43,000.00"
2019-02-20,2019022001003335,CBBL,14,32,50,860.00,"43,000.00"
2019-02-20,2019022001003334,CBBL,19,32,100,860.00,"86,000.00"
2019-02-20,2019022001003604,CBL,25,14,188,148.00,"27,824.00"
2019-02-20,2019022001003394,CBL,6,14,800,149.00,"119,200.00"
2019-02-20,2019022001003275,CCBL,51,56,190,159.00,"30,210.00"
2019-02-20,2019022001003243,CCBL,42,56,100,159.00,"15,900.00"
2019-02-20,2019022001003522,CFCL,44,14,538,110.00,"59,180.00"
2019-02-20,2019022001003521,CFCL,16,14,462,110.00,"50,820.00"
2019-02-20,2019022001003679,CHCL,6,45,100,506.00,"50,600.00"
2019-02-20,2019022001003479,CHCL,6,22,213,507.00,"107,991.00"
2019-02-20,2019022001003478,CHCL,6,45,40,507.00,"20,280.00"
2019-02-20,2019022001003357,CHCL,16,22,500,505.00,"252,500.00"
2019-02-20,2019022001003238,CHCL,16,42,23,505.00,"11,615.00"
2019-02-20,2019022001003557,CHLBS,58,40,10,547.00,"5,470.00"
2019-02-20,2019022001003461,CHLBS,58,40,10,547.00,"5,470.00"
2019-02-20,2019022001003558,CIT,26,35,70,"2,530.00","177,100.00"
2019-02-20,2019022001003517,CIT,28,32,100,"2,531.00","253,100.00"
2019-02-20,2019022001003269,CIT,49,25,45,"2,524.00","113,580.00"
2019-02-20,2019022001003267,CIT,49,1,29,"2,524.00","73,196.00"
2019-02-20,2019022001003257,CIT,49,33,59,"2,524.00","148,916.00"
2019-02-20,2019022001003246,CIT,13,33,30,"2,524.00","75,720.00"
2019-02-20,2019022001003245,CIT,34,33,11,"2,529.00","27,819.00"
2019-02-20,2019022001003209,CIT,35,32,21,"2,530.00","53,130.00"
2019-02-20,2019022001003681,CZBIL,43,56,10,201.00,"2,010.00"
2019-02-20,2019022001003662,CZBIL,43,56,10,201.00,"2,010.00"
2019-02-20,2019022001003637,CZBIL,43,56,10,201.00,"2,010.00"
2019-02-20,2019022001003595,CZBIL,43,56,10,201.00,"2,010.00"
2019-02-20,2019022001003585,CZBIL,29,56,10,201.00,"2,010.00"
2019-02-20,2019022001003540,CZBIL,29,56,10,201.00,"2,010.00"
2019-02-20,2019022001003438,CZBIL,45,14,50,203.00,"10,150.00"
2019-02-20,2019022001003437,CZBIL,45,38,150,202.00,"30,300.00"
2019-02-20,2019022001003436,CZBIL,1,38,50,202.00,"10,100.00"
2019-02-20,2019022001003352,CZBIL,37,1,264,202.00,"53,328.00"
2019-02-20,2019022001003323,CZBIL,1,1,50,202.00,"10,100.00"
2019-02-20,2019022001003488,DDBL,47,45,50,580.00,"29,000.00"
2019-02-20,2019022001003678,FOWAD,45,36,13,"1,526.00","19,838.00"
2019-02-20,2019022001003657,FOWAD,47,36,15,"1,526.00","22,890.00"
2019-02-20,2019022001003656,FOWAD,42,36,20,"1,526.00","30,520.00"
2019-02-20,2019022001003623,GBIME,29,29,85,259.00,"22,015.00"
2019-02-20,2019022001003622,GBIME,17,29,100,259.00,"25,900.00"
2019-02-20,2019022001003621,GBIME,17,29,50,259.00,"12,950.00"
2019-02-20,2019022001003620,GBIME,57,29,365,259.00,"94,535.00"
2019-02-20,2019022001003572,GBIME,34,29,100,260.00,"26,000.00"
2019-02-20,2019022001003569,GBIME,58,39,400,260.00,"104,000.00"
2019-02-20,2019022001003419,GBIME,55,43,85,261.00,"22,185.00"
2019-02-20,2019022001003393,GBIME,55,51,40,261.00,"10,440.00"
2019-02-20,2019022001003568,GBIME,40,39,100,260.00,"26,000.00"
2019-02-20,2019022001003567,GBIME,41,39,500,260.00,"130,000.00"
2019-02-20,2019022001003566,GBIME,32,39,30,260.00,"7,800.00"
2019-02-20,2019022001003565,GBIME,51,39,140,260.00,"36,400.00"
2019-02-20,2019022001003515,GBIME,25,45,"1,000",261.00,"261,000.00"
2019-02-20,2019022001003420,GBIME,39,43,300,261.00,"78,300.00"
2019-02-20,2019022001003448,GBLBS,13,57,10,440.00,"4,400.00"
2019-02-20,2019022001003388,GFCL,38,6,200,115.00,"23,000.00"
2019-02-20,2019022001003384,GLICL,10,58,10,666.00,"6,660.00"
2019-02-20,2019022001003686,HBL,40,28,10,431.00,"4,310.00"
2019-02-20,2019022001003685,HBL,22,28,90,431.00,"38,790.00"
2019-02-20,2019022001003684,HBL,53,28,76,432.00,"32,832.00"
2019-02-20,2019022001003636,HGI,16,55,100,379.00,"37,900.00"
2019-02-20,2019022001003597,HGI,16,10,671,379.00,"254,309.00"
2019-02-20,2019022001003265,HIDCL,34,42,23,132.00,"3,036.00"
2019-02-20,2019022001003675,IGI,22,34,10,410.00,"4,100.00"
2019-02-20,2019022001003412,JBBL,11,17,490,137.00,"67,130.00"
2019-02-20,2019022001003252,JBBL,28,42,16,136.00,"2,176.00"
2019-02-20,2019022001003513,JBNL,33,33,10,165.00,"1,650.00"
2019-02-20,2019022001003260,JBNL,48,22,"1,000",164.00,"164,000.00"
2019-02-20,2019022001003259,JBNL,34,22,864,164.00,"141,696.00"
2019-02-20,2019022001003244,JBNL,34,42,44,164.00,"7,216.00"
2019-02-20,2019022001003241,JBNL,34,46,200,164.00,"32,800.00"
2019-02-20,2019022001003219,JBNL,34,10,737,164.00,"120,868.00"
2019-02-20,2019022001003646,JEFL,4,32,500,134.00,"67,000.00"
2019-02-20,2019022001003642,JEFL,42,32,500,134.00,"67,000.00"
2019-02-20,2019022001003453,JEFL,4,51,"1,000",134.00,"134,000.00"
2019-02-20,2019022001003506,KBBL,42,1,10,210.00,"2,100.00"
2019-02-20,2019022001003373,KBBL,46,33,337,208.00,"70,096.00"
2019-02-20,2019022001003372,KBBL,5,33,163,208.00,"33,904.00"
2019-02-20,2019022001003231,KBBL,19,1,300,210.00,"63,000.00"
2019-02-20,2019022001003230,KBBL,19,52,200,210.00,"42,000.00"
2019-02-20,2019022001003465,KBL,38,49,47,230.00,"10,810.00"
2019-02-20,2019022001003447,KBL,40,49,500,231.00,"115,500.00"
2019-02-20,2019022001003446,KBL,58,49,500,231.00,"115,500.00"
2019-02-20,2019022001003445,KBL,59,49,255,231.00,"58,905.00"
2019-02-20,2019022001003444,KBL,42,49,100,232.00,"23,200.00"
2019-02-20,2019022001003443,KBL,34,49,791,232.00,"183,512.00"
2019-02-20,2019022001003676,KMCDB,48,38,56,845.00,"47,320.00"
2019-02-20,2019022001003451,KMCDB,52,35,22,830.00,"18,260.00"
2019-02-20,2019022001003427,KMFL,49,48,10,936.00,"9,360.00"
2019-02-20,2019022001003571,KRBL,41,29,20,92.00,"1,840.00"
2019-02-20,2019022001003440,KRBL,47,33,30,92.00,"2,760.00"
2019-02-20,2019022001003229,KSBBL,47,34,100,132.00,"13,200.00"
2019-02-20,2019022001003439,LBL,52,16,200,188.00,"37,600.00"
2019-02-20,2019022001003253,LBL,40,16,50,187.00,"9,350.00"
2019-02-20,2019022001003220,LBL,32,34,100,186.00,"18,600.00"
2019-02-20,2019022001003687,LGIL,42,52,100,503.00,"50,300.00"
2019-02-20,2019022001003371,LGIL,42,4,70,503.00,"35,210.00"
2019-02-20,2019022001003370,LGIL,39,4,100,505.00,"50,500.00"
2019-02-20,2019022001003369,LGIL,34,4,200,505.00,"101,000.00"
2019-02-20,2019022001003368,LGIL,11,4,20,505.00,"10,100.00"
2019-02-20,2019022001003367,LGIL,46,4,100,505.00,"50,500.00"
2019-02-20,2019022001003366,LGIL,34,4,10,505.00,"5,050.00"
2019-02-20,2019022001003433,LICN,35,25,10,"1,613.00","16,130.00"
2019-02-20,2019022001003432,LICN,35,55,10,"1,600.00","16,000.00"
2019-02-20,2019022001003431,LICN,35,17,42,"1,600.00","67,200.00"
2019-02-20,2019022001003512,LLBS,28,26,24,765.00,"18,360.00"
2019-02-20,2019022001003266,LLBS,57,26,11,765.00,"8,415.00"
2019-02-20,2019022001003254,LLBS,57,26,11,765.00,"8,415.00"
2019-02-20,2019022001003640,MBL,38,42,500,207.00,"103,500.00"
2019-02-20,2019022001003514,MBL,42,42,100,207.00,"20,700.00"
2019-02-20,2019022001003376,MBL,34,42,"2,000",207.00,"414,000.00"
2019-02-20,2019022001003375,MBL,47,42,100,207.00,"20,700.00"
2019-02-20,2019022001003374,MBL,35,42,207,207.00,"42,849.00"
2019-02-20,2019022001003363,MBL,25,39,200,208.00,"41,600.00"
2019-02-20,2019022001003223,MBL,34,39,465,208.00,"96,720.00"
2019-02-20,2019022001003625,MEGA,19,39,500,159.00,"79,500.00"
2019-02-20,2019022001003624,MEGA,41,39,300,159.00,"47,700.00"
2019-02-20,2019022001003460,MEGA,42,36,100,160.00,"16,000.00"
2019-02-20,2019022001003452,MERO,44,32,57,603.00,"34,371.00"
2019-02-20,2019022001003411,MERO,5,11,200,605.00,"121,000.00"
2019-02-20,2019022001003399,MLBL,32,17,100,161.00,"16,100.00"
2019-02-20,2019022001003398,MLBL,32,17,100,161.00,"16,100.00"
2019-02-20,2019022001003397,MLBL,32,17,200,161.00,"32,200.00"
2019-02-20,2019022001003396,MLBL,32,17,200,161.00,"32,200.00"
2019-02-20,2019022001003395,MLBL,32,17,200,161.00,"32,200.00"
2019-02-20,2019022001003456,MMFDB,14,5,30,972.00,"29,160.00"
2019-02-20,2019022001003405,MMFDB,43,35,16,973.00,"15,568.00"
2019-02-20,2019022001003527,MNBBL,42,1,85,336.00,"28,560.00"
2019-02-20,2019022001003526,MNBBL,6,1,50,337.00,"16,850.00"
2019-02-20,2019022001003525,MNBBL,29,1,15,337.00,"5,055.00"
2019-02-20,2019022001003511,MSLB,49,32,10,"1,375.00","13,750.00"
2019-02-20,2019022001003255,MSLB,57,53,15,"1,361.00","20,415.00"
2019-02-20,2019022001003635,NABIL,6,59,100,789.00,"78,900.00"
2019-02-20,2019022001003481,NABIL,36,46,50,787.00,"39,350.00"
2019-02-20,2019022001003392,NABIL,32,21,15,784.00,"11,760.00"
2019-02-20,2019022001003342,NABIL,28,17,53,784.00,"41,552.00"
2019-02-20,2019022001003341,NABIL,58,17,30,785.00,"23,550.00"
2019-02-20,2019022001003340,NABIL,34,17,805,785.00,"631,925.00"
2019-02-20,2019022001003339,NABIL,39,17,10,785.00,"7,850.00"
2019-02-20,2019022001003338,NABIL,55,17,52,785.00,"40,820.00"
2019-02-20,2019022001003337,NABIL,42,17,50,785.00,"39,250.00"
2019-02-20,2019022001003668,NABILP,17,47,400,753.00,"301,200.00"
2019-02-20,2019022001003667,NABILP,17,32,200,752.00,"150,400.00"
2019-02-20,2019022001003607,NABILP,17,50,300,750.00,"225,000.00"
2019-02-20,2019022001003606,NABILP,17,5,150,750.00,"112,500.00"
2019-02-20,2019022001003605,NABILP,17,11,150,748.00,"112,200.00"
2019-02-20,2019022001003589,NABILP,17,34,140,747.00,"104,580.00"
2019-02-20,2019022001003524,NABILP,35,34,100,747.00,"74,700.00"
2019-02-20,2019022001003507,NABILP,35,34,150,747.00,"112,050.00"
2019-02-20,2019022001003480,NABILP,6,34,610,747.00,"455,670.00"
2019-02-20,2019022001003428,NABILP,6,43,390,747.00,"291,330.00"
2019-02-20,2019022001003240,NBB,49,8,90,184.00,"16,560.00"
2019-02-20,2019022001003666,NBL,10,44,"1,208",283.00,"341,864.00"
2019-02-20,2019022001003665,NBL,37,44,400,283.00,"113,200.00"
2019-02-20,2019022001003655,NBL,37,44,600,283.00,"169,800.00"
2019-02-20,2019022001003654,NBL,29,44,200,283.00,"56,600.00"
2019-02-20,2019022001003653,NBL,51,44,100,283.00,"28,300.00"
2019-02-20,2019022001003652,NBL,44,44,310,283.00,"87,730.00"
2019-02-20,2019022001003192,NBL,56,44,792,284.00,"224,928.00"
2019-02-20,2019022001003467,NBL,41,44,142,284.00,"40,328.00"
2019-02-20,2019022001003466,NBL,41,44,158,284.00,"44,872.00"
2019-02-20,2019022001003361,NBL,6,44,"1,000",284.00,"284,000.00"
2019-02-20,2019022001003242,NBL,35,44,50,284.00,"14,200.00"
2019-02-20,2019022001003206,NBL,49,43,10,283.00,"2,830.00"
2019-02-20,2019022001003193,NBL,19,44,"1,000",284.00,"284,000.00"
2019-02-20,2019022001003651,NBL,26,44,200,283.00,"56,600.00"
2019-02-20,2019022001003650,NBL,13,44,100,283.00,"28,300.00"
2019-02-20,2019022001003649,NBL,42,44,"2,000",283.00,"566,000.00"
2019-02-20,2019022001003648,NBL,40,44,300,283.00,"84,900.00"
2019-02-20,2019022001003647,NBL,49,44,190,283.00,"53,770.00"
2019-02-20,2019022001003468,NBL,29,44,50,284.00,"14,200.00"
2019-02-20,2019022001003556,NCCB,25,45,586,205.00,"120,130.00"
2019-02-20,2019022001003555,NCCB,28,45,35,205.00,"7,175.00"
2019-02-20,2019022001003554,NCCB,6,45,300,205.00,"61,500.00"
2019-02-20,2019022001003553,NCCB,11,45,100,205.00,"20,500.00"
2019-02-20,2019022001003552,NCCB,58,45,"2,000",205.00,"410,000.00"
2019-02-20,2019022001003551,NCCB,58,45,500,205.00,"102,500.00"
2019-02-20,2019022001003270,NCCB,13,34,839,206.00,"172,834.00"
2019-02-20,2019022001003544,NCCB,42,45,500,205.00,"102,500.00"
2019-02-20,2019022001003543,NCCB,25,45,317,205.00,"64,985.00"
2019-02-20,2019022001003493,NCCB,32,32,52,206.00,"10,712.00"
2019-02-20,2019022001003354,NCCB,46,32,"1,000",206.00,"206,000.00"
2019-02-20,2019022001003353,NCCB,13,32,339,206.00,"69,834.00"
2019-02-20,2019022001003271,NCCB,13,34,161,206.00,"33,166.00"
2019-02-20,2019022001003550,NCCB,14,45,100,205.00,"20,500.00"
2019-02-20,2019022001003549,NCCB,6,45,250,205.00,"51,250.00"
2019-02-20,2019022001003548,NCCB,25,45,124,205.00,"25,420.00"
2019-02-20,2019022001003547,NCCB,33,45,200,205.00,"41,000.00"
2019-02-20,2019022001003546,NCCB,46,45,50,205.00,"10,250.00"
2019-02-20,2019022001003545,NCCB,1,45,500,205.00,"102,500.00"
2019-02-20,2019022001003382,NEF,6,51,"1,207",7.88,"9,511.16"
2019-02-20,2019022001003364,NEF,6,51,"1,207",7.88,"9,511.16"
2019-02-20,2019022001003276,NEF,17,34,500,8.00,"4,000.00"
2019-02-20,2019022001003214,NEF,29,54,"14,000",7.90,"110,600.00"
2019-02-20,2019022001003213,NEF,17,54,"2,000",7.91,"15,820.00"
2019-02-20,2019022001003212,NEF,1,54,"2,000",7.92,"15,840.00"
2019-02-20,2019022001003198,NHPC,55,34,900,62.00,"55,800.00"
2019-02-20,2019022001003677,NIB,6,42,100,511.00,"51,100.00"
2019-02-20,2019022001003639,NIB,57,37,781,512.00,"399,872.00"
2019-02-20,2019022001003587,NIB,6,37,200,511.00,"102,200.00"
2019-02-20,2019022001003475,NIB,19,37,200,512.00,"102,400.00"
2019-02-20,2019022001003359,NIB,1,37,100,512.00,"51,200.00"
2019-02-20,2019022001003349,NIB,57,13,93,511.00,"47,523.00"
2019-02-20,2019022001003348,NIB,42,13,30,512.00,"15,360.00"
2019-02-20,2019022001003258,NIB,44,13,20,511.00,"10,220.00"
2019-02-20,2019022001003386,NIBLPF,42,58,"1,000",7.35,"7,350.00"
2019-02-20,2019022001003430,NICA,37,33,10,387.00,"3,870.00"
2019-02-20,2019022001003391,NICA,58,37,100,387.00,"38,700.00"
2019-02-20,2019022001003560,NICL,35,6,50,372.00,"18,600.00"
2019-02-20,2019022001003503,NICL,35,34,100,370.00,"37,000.00"
2019-02-20,2019022001003502,NICL,51,34,100,371.00,"37,100.00"
2019-02-20,2019022001003458,NICL,5,6,100,372.00,"37,200.00"
2019-02-20,2019022001003434,NICL,5,1,100,372.00,"37,200.00"
2019-02-20,2019022001003538,NIL,47,34,75,507.00,"38,025.00"
2019-02-20,2019022001003518,NIL,45,59,200,506.00,"101,200.00"
2019-02-20,2019022001003450,NIL,41,34,100,507.00,"50,700.00"
2019-02-20,2019022001003404,NIL,34,34,50,507.00,"25,350.00"
2019-02-20,2019022001003403,NIL,33,34,300,507.00,"152,100.00"
2019-02-20,2019022001003402,NIL,49,34,50,507.00,"25,350.00"
2019-02-20,2019022001003401,NIL,32,34,50,508.00,"25,400.00"
2019-02-20,2019022001003400,NIL,11,34,200,508.00,"101,600.00"
2019-02-20,2019022001003383,NIL,53,44,49,509.00,"24,941.00"
2019-02-20,2019022001003215,NIL,28,44,215,509.00,"109,435.00"
2019-02-20,2019022001003564,NLG,6,16,30,788.00,"23,640.00"
2019-02-20,2019022001003563,NLG,11,16,10,788.00,"7,880.00"
2019-02-20,2019022001003562,NLG,41,16,50,788.00,"39,400.00"
2019-02-20,2019022001003561,NLG,50,16,10,789.00,"7,890.00"
2019-02-20,2019022001003683,NLIC,44,4,100,"1,010.00","101,000.00"
2019-02-20,2019022001003661,NLIC,44,4,100,"1,010.00","101,000.00"
2019-02-20,2019022001003634,NLIC,19,29,20,"1,007.00","20,140.00"
2019-02-20,2019022001003618,NLIC,33,4,50,"1,010.00","50,500.00"
2019-02-20,2019022001003617,NLIC,52,4,200,"1,010.00","202,000.00"
2019-02-20,2019022001003616,NLIC,41,4,10,"1,010.00","10,100.00"
2019-02-20,2019022001003381,NLIC,49,4,30,"1,014.00","30,420.00"
2019-02-20,2019022001003351,NLIC,19,4,45,"1,012.00","45,540.00"
2019-02-20,2019022001003611,NLIC,11,34,20,"1,010.00","20,200.00"
2019-02-20,2019022001003610,NLIC,34,34,50,"1,010.00","50,500.00"
2019-02-20,2019022001003609,NLIC,56,34,28,"1,011.00","28,308.00"
2019-02-20,2019022001003542,NLIC,56,29,17,"1,011.00","17,187.00"
2019-02-20,2019022001003495,NLIC,29,29,4,"1,012.00","4,048.00"
2019-02-20,2019022001003416,NLIC,29,29,4,"1,012.00","4,048.00"
2019-02-20,2019022001003528,NLICL,33,35,10,634.00,"6,340.00"
2019-02-20,2019022001003390,NLICL,22,42,90,628.00,"56,520.00"
2019-02-20,2019022001003389,NLICL,57,42,10,628.00,"6,280.00"
2019-02-20,2019022001003347,NLICL,57,22,90,628.00,"56,520.00"
2019-02-20,2019022001003608,NMB,39,29,33,305.00,"10,065.00"
2019-02-20,2019022001003355,NMB,56,48,100,306.00,"30,600.00"
2019-02-20,2019022001003311,NMB,39,54,161,305.00,"49,105.00"
2019-02-20,2019022001003310,NMB,19,54,100,305.00,"30,500.00"
2019-02-20,2019022001003309,NMB,29,54,20,305.00,"6,100.00"
2019-02-20,2019022001003308,NMB,56,54,100,305.00,"30,500.00"
2019-02-20,2019022001003195,NMB,28,38,50,306.00,"15,300.00"
2019-02-20,2019022001003194,NMB,16,38,39,306.00,"11,934.00"
2019-02-20,2019022001003295,NMB,50,54,200,305.00,"61,000.00"
2019-02-20,2019022001003294,NMB,25,54,500,305.00,"152,500.00"
2019-02-20,2019022001003293,NMB,6,54,30,305.00,"9,150.00"
2019-02-20,2019022001003292,NMB,19,54,39,305.00,"11,895.00"
2019-02-20,2019022001003289,NMB,56,48,39,306.00,"11,934.00"
2019-02-20,2019022001003196,NMB,56,38,161,306.00,"49,266.00"
2019-02-20,2019022001003301,NMB,28,54,200,305.00,"61,000.00"
2019-02-20,2019022001003300,NMB,32,54,100,305.00,"30,500.00"
2019-02-20,2019022001003299,NMB,39,54,200,305.00,"61,000.00"
2019-02-20,2019022001003298,NMB,41,54,400,305.00,"122,000.00"
2019-02-20,2019022001003297,NMB,55,54,100,305.00,"30,500.00"
2019-02-20,2019022001003296,NMB,55,54,100,305.00,"30,500.00"
2019-02-20,2019022001003307,NMB,16,54,"1,000",305.00,"305,000.00"
2019-02-20,2019022001003306,NMB,17,54,50,305.00,"15,250.00"
2019-02-20,2019022001003305,NMB,33,54,300,305.00,"91,500.00"
2019-02-20,2019022001003304,NMB,34,54,200,305.00,"61,000.00"
2019-02-20,2019022001003303,NMB,1,54,200,305.00,"61,000.00"
2019-02-20,2019022001003302,NMB,40,54,500,305.00,"152,500.00"
2019-02-20,2019022001003689,NNLB,1,45,50,471.00,"23,550.00"
2019-02-20,2019022001003688,NNLB,22,45,10,473.00,"4,730.00"
2019-02-20,2019022001003533,NNLB,17,45,100,474.00,"47,400.00"
2019-02-20,2019022001003532,NNLB,45,45,30,478.00,"14,340.00"
2019-02-20,2019022001003387,NNLB,57,39,90,479.00,"43,110.00"
2019-02-20,2019022001003208,NNLB,57,34,10,479.00,"4,790.00"
2019-02-20,2019022001003197,NNLB,45,34,65,480.00,"31,200.00"
2019-02-20,2019022001003473,NSEWA,57,57,10,545.00,"5,450.00"
2019-02-20,2019022001003464,NSEWA,57,57,10,545.00,"5,450.00"
2019-02-20,2019022001003457,NSEWA,57,57,10,545.00,"5,450.00"
2019-02-20,2019022001003586,NTC,28,7,20,688.00,"13,760.00"
2019-02-20,2019022001003487,NTC,38,52,460,677.00,"311,420.00"
2019-02-20,2019022001003486,NTC,1,52,50,678.00,"33,900.00"
2019-02-20,2019022001003485,NTC,34,52,10,679.00,"6,790.00"
2019-02-20,2019022001003510,NUBL,42,5,10,720.00,"7,200.00"
2019-02-20,2019022001003291,NUBL,14,44,10,715.00,"7,150.00"
2019-02-20,2019022001003290,NUBL,45,44,20,715.00,"14,300.00"
2019-02-20,2019022001003222,NUBL,20,44,10,720.00,"7,200.00"
2019-02-20,2019022001003207,NUBL,20,49,10,720.00,"7,200.00"
2019-02-20,2019022001003228,PCBL,33,38,150,309.00,"46,350.00"
2019-02-20,2019022001003227,PCBL,19,38,25,309.00,"7,725.00"
2019-02-20,2019022001003226,PCBL,34,38,937,309.00,"289,533.00"
2019-02-20,2019022001003529,PFL,49,49,"7,916",126.00,"997,416.00"
2019-02-20,2019022001003516,PFL,14,33,52,127.00,"6,604.00"
2019-02-20,2019022001003491,PFL,53,49,30,127.00,"3,810.00"
2019-02-20,2019022001003490,PFL,11,49,50,128.00,"6,400.00"
2019-02-20,2019022001003489,PFL,47,49,20,129.00,"2,580.00"
2019-02-20,2019022001003459,PIC,43,29,11,"1,006.00","11,066.00"
2019-02-20,2019022001003356,PIC,56,56,11,"1,008.00","11,088.00"
2019-02-20,2019022001003261,PIC,56,56,11,"1,008.00","11,088.00"
2019-02-20,2019022001003239,PIC,56,56,11,"1,008.00","11,088.00"
2019-02-20,2019022001003224,PIC,56,56,11,"1,009.00","11,099.00"
2019-02-20,2019022001003472,PMHPL,10,29,10,106.00,"1,060.00"
2019-02-20,2019022001003641,PRIN,36,34,100,405.00,"40,500.00"
2019-02-20,2019022001003632,PRIN,45,45,500,406.00,"203,000.00"
2019-02-20,2019022001003631,PRIN,26,45,100,407.00,"40,700.00"
2019-02-20,2019022001003630,PRIN,53,45,50,407.00,"20,350.00"
2019-02-20,2019022001003629,PRIN,34,45,500,407.00,"203,500.00"
2019-02-20,2019022001003628,PRIN,50,45,100,408.00,"40,800.00"
2019-02-20,2019022001003344,PRIN,49,22,50,410.00,"20,500.00"
2019-02-20,2019022001003343,PRIN,39,22,50,410.00,"20,500.00"
2019-02-20,2019022001003627,PRIN,20,45,200,408.00,"81,600.00"
2019-02-20,2019022001003626,PRIN,16,45,300,408.00,"122,400.00"
2019-02-20,2019022001003414,PRIN,28,34,500,409.00,"204,500.00"
2019-02-20,2019022001003413,PRIN,51,34,520,409.00,"212,680.00"
2019-02-20,2019022001003346,PRIN,33,22,200,410.00,"82,000.00"
2019-02-20,2019022001003345,PRIN,41,22,50,410.00,"20,500.00"
2019-02-20,2019022001003673,PRVU,16,45,353,208.00,"73,424.00"
2019-02-20,2019022001003672,PRVU,42,45,"2,000",208.00,"416,000.00"
2019-02-20,2019022001003671,PRVU,26,45,100,208.00,"20,800.00"
2019-02-20,2019022001003670,PRVU,41,45,100,208.00,"20,800.00"
2019-02-20,2019022001003669,PRVU,45,45,29,208.00,"6,032.00"
2019-02-20,2019022001003615,PRVU,45,49,200,208.00,"41,600.00"
2019-02-20,2019022001003505,PRVU,55,43,25,211.00,"5,275.00"
2019-02-20,2019022001003504,PRVU,55,5,50,211.00,"10,550.00"
2019-02-20,2019022001003410,PRVU,35,5,50,211.00,"10,550.00"
2019-02-20,2019022001003578,PRVU,13,45,100,210.00,"21,000.00"
2019-02-20,2019022001003577,PRVU,41,45,100,210.00,"21,000.00"
2019-02-20,2019022001003576,PRVU,55,45,65,210.00,"13,650.00"
2019-02-20,2019022001003575,PRVU,44,45,303,210.00,"63,630.00"
2019-02-20,2019022001003520,PRVU,44,21,197,210.00,"41,370.00"
2019-02-20,2019022001003519,PRVU,33,21,53,210.00,"11,130.00"
2019-02-20,2019022001003584,PRVU,41,45,200,209.00,"41,800.00"
2019-02-20,2019022001003583,PRVU,25,45,500,209.00,"104,500.00"
2019-02-20,2019022001003582,PRVU,22,45,200,209.00,"41,800.00"
2019-02-20,2019022001003581,PRVU,34,45,700,209.00,"146,300.00"
2019-02-20,2019022001003580,PRVU,11,45,50,209.00,"10,450.00"
2019-02-20,2019022001003579,PRVU,45,45,200,209.00,"41,800.00"
2019-02-20,2019022001003596,RBCL,59,34,70,"9,100.00","637,000.00"
2019-02-20,2019022001003263,RLFL,44,17,868,114.00,"98,952.00"
2019-02-20,2019022001003262,RLFL,45,17,356,114.00,"40,584.00"
2019-02-20,2019022001003674,RMDC,34,34,10,537.00,"5,370.00"
2019-02-20,2019022001003415,RMDC,55,21,20,529.00,"10,580.00"
2019-02-20,2019022001003594,RSDC,49,34,10,377.00,"3,770.00"
2019-02-20,2019022001003536,RSDC,1,26,660,372.00,"245,520.00"
2019-02-20,2019022001003535,RSDC,39,26,150,373.00,"55,950.00"
2019-02-20,2019022001003534,RSDC,34,26,140,373.00,"52,220.00"
2019-02-20,2019022001003426,RSDC,34,11,60,373.00,"22,380.00"
2019-02-20,2019022001003425,RSDC,13,11,198,373.00,"73,854.00"
2019-02-20,2019022001003424,RSDC,19,11,20,374.00,"7,480.00"
2019-02-20,2019022001003423,RSDC,21,11,10,374.00,"3,740.00"
2019-02-20,2019022001003422,RSDC,21,11,10,374.00,"3,740.00"
2019-02-20,2019022001003362,RSDC,34,26,50,375.00,"18,750.00"
2019-02-20,2019022001003559,SANIMA,13,34,500,291.00,"145,500.00"
2019-02-20,2019022001003322,SANIMA,40,39,500,291.00,"145,500.00"
2019-02-20,2019022001003321,SANIMA,10,39,"1,000",291.00,"291,000.00"
2019-02-20,2019022001003320,SANIMA,47,39,50,291.00,"14,550.00"
2019-02-20,2019022001003319,SANIMA,17,39,50,291.00,"14,550.00"
2019-02-20,2019022001003318,SANIMA,34,39,40,291.00,"11,640.00"
2019-02-20,2019022001003217,SANIMA,56,17,200,292.00,"58,400.00"
2019-02-20,2019022001003216,SANIMA,45,17,349,292.00,"101,908.00"
2019-02-20,2019022001003317,SANIMA,56,39,100,291.00,"29,100.00"
2019-02-20,2019022001003316,SANIMA,34,39,65,291.00,"18,915.00"
2019-02-20,2019022001003315,SANIMA,56,39,100,291.00,"29,100.00"
2019-02-20,2019022001003314,SANIMA,29,39,50,291.00,"14,550.00"
2019-02-20,2019022001003313,SANIMA,14,39,468,291.00,"136,188.00"
2019-02-20,2019022001003218,SANIMA,33,17,50,292.00,"14,600.00"
2019-02-20,2019022001003496,SBBLJ,6,43,950,205.00,"194,750.00"
2019-02-20,2019022001003429,SBBLJ,6,43,50,205.00,"10,250.00"
2019-02-20,2019022001003385,SBBLJ,6,45,100,205.00,"20,500.00"
2019-02-20,2019022001003612,SBL,49,49,"10,000",273.00,"2,730,000.00"
2019-02-20,2019022001003471,SBL,6,13,532,278.00,"147,896.00"
2019-02-20,2019022001003470,SBL,19,13,25,278.00,"6,950.00"
2019-02-20,2019022001003462,SCB,25,50,70,534.00,"37,380.00"
2019-02-20,2019022001003378,SCB,58,50,400,534.00,"213,600.00"
2019-02-20,2019022001003377,SCB,1,50,30,535.00,"16,050.00"
2019-02-20,2019022001003477,SDESI,33,14,10,609.00,"6,090.00"
2019-02-20,2019022001003205,SDESI,37,33,200,602.00,"120,400.00"
2019-02-20,2019022001003251,SEOS,57,54,"5,000",9.40,"47,000.00"
2019-02-20,2019022001003250,SEOS,38,54,"20,000",9.40,"188,000.00"
2019-02-20,2019022001003249,SEOS,35,54,"3,000",9.45,"28,350.00"
2019-02-20,2019022001003248,SEOS,1,54,"3,000",9.46,"28,380.00"
2019-02-20,2019022001003659,SFFIL,44,49,50,213.00,"10,650.00"
2019-02-20,2019022001003658,SFFIL,37,49,50,214.00,"10,700.00"
2019-02-20,2019022001003590,SHINE,48,40,26,237.00,"6,162.00"
2019-02-20,2019022001003442,SHL,14,55,100,204.00,"20,400.00"
2019-02-20,2019022001003601,SHPC,34,50,21,215.00,"4,515.00"
2019-02-20,2019022001003600,SHPC,1,50,34,215.00,"7,310.00"
2019-02-20,2019022001003599,SHPC,59,50,40,215.00,"8,600.00"
2019-02-20,2019022001003660,SIC,55,54,10,"1,289.00","12,890.00"
2019-02-20,2019022001003236,SICL,10,34,10,860.00,"8,600.00"
2019-02-20,2019022001003225,SICL,34,34,37,858.00,"31,746.00"
2019-02-20,2019022001003191,SICL,36,34,500,860.00,"430,000.00"
2019-02-20,2019022001003202,SIL,16,58,10,600.00,"6,000.00"
2019-02-20,2019022001003201,SIL,16,25,10,599.00,"5,990.00"
2019-02-20,2019022001003380,SLBBL,42,51,309,510.00,"157,590.00"
2019-02-20,2019022001003360,SLBBL,42,32,141,510.00,"71,910.00"
2019-02-20,2019022001003274,SLBBL,42,57,50,505.00,"25,250.00"
2019-02-20,2019022001003273,SLBBL,51,57,50,506.00,"25,300.00"
2019-02-20,2019022001003272,SLBBL,42,32,100,510.00,"51,000.00"
2019-02-20,2019022001003570,SLBSL,50,40,10,788.00,"7,880.00"
2019-02-20,2019022001003523,SLBSL,55,46,10,790.00,"7,900.00"
2019-02-20,2019022001003463,SLBSL,6,42,10,787.00,"7,870.00"
2019-02-20,2019022001003449,SLBSL,37,42,10,787.00,"7,870.00"
2019-02-20,2019022001003235,SLBSL,37,40,10,787.00,"7,870.00"
2019-02-20,2019022001003645,SLICL,16,34,50,519.00,"25,950.00"
2019-02-20,2019022001003509,SLICL,16,4,147,519.00,"76,293.00"
2019-02-20,2019022001003508,SLICL,5,4,100,520.00,"52,000.00"
2019-02-20,2019022001003421,SLICL,5,4,200,520.00,"104,000.00"
2019-02-20,2019022001003573,SMATA,49,49,10,"1,345.00","13,450.00"
2019-02-20,2019022001003614,SRBL,28,34,10,209.00,"2,090.00"
2019-02-20,2019022001003484,SRBL,34,5,86,208.00,"17,888.00"
2019-02-20,2019022001003483,SRBL,34,41,97,208.00,"20,176.00"
2019-02-20,2019022001003482,SRBL,34,25,336,208.00,"69,888.00"
2019-02-20,2019022001003256,SRBL,17,25,145,208.00,"30,160.00"
2019-02-20,2019022001003602,SWBBL,4,57,100,825.00,"82,500.00"
2019-02-20,2019022001003365,SWBBL,4,44,45,815.00,"36,675.00"
2019-02-20,2019022001003312,SWBBL,26,44,80,815.00,"65,200.00"
2019-02-20,2019022001003268,SWBBL,26,35,100,815.00,"81,500.00"
2019-02-20,2019022001003234,UFL,17,32,28,148.00,"4,144.00"
2019-02-20,2019022001003613,UIC,55,28,20,764.00,"15,280.00"
2019-02-20,2019022001003680,UPPER,19,57,40,224.00,"8,960.00"
2019-02-20,2019022001003664,UPPER,46,57,10,224.00,"2,240.00"
2019-02-20,2019022001003663,UPPER,19,57,40,224.00,"8,960.00"
2019-02-20,2019022001003644,UPPER,45,57,8,224.00,"1,792.00"
2019-02-20,2019022001003643,UPPER,43,57,32,224.00,"7,168.00"
2019-02-20,2019022001003237,UPPER,5,34,500,226.00,"113,000.00"
2019-02-20,2019022001003232,UPPER,21,25,10,225.00,"2,250.00"
2019-02-20,2019022001003204,UPPER,43,5,12,224.00,"2,688.00"
2019-02-20,2019022001003203,UPPER,33,5,28,224.00,"6,272.00"
2019-02-20,2019022001003190,UPPER,33,8,25,224.00,"5,600.00"
2019-02-20,2019022001003358,UPPER,58,34,225,225.00,"50,625.00"
2019-02-20,2019022001003588,UPPER,43,57,40,224.00,"8,960.00"
2019-02-20,2019022001003541,UPPER,54,34,100,225.00,"22,500.00"
2019-02-20,2019022001003539,UPPER,43,37,200,224.00,"44,800.00"
2019-02-20,2019022001003476,UPPER,43,25,86,224.00,"19,264.00"
2019-02-20,2019022001003474,UPPER,28,34,50,225.00,"11,250.00"
2019-02-20,2019022001003469,UPPER,29,34,90,225.00,"20,250.00"
2019-02-20,2019022001003633,UPPER,43,16,50,224.00,"11,200.00"
2019-02-20,2019022001003619,UPPER,43,57,40,224.00,"8,960.00"
2019-02-20,2019022001003603,UPPER,43,57,40,224.00,"8,960.00"
2019-02-20,2019022001003593,UPPER,4,59,100,225.00,"22,500.00"
2019-02-20,2019022001003592,UPPER,4,16,40,225.00,"9,000.00"
2019-02-20,2019022001003591,UPPER,4,34,"1,107",225.00,"249,075.00"
2019-02-20,2019022001003598,WOMI,45,55,10,"1,125.00","11,250.00"
2019-02-20,2019022001003441,WOMI,33,55,10,"1,125.00","11,250.00"
2019-02-20,2019022001003094,ADBL,33,46,100,330.00,"33,000.00"
2019-02-20,2019022001002941,ADBL,54,28,96,329.00,"31,584.00"
2019-02-20,2019022001002940,ADBL,54,28,100,329.00,"32,900.00"
2019-02-20,2019022001002939,ADBL,13,28,100,329.00,"32,900.00"
2019-02-20,2019022001002938,ADBL,49,28,25,329.00,"8,225.00"
2019-02-20,2019022001002937,ADBL,34,28,50,329.00,"16,450.00"
2019-02-20,2019022001002936,ADBL,14,28,294,329.00,"96,726.00"
2019-02-20,2019022001002935,ADBL,33,28,100,330.00,"33,000.00"
2019-02-20,2019022001002934,ADBL,33,28,100,330.00,"33,000.00"
2019-02-20,2019022001002933,ADBL,29,28,100,330.00,"33,000.00"
2019-02-20,2019022001002932,ADBL,57,28,235,330.00,"77,550.00"
2019-02-20,2019022001003183,AKJCL,22,40,20,79.00,"1,580.00"
2019-02-20,2019022001003146,AKJCL,22,40,10,79.00,790.00
2019-02-20,2019022001003121,AKJCL,22,40,10,79.00,790.00
2019-02-20,2019022001003092,AKJCL,22,34,20,79.00,"1,580.00"
2019-02-20,2019022001003070,AKJCL,22,34,10,79.00,790.00
2019-02-20,2019022001003067,AKJCL,22,40,10,79.00,790.00
2019-02-20,2019022001002913,AKJCL,22,40,10,79.00,790.00
2019-02-20,2019022001002876,AKJCL,22,40,20,79.00,"1,580.00"
2019-02-20,2019022001002862,AKJCL,22,40,20,79.00,"1,580.00"
2019-02-20,2019022001003028,AKJCL,22,40,10,79.00,790.00
2019-02-20,2019022001002977,AKJCL,22,40,20,79.00,"1,580.00"
2019-02-20,2019022001002971,AKJCL,22,34,20,79.00,"1,580.00"
2019-02-20,2019022001002964,AKJCL,22,40,20,79.00,"1,580.00"
2019-02-20,2019022001002958,AKJCL,22,40,20,79.00,"1,580.00"
2019-02-20,2019022001002919,AKJCL,22,34,10,79.00,790.00
2019-02-20,2019022001003019,AMFI,1,39,40,690.00,"27,600.00"
2019-02-20,2019022001003018,AMFI,45,39,20,691.00,"13,820.00"
2019-02-20,2019022001003166,API,39,25,500,127.00,"63,500.00"
2019-02-20,2019022001003084,API,39,25,215,127.00,"27,305.00"
2019-02-20,2019022001003041,API,39,39,196,127.00,"24,892.00"
2019-02-20,2019022001003040,API,56,39,104,127.00,"13,208.00"
2019-02-20,2019022001002829,API,56,42,17,127.00,"2,159.00"
2019-02-20,2019022001002703,BARUN,1,58,10,92.00,920.00
2019-02-20,2019022001003044,BOKL,16,34,800,243.00,"194,400.00"
2019-02-20,2019022001002713,BOKL,17,34,50,243.00,"12,150.00"
2019-02-20,2019022001002712,BOKL,51,34,300,243.00,"72,900.00"
2019-02-20,2019022001002711,BOKL,51,34,100,243.00,"24,300.00"
2019-02-20,2019022001002710,BOKL,13,34,100,243.00,"24,300.00"
2019-02-20,2019022001002709,BOKL,54,34,100,243.00,"24,300.00"
2019-02-20,2019022001002708,BOKL,49,34,50,243.00,"12,150.00"
2019-02-20,2019022001003079,BPCL,1,56,10,345.00,"3,450.00"
2019-02-20,2019022001003057,BPCL,1,56,10,345.00,"3,450.00"
2019-02-20,2019022001003023,BPCL,1,56,10,345.00,"3,450.00"
2019-02-20,2019022001003016,BPCL,1,56,10,345.00,"3,450.00"
2019-02-20,2019022001003005,BPCL,1,56,10,345.00,"3,450.00"
2019-02-20,2019022001002996,BPCL,1,56,10,345.00,"3,450.00"
2019-02-20,2019022001002884,BPCL,1,49,25,345.00,"8,625.00"
2019-02-20,2019022001002883,BPCL,58,49,20,345.00,"6,900.00"
2019-02-20,2019022001002812,BPCL,58,51,20,345.00,"6,900.00"
2019-02-20,2019022001002770,BPCL,58,33,10,345.00,"3,450.00"
2019-02-20,2019022001002769,BPCL,36,33,40,345.00,"13,800.00"
2019-02-20,2019022001003129,CBBL,16,36,190,865.00,"164,350.00"
2019-02-20,2019022001003128,CBBL,16,36,100,865.00,"86,500.00"
2019-02-20,2019022001003127,CBBL,33,36,200,865.00,"173,000.00"
2019-02-20,2019022001003126,CBBL,48,36,200,865.00,"173,000.00"
2019-02-20,2019022001003125,CBBL,29,36,50,866.00,"43,300.00"
2019-02-20,2019022001003124,CBBL,26,36,20,866.00,"17,320.00"
2019-02-20,2019022001003123,CBBL,28,36,200,867.00,"173,400.00"
2019-02-20,2019022001003024,CBBL,14,58,200,868.00,"173,600.00"
2019-02-20,2019022001002715,CBBL,58,58,100,867.00,"86,700.00"
2019-02-20,2019022001002714,CBBL,22,58,200,867.00,"173,400.00"
2019-02-20,2019022001003142,CBL,25,40,250,148.00,"37,000.00"
2019-02-20,2019022001003069,CBL,40,40,85,149.00,"12,665.00"
2019-02-20,2019022001003068,CBL,40,43,250,149.00,"37,250.00"
2019-02-20,2019022001003008,CBL,46,42,"1,000",149.00,"149,000.00"
2019-02-20,2019022001003000,CBL,25,39,387,148.00,"57,276.00"
2019-02-20,2019022001002999,CBL,6,39,500,148.00,"74,000.00"
2019-02-20,2019022001002998,CBL,47,39,73,148.00,"10,804.00"
2019-02-20,2019022001002808,CBL,36,14,12,150.00,"1,800.00"
2019-02-20,2019022001002750,CBL,47,36,12,148.00,"1,776.00"
2019-02-20,2019022001003185,CCBL,10,26,119,158.00,"18,802.00"
2019-02-20,2019022001003163,CCBL,10,26,119,158.00,"18,802.00"
2019-02-20,2019022001003155,CCBL,42,56,20,159.00,"3,180.00"
2019-02-20,2019022001003154,CCBL,40,56,82,159.00,"13,038.00"
2019-02-20,2019022001003120,CCBL,40,56,18,159.00,"2,862.00"
2019-02-20,2019022001003119,CCBL,32,56,500,159.00,"79,500.00"
2019-02-20,2019022001002819,CCBL,49,40,91,159.00,"14,469.00"
2019-02-20,2019022001002814,CCBL,36,58,67,161.00,"10,787.00"
2019-02-20,2019022001002755,CCBL,49,36,67,159.00,"10,653.00"
2019-02-20,2019022001003118,CCBL,49,56,291,159.00,"46,269.00"
2019-02-20,2019022001003087,CCBL,49,26,119,159.00,"18,921.00"
2019-02-20,2019022001003056,CCBL,49,26,119,159.00,"18,921.00"
2019-02-20,2019022001002966,CCBL,49,57,29,159.00,"4,611.00"
2019-02-20,2019022001002965,CCBL,49,21,10,159.00,"1,590.00"
2019-02-20,2019022001002942,CCBL,49,57,29,159.00,"4,611.00"
2019-02-20,2019022001002864,CHCL,40,34,10,508.00,"5,080.00"
2019-02-20,2019022001002863,CHCL,40,34,10,508.00,"5,080.00"
2019-02-20,2019022001002777,CHCL,16,45,185,505.00,"93,425.00"
2019-02-20,2019022001002719,CHCL,40,5,10,504.00,"5,040.00"
2019-02-20,2019022001002870,CHLBS,58,40,10,547.00,"5,470.00"
2019-02-20,2019022001003140,CIT,5,32,25,"2,530.00","63,250.00"
2019-02-20,2019022001003027,CIT,28,28,130,"2,544.00","330,720.00"
2019-02-20,2019022001002874,CIT,34,34,39,"2,529.00","98,631.00"
2019-02-20,2019022001002873,CIT,55,34,10,"2,531.00","25,310.00"
2019-02-20,2019022001002780,CORBL,41,6,200,90.00,"18,000.00"
2019-02-20,2019022001002779,CORBL,29,6,20,90.00,"1,800.00"
2019-02-20,2019022001003188,CZBIL,56,1,186,202.00,"37,572.00"
2019-02-20,2019022001003187,CZBIL,56,47,114,202.00,"23,028.00"
2019-02-20,2019022001003162,CZBIL,29,34,475,201.00,"95,475.00"
2019-02-20,2019022001003161,CZBIL,58,34,73,201.00,"14,673.00"
2019-02-20,2019022001003160,CZBIL,52,34,"1,000",201.00,"201,000.00"
2019-02-20,2019022001003159,CZBIL,39,34,200,201.00,"40,200.00"
2019-02-20,2019022001003158,CZBIL,42,34,200,201.00,"40,200.00"
2019-02-20,2019022001003157,CZBIL,21,34,240,201.00,"48,240.00"
2019-02-20,2019022001003085,CZBIL,28,47,50,202.00,"10,100.00"
2019-02-20,2019022001003073,DBBL,21,21,1,122.00,122.00
2019-02-20,2019022001002705,DBBL,42,40,189,122.00,"23,058.00"
2019-02-20,2019022001002948,FOWAD,38,53,30,"1,540.00","46,200.00"
2019-02-20,2019022001002947,FOWAD,38,17,15,"1,530.00","22,950.00"
2019-02-20,2019022001003096,GBBL,36,32,69,181.00,"12,489.00"
2019-02-20,2019022001003071,GBBL,32,32,731,181.00,"132,311.00"
2019-02-20,2019022001002921,GBBL,36,49,300,181.00,"54,300.00"
2019-02-20,2019022001002894,GBBL,36,21,150,181.00,"27,150.00"
2019-02-20,2019022001002823,GBBL,36,42,30,181.00,"5,430.00"
2019-02-20,2019022001002822,GBBL,44,42,50,181.00,"9,050.00"
2019-02-20,2019022001003014,GBIME,32,5,92,261.00,"24,012.00"
2019-02-20,2019022001003013,GBIME,32,52,319,261.00,"83,259.00"
2019-02-20,2019022001002821,GBIME,36,52,21,261.00,"5,481.00"
2019-02-20,2019022001002757,GBIME,51,36,21,260.00,"5,460.00"
2019-02-20,2019022001002749,GBIME,47,52,100,261.00,"26,100.00"
2019-02-20,2019022001002731,GBIME,55,52,50,261.00,"13,050.00"
2019-02-20,2019022001002721,GBIME,19,52,10,261.00,"2,610.00"
2019-02-20,2019022001002720,GBIME,19,47,170,261.00,"44,370.00"
2019-02-20,2019022001002699,GBLBS,39,59,20,437.00,"8,740.00"
2019-02-20,2019022001003156,GDBL,36,39,"1,949",180.00,"350,820.00"
2019-02-20,2019022001002974,GDBL,36,25,663,180.00,"119,340.00"
2019-02-20,2019022001002759,GDBL,42,36,100,179.00,"17,900.00"
2019-02-20,2019022001002772,GDBL,36,33,36,179.00,"6,444.00"
2019-02-20,2019022001002760,GDBL,36,36,15,179.00,"2,685.00"
2019-02-20,2019022001002973,GDBL,36,1,"1,000",180.00,"180,000.00"
2019-02-20,2019022001002972,GDBL,36,25,577,180.00,"103,860.00"
2019-02-20,2019022001002827,GDBL,36,25,115,180.00,"20,700.00"
2019-02-20,2019022001002899,GFCL,38,6,600,115.00,"69,000.00"
2019-02-20,2019022001003015,GLICL,42,37,10,677.00,"6,770.00"
2019-02-20,2019022001002903,GLICL,35,21,33,665.00,"21,945.00"
2019-02-20,2019022001003145,HBL,53,32,50,432.00,"21,600.00"
2019-02-20,2019022001003144,HBL,53,6,74,432.00,"31,968.00"
2019-02-20,2019022001002960,HBL,22,22,10,431.00,"4,310.00"
2019-02-20,2019022001002835,HGI,11,42,95,380.00,"36,100.00"
2019-02-20,2019022001002834,HGI,42,42,200,380.00,"76,000.00"
2019-02-20,2019022001002803,HGI,41,42,705,381.00,"268,605.00"
2019-02-20,2019022001002764,HGI,41,6,255,381.00,"97,155.00"
2019-02-20,2019022001002763,HGI,21,6,25,381.00,"9,525.00"
2019-02-20,2019022001002762,HGI,28,6,10,382.00,"3,820.00"
2019-02-20,2019022001002761,HGI,41,6,10,382.00,"3,820.00"
2019-02-20,2019022001002931,HIDCL,42,44,20,133.00,"2,660.00"
2019-02-20,2019022001002930,HIDCL,41,44,289,133.00,"38,437.00"
2019-02-20,2019022001002830,HIDCL,36,46,58,134.00,"7,772.00"
2019-02-20,2019022001002784,HIDCL,41,33,53,133.00,"7,049.00"
2019-02-20,2019022001002768,HIDCL,41,36,58,133.00,"7,714.00"
2019-02-20,2019022001002698,HIDCL,50,26,43,132.00,"5,676.00"
2019-02-20,2019022001002697,HIDCL,47,58,32,133.00,"4,256.00"
2019-02-20,2019022001003031,HPPL,42,41,10,169.00,"1,690.00"
2019-02-20,2019022001002963,ICFC,53,35,46,148.00,"6,808.00"
2019-02-20,2019022001002928,ICFC,17,35,81,148.00,"11,988.00"
2019-02-20,2019022001002927,ICFC,17,19,119,148.00,"17,612.00"
2019-02-20,2019022001003180,IGI,45,34,100,404.00,"40,400.00"
2019-02-20,2019022001003053,JBBL,21,21,4,135.00,540.00
2019-02-20,2019022001003035,JBNL,29,33,100,165.00,"16,500.00"
2019-02-20,2019022001002886,JBNL,34,17,155,164.00,"25,420.00"
2019-02-20,2019022001002844,JBNL,42,17,25,164.00,"4,100.00"
2019-02-20,2019022001002825,JBNL,57,33,200,165.00,"33,000.00"
2019-02-20,2019022001003179,JEFL,4,32,"1,000",134.00,"134,000.00"
2019-02-20,2019022001003178,JEFL,4,1,170,134.00,"22,780.00"
2019-02-20,2019022001002951,JFL,21,49,63,161.00,"10,143.00"
2019-02-20,2019022001002786,JFL,55,7,80,163.00,"13,040.00"
2019-02-20,2019022001003043,KBL,26,50,60,233.00,"13,980.00"
2019-02-20,2019022001003036,KBL,26,50,40,233.00,"9,320.00"
2019-02-20,2019022001003026,KBL,34,39,100,232.00,"23,200.00"
2019-02-20,2019022001002953,KBL,34,57,109,232.00,"25,288.00"
2019-02-20,2019022001002816,KMCDB,51,33,20,825.00,"16,500.00"
2019-02-20,2019022001002907,KMFL,13,22,34,918.00,"31,212.00"
2019-02-20,2019022001003095,KPCL,13,34,10,90.00,900.00
2019-02-20,2019022001002950,KPCL,13,19,10,90.00,900.00
2019-02-20,2019022001002918,KPCL,13,40,10,90.00,900.00
2019-02-20,2019022001002979,KPCL,13,19,10,90.00,900.00
2019-02-20,2019022001002978,KPCL,13,34,10,90.00,900.00
2019-02-20,2019022001003025,KPCL,13,34,10,90.00,900.00
2019-02-20,2019022001003006,KPCL,13,5,10,90.00,900.00
2019-02-20,2019022001002804,KRBL,6,42,22,93.00,"2,046.00"
2019-02-20,2019022001003093,KSBBL,29,25,314,132.00,"41,448.00"
2019-02-20,2019022001003065,KSBBL,21,25,500,132.00,"66,000.00"
2019-02-20,2019022001003064,KSBBL,34,25,200,132.00,"26,400.00"
2019-02-20,2019022001003063,KSBBL,29,25,500,132.00,"66,000.00"
2019-02-20,2019022001003062,KSBBL,56,25,100,132.00,"13,200.00"
2019-02-20,2019022001003061,KSBBL,54,25,"1,000",132.00,"132,000.00"
2019-02-20,2019022001003060,KSBBL,1,25,200,132.00,"26,400.00"
2019-02-20,2019022001003059,KSBBL,57,25,186,132.00,"24,552.00"
2019-02-20,2019022001003022,KSBBL,55,25,100,133.00,"13,300.00"
2019-02-20,2019022001003021,KSBBL,14,25,50,133.00,"6,650.00"
2019-02-20,2019022001003055,LBBL,29,55,22,171.00,"3,762.00"
2019-02-20,2019022001002925,LBBL,29,17,200,171.00,"34,200.00"
2019-02-20,2019022001002917,LBBL,55,17,75,171.00,"12,825.00"
2019-02-20,2019022001002916,LBBL,52,17,125,171.00,"21,375.00"
2019-02-20,2019022001002912,LBBL,52,17,200,171.00,"34,200.00"
2019-02-20,2019022001002906,LBBL,52,17,175,171.00,"29,925.00"
2019-02-20,2019022001002905,LBBL,28,17,25,171.00,"4,275.00"
2019-02-20,2019022001003139,LBL,22,16,"1,000",187.00,"187,000.00"
2019-02-20,2019022001003138,LBL,46,16,"1,000",187.00,"187,000.00"
2019-02-20,2019022001003137,LBL,43,16,100,188.00,"18,800.00"
2019-02-20,2019022001003136,LBL,39,16,100,188.00,"18,800.00"
2019-02-20,2019022001003135,LBL,14,16,100,188.00,"18,800.00"
2019-02-20,2019022001003134,LBL,46,16,150,188.00,"28,200.00"
2019-02-20,2019022001003133,LBL,19,16,74,188.00,"13,912.00"
2019-02-20,2019022001003132,LBL,40,16,500,189.00,"94,500.00"
2019-02-20,2019022001003131,LBL,43,16,250,189.00,"47,250.00"
2019-02-20,2019022001003011,LGIL,34,39,50,505.00,"25,250.00"
2019-02-20,2019022001003003,LGIL,34,26,140,505.00,"70,700.00"
2019-02-20,2019022001003002,LGIL,44,26,50,506.00,"25,300.00"
2019-02-20,2019022001002983,LGIL,17,16,143,507.00,"72,501.00"
2019-02-20,2019022001002956,LGIL,17,38,357,507.00,"180,999.00"
2019-02-20,2019022001003083,LICN,16,44,300,"1,595.00","478,500.00"
2019-02-20,2019022001002796,LICN,35,25,80,"1,588.00","127,040.00"
2019-02-20,2019022001002795,LICN,5,25,20,"1,589.00","31,780.00"
2019-02-20,2019022001002754,LICN,28,44,298,"1,588.00","473,224.00"
2019-02-20,2019022001002753,LICN,28,25,100,"1,588.00","158,800.00"
2019-02-20,2019022001002730,LICN,28,44,"1,102","1,588.00","1,749,976.00"
2019-02-20,2019022001002729,LICN,28,44,100,"1,588.00","158,800.00"
2019-02-20,2019022001002728,LICN,28,44,10,"1,590.00","15,900.00"
2019-02-20,2019022001002911,LVF1,22,22,"2,500",9.00,"22,500.00"
2019-02-20,2019022001002910,LVF1,22,22,"1,500",9.00,"13,500.00"
2019-02-20,2019022001002909,LVF1,42,22,"1,000",9.00,"9,000.00"
2019-02-20,2019022001003130,MBL,34,25,316,208.00,"65,728.00"
2019-02-20,2019022001003034,MBL,34,21,219,208.00,"45,552.00"
2019-02-20,2019022001003033,MBL,17,21,100,208.00,"20,800.00"
2019-02-20,2019022001003032,MBL,59,21,13,208.00,"2,704.00"
2019-02-20,2019022001002980,MERO,42,21,34,604.00,"20,536.00"
2019-02-20,2019022001002944,MERO,42,21,16,604.00,"9,664.00"
2019-02-20,2019022001002981,MERO,44,21,10,603.00,"6,030.00"
2019-02-20,2019022001002954,MLBL,35,21,11,160.00,"1,760.00"
2019-02-20,2019022001002747,MMFDB,51,36,30,970.00,"29,100.00"
2019-02-20,2019022001002984,MSLB,25,19,15,"1,360.00","20,400.00"
2019-02-20,2019022001003086,NABIL,45,17,500,786.00,"393,000.00"
2019-02-20,2019022001002893,NABIL,28,17,35,784.00,"27,440.00"
2019-02-20,2019022001002892,NABIL,39,17,15,784.00,"11,760.00"
2019-02-20,2019022001002891,NABIL,41,17,200,785.00,"157,000.00"
2019-02-20,2019022001002890,NABIL,47,17,100,785.00,"78,500.00"
2019-02-20,2019022001002889,NABIL,57,17,50,785.00,"39,250.00"
2019-02-20,2019022001002849,NABIL,42,17,25,788.00,"19,700.00"
2019-02-20,2019022001002848,NABIL,22,17,50,788.00,"39,400.00"
2019-02-20,2019022001002702,NABIL,29,17,100,789.00,"78,900.00"
2019-02-20,2019022001002888,NABIL,41,17,100,786.00,"78,600.00"
2019-02-20,2019022001002854,NABIL,11,17,50,786.00,"39,300.00"
2019-02-20,2019022001002853,NABIL,14,17,20,786.00,"15,720.00"
2019-02-20,2019022001002852,NABIL,59,17,175,786.00,"137,550.00"
2019-02-20,2019022001002851,NABIL,16,17,30,787.00,"23,610.00"
2019-02-20,2019022001002850,NABIL,11,17,50,787.00,"39,350.00"
2019-02-20,2019022001003109,NABILP,35,43,10,747.00,"7,470.00"
2019-02-20,2019022001003108,NABILP,35,25,90,747.00,"67,230.00"
2019-02-20,2019022001002776,NABILP,45,39,150,745.00,"111,750.00"
2019-02-20,2019022001002775,NABILP,17,39,"1,000",745.00,"745,000.00"
2019-02-20,2019022001003122,NADEP,21,34,10,736.00,"7,360.00"
2019-02-20,2019022001003029,NADEP,50,34,10,736.00,"7,360.00"
2019-02-20,2019022001002955,NADEP,50,34,10,736.00,"7,360.00"
2019-02-20,2019022001002880,NADEP,16,7,500,738.00,"369,000.00"
2019-02-20,2019022001002879,NADEP,45,7,50,739.00,"36,950.00"
2019-02-20,2019022001002878,NADEP,50,7,50,740.00,"37,000.00"
2019-02-20,2019022001002946,NBB,33,41,"1,000",184.00,"184,000.00"
2019-02-20,2019022001002881,NBB,17,17,100,184.00,"18,400.00"
2019-02-20,2019022001003010,NBL,56,14,500,284.00,"142,000.00"
2019-02-20,2019022001003007,NBL,56,32,308,284.00,"87,472.00"
2019-02-20,2019022001002995,NBL,56,32,"2,500",284.00,"710,000.00"
2019-02-20,2019022001002992,NBL,42,58,100,285.00,"28,500.00"
2019-02-20,2019022001002988,NBL,46,58,"1,000",285.00,"285,000.00"
2019-02-20,2019022001002840,NBL,45,32,100,284.00,"28,400.00"
2019-02-20,2019022001002707,NBL,55,58,45,285.00,"12,825.00"
2019-02-20,2019022001003182,NCCB,47,44,30,207.00,"6,210.00"
2019-02-20,2019022001002900,NCCB,13,21,36,206.00,"7,416.00"
2019-02-20,2019022001002842,NCCB,13,49,225,206.00,"46,350.00"
2019-02-20,2019022001002841,NCCB,13,49,166,206.00,"34,196.00"
2019-02-20,2019022001002833,NCCB,36,44,18,207.00,"3,726.00"
2019-02-20,2019022001002773,NCCB,13,36,18,206.00,"3,708.00"
2019-02-20,2019022001002771,NCCB,29,29,1,207.00,207.00
2019-02-20,2019022001002717,NCCB,55,44,65,207.00,"13,455.00"
2019-02-20,2019022001003088,NHPC,55,34,500,62.00,"31,000.00"
2019-02-20,2019022001003076,NHPC,55,34,355,62.00,"22,010.00"
2019-02-20,2019022001003066,NIB,19,34,14,511.00,"7,154.00"
2019-02-20,2019022001002915,NIB,6,21,30,511.00,"15,330.00"
2019-02-20,2019022001002908,NIB,6,34,37,511.00,"18,907.00"
2019-02-20,2019022001002843,NIB,41,37,119,512.00,"60,928.00"
2019-02-20,2019022001002815,NIB,41,22,81,512.00,"41,472.00"
2019-02-20,2019022001002778,NIB,6,57,"1,251",511.00,"639,261.00"
2019-02-20,2019022001002742,NIB,22,57,50,511.00,"25,550.00"
2019-02-20,2019022001002861,NICA,18,47,145,386.00,"55,970.00"
2019-02-20,2019022001002723,NICA,36,40,396,385.00,"152,460.00"
2019-02-20,2019022001002722,NICA,13,40,19,385.00,"7,315.00"
2019-02-20,2019022001002838,NICL,44,42,"1,843",370.00,"681,910.00"
2019-02-20,2019022001003081,NIL,28,19,85,509.00,"43,265.00"
2019-02-20,2019022001003080,NIL,43,19,30,510.00,"15,300.00"
2019-02-20,2019022001003039,NIL,43,10,470,510.00,"239,700.00"
2019-02-20,2019022001003038,NIL,53,10,30,510.00,"15,300.00"
2019-02-20,2019022001002752,NIL,42,35,50,511.00,"25,550.00"
2019-02-20,2019022001003153,NLIC,44,4,200,"1,013.00","202,600.00"
2019-02-20,2019022001003152,NLIC,45,4,20,"1,013.00","20,260.00"
2019-02-20,2019022001003151,NLIC,42,4,20,"1,014.00","20,280.00"
2019-02-20,2019022001003150,NLIC,57,4,52,"1,014.00","52,728.00"
2019-02-20,2019022001003077,NLIC,19,4,15,"1,015.00","15,225.00"
2019-02-20,2019022001002920,NLIC,57,21,17,"1,014.00","17,238.00"
2019-02-20,2019022001002824,NLIC,58,58,3,999.00,"2,997.00"
2019-02-20,2019022001002798,NLIC,58,58,3,999.00,"2,997.00"
2019-02-20,2019022001002765,NLIC,33,58,28,"1,015.00","28,420.00"
2019-02-20,2019022001002746,NLIC,58,58,3,"1,000.00","3,000.00"
2019-02-20,2019022001002882,NLIC,1,4,10,"1,015.00","10,150.00"
2019-02-20,2019022001002877,NLIC,1,4,10,"1,015.00","10,150.00"
2019-02-20,2019022001002872,NLIC,57,57,17,"1,014.00","17,238.00"
2019-02-20,2019022001002860,NLIC,42,4,50,"1,015.00","50,750.00"
2019-02-20,2019022001002859,NLIC,33,4,72,"1,015.00","73,080.00"
2019-02-20,2019022001002858,NLIC,1,49,30,"1,016.00","30,480.00"
2019-02-20,2019022001002991,NLICL,56,35,100,626.00,"62,600.00"
2019-02-20,2019022001002990,NLICL,59,35,60,626.00,"37,560.00"
2019-02-20,2019022001002989,NLICL,32,35,20,627.00,"12,540.00"
2019-02-20,2019022001002807,NLICL,19,35,70,627.00,"43,890.00"
2019-02-20,2019022001002806,NLICL,43,35,100,627.00,"62,700.00"
2019-02-20,2019022001003030,NMB,16,5,11,306.00,"3,366.00"
2019-02-20,2019022001002982,NMB,29,54,300,306.00,"91,800.00"
2019-02-20,2019022001002952,NMB,22,54,300,306.00,"91,800.00"
2019-02-20,2019022001002914,NMB,52,54,400,306.00,"122,400.00"
2019-02-20,2019022001002867,NMB,52,49,100,306.00,"30,600.00"
2019-02-20,2019022001002774,NMB,34,54,500,306.00,"153,000.00"
2019-02-20,2019022001002696,NMB,6,6,4,305.00,"1,220.00"
2019-02-20,2019022001003164,NMBMF,17,28,22,"1,068.00","23,496.00"
2019-02-20,2019022001003177,NMFBS,22,22,12,"1,648.00","19,776.00"
2019-02-20,2019022001003167,NNLB,45,32,130,480.00,"62,400.00"
2019-02-20,2019022001003012,NNLB,45,21,10,478.00,"4,780.00"
2019-02-20,2019022001003075,NSEWA,11,40,10,540.00,"5,400.00"
2019-02-20,2019022001002857,NSEWA,22,39,10,548.00,"5,480.00"
2019-02-20,2019022001002794,NUBL,47,47,7,715.00,"5,005.00"
2019-02-20,2019022001002748,NUBL,47,47,20,715.00,"14,300.00"
2019-02-20,2019022001002898,PCBL,34,21,63,309.00,"19,467.00"
2019-02-20,2019022001002887,PCBL,32,48,150,310.00,"46,500.00"
2019-02-20,2019022001002865,PCBL,1,48,50,310.00,"15,500.00"
2019-02-20,2019022001002945,PFL,53,49,38,129.00,"4,902.00"
2019-02-20,2019022001003058,PIC,21,21,1,"1,006.00","1,006.00"
2019-02-20,2019022001002986,PIC,43,39,65,"1,006.00","65,390.00"
2019-02-20,2019022001002985,PIC,16,39,10,"1,010.00","10,100.00"
2019-02-20,2019022001002820,PIC,16,55,10,"1,010.00","10,100.00"
2019-02-20,2019022001002716,PIC,59,59,11,"1,010.00","11,110.00"
2019-02-20,2019022001003176,PLIC,16,35,222,430.00,"95,460.00"
2019-02-20,2019022001003175,PLIC,45,35,50,431.00,"21,550.00"
2019-02-20,2019022001003174,PLIC,41,35,50,431.00,"21,550.00"
2019-02-20,2019022001003173,PLIC,39,35,100,431.00,"43,100.00"
2019-02-20,2019022001003172,PLIC,22,35,100,432.00,"43,200.00"
2019-02-20,2019022001003171,PLIC,1,35,420,433.00,"181,860.00"
2019-02-20,2019022001002690,PLIC,45,17,50,436.00,"21,800.00"
2019-02-20,2019022001002695,PLIC,45,17,42,434.00,"18,228.00"
2019-02-20,2019022001002694,PLIC,6,17,100,435.00,"43,500.00"
2019-02-20,2019022001002693,PLIC,14,17,100,435.00,"43,500.00"
2019-02-20,2019022001002692,PLIC,33,17,200,435.00,"87,000.00"
2019-02-20,2019022001002691,PLIC,33,17,80,435.00,"34,800.00"
2019-02-20,2019022001003170,PLIC,54,35,20,433.00,"8,660.00"
2019-02-20,2019022001003169,PLIC,40,35,10,433.00,"4,330.00"
2019-02-20,2019022001003168,PLIC,44,35,28,434.00,"12,152.00"
2019-02-20,2019022001003052,PLIC,44,28,72,434.00,"31,248.00"
2019-02-20,2019022001003051,PLIC,45,28,20,434.00,"8,680.00"
2019-02-20,2019022001003050,PLIC,45,28,108,434.00,"46,872.00"
2019-02-20,2019022001003141,PMHPL,10,34,10,106.00,"1,060.00"
2019-02-20,2019022001003074,PMHPL,10,34,10,106.00,"1,060.00"
2019-02-20,2019022001003046,PMHPL,46,5,10,107.00,"1,070.00"
2019-02-20,2019022001002994,PMHPL,46,19,10,107.00,"1,070.00"
2019-02-20,2019022001002959,PMHPL,46,19,10,107.00,"1,070.00"
2019-02-20,2019022001002970,PRIN,39,25,250,410.00,"102,500.00"
2019-02-20,2019022001002969,PRIN,21,25,50,410.00,"20,500.00"
2019-02-20,2019022001002968,PRIN,39,25,100,411.00,"41,100.00"
2019-02-20,2019022001002967,PRIN,7,25,100,411.00,"41,100.00"
2019-02-20,2019022001003149,PRVU,33,34,500,210.00,"105,000.00"
2019-02-20,2019022001003143,PRVU,33,5,100,210.00,"21,000.00"
2019-02-20,2019022001003072,PRVU,56,5,200,211.00,"42,200.00"
2019-02-20,2019022001003009,PRVU,29,5,100,211.00,"21,100.00"
2019-02-20,2019022001002826,PRVU,33,17,90,210.00,"18,900.00"
2019-02-20,2019022001002810,PRVU,41,5,220,211.00,"46,420.00"
2019-02-20,2019022001002809,PRVU,41,41,280,211.00,"59,080.00"
2019-02-20,2019022001002781,PRVU,33,36,20,210.00,"4,200.00"
2019-02-20,2019022001002962,PRVU,33,45,100,210.00,"21,000.00"
2019-02-20,2019022001002868,PRVU,14,5,60,211.00,"12,660.00"
2019-02-20,2019022001002837,PRVU,36,5,20,211.00,"4,220.00"
2019-02-20,2019022001002787,PURBL,34,33,53,153.00,"8,109.00"
2019-02-20,2019022001002929,RHPC,1,21,17,90.00,"1,530.00"
2019-02-20,2019022001002828,RRHP,59,59,10,93.00,930.00
2019-02-20,2019022001003184,RSDC,55,34,30,374.00,"11,220.00"
2019-02-20,2019022001002949,RSDC,55,21,17,374.00,"6,358.00"
2019-02-20,2019022001002855,SADBL,53,28,55,139.00,"7,645.00"
2019-02-20,2019022001003091,SANIMA,45,22,51,292.00,"14,892.00"
2019-02-20,2019022001003090,SANIMA,19,22,100,292.00,"29,200.00"
2019-02-20,2019022001003089,SANIMA,29,22,57,292.00,"16,644.00"
2019-02-20,2019022001002869,SANIMA,1,17,50,293.00,"14,650.00"
2019-02-20,2019022001003004,SBI,45,34,100,380.00,"38,000.00"
2019-02-20,2019022001002767,SBL,34,49,740,277.00,"204,980.00"
2019-02-20,2019022001002744,SBL,55,49,45,277.00,"12,465.00"
2019-02-20,2019022001003148,SCB,1,51,50,534.00,"26,700.00"
2019-02-20,2019022001002832,SCB,22,32,40,535.00,"21,400.00"
2019-02-20,2019022001002818,SCB,22,37,10,535.00,"5,350.00"
2019-02-20,2019022001002817,SCB,22,37,10,535.00,"5,350.00"
2019-02-20,2019022001003042,SDESI,21,47,10,600.00,"6,000.00"
2019-02-20,2019022001002847,SDESI,36,36,23,601.00,"13,823.00"
2019-02-20,2019022001002745,SDESI,37,51,200,600.00,"120,000.00"
2019-02-20,2019022001002727,SDESI,46,51,40,601.00,"24,040.00"
2019-02-20,2019022001002726,SDESI,44,51,38,601.00,"22,838.00"
2019-02-20,2019022001002725,SDESI,41,51,50,602.00,"30,100.00"
2019-02-20,2019022001002718,SDESI,41,56,23,602.00,"13,846.00"
2019-02-20,2019022001002701,SDESI,41,56,27,602.00,"16,254.00"
2019-02-20,2019022001002846,SEF,59,59,500,8.85,"4,425.00"
2019-02-20,2019022001002793,SHINE,26,41,123,240.00,"29,520.00"
2019-02-20,2019022001002792,SHINE,26,45,22,240.00,"5,280.00"
2019-02-20,2019022001002791,SHINE,26,38,44,240.00,"10,560.00"
2019-02-20,2019022001002790,SHINE,26,13,200,239.00,"47,800.00"
2019-02-20,2019022001003107,SICL,34,34,20,860.00,"17,200.00"
2019-02-20,2019022001003106,SICL,38,34,110,860.00,"94,600.00"
2019-02-20,2019022001003105,SICL,53,34,100,861.00,"86,100.00"
2019-02-20,2019022001003104,SICL,32,34,50,861.00,"43,050.00"
2019-02-20,2019022001003103,SICL,21,34,50,861.00,"43,050.00"
2019-02-20,2019022001003102,SICL,42,34,50,861.00,"43,050.00"
2019-02-20,2019022001002799,SICL,35,34,100,866.00,"86,600.00"
2019-02-20,2019022001002896,SICL,1,34,30,866.00,"25,980.00"
2019-02-20,2019022001002801,SICL,1,34,"1,147",865.00,"992,155.00"
2019-02-20,2019022001002800,SICL,22,34,30,865.00,"25,950.00"
2019-02-20,2019022001003101,SICL,43,34,300,862.00,"258,600.00"
2019-02-20,2019022001003100,SICL,34,34,20,862.00,"17,240.00"
2019-02-20,2019022001003099,SICL,34,34,20,862.00,"17,240.00"
2019-02-20,2019022001003098,SICL,34,34,30,862.00,"25,860.00"
2019-02-20,2019022001003097,SICL,25,34,33,863.00,"28,479.00"
2019-02-20,2019022001003082,SIFC,21,21,2,133.00,266.00
2019-02-20,2019022001003017,SIL,16,56,780,595.00,"464,100.00"
2019-02-20,2019022001002924,SIL,16,56,40,595.00,"23,800.00"
2019-02-20,2019022001002923,SIL,34,56,"1,000",596.00,"596,000.00"
2019-02-20,2019022001002922,SIL,50,56,250,600.00,"150,000.00"
2019-02-20,2019022001003165,SLBS,44,57,11,991.00,"10,901.00"
2019-02-20,2019022001002866,SLBS,45,57,11,"1,005.00","11,055.00"
2019-02-20,2019022001003181,SLBSL,37,57,10,787.00,"7,870.00"
2019-02-20,2019022001003049,SLBSL,49,34,10,788.00,"7,880.00"
2019-02-20,2019022001002766,SLBSL,29,29,10,789.00,"7,890.00"
2019-02-20,2019022001002926,SLBSL,49,40,10,788.00,"7,880.00"
2019-02-20,2019022001002904,SLBSL,57,33,100,789.00,"78,900.00"
2019-02-20,2019022001002839,SLBSL,39,39,10,789.00,"7,890.00"
2019-02-20,2019022001002802,SLBSL,29,29,10,789.00,"7,890.00"
2019-02-20,2019022001002797,SLBSL,49,33,10,788.00,"7,880.00"
2019-02-20,2019022001003116,SLICL,26,4,50,520.00,"26,000.00"
2019-02-20,2019022001003115,SLICL,39,4,200,520.00,"104,000.00"
2019-02-20,2019022001003114,SLICL,49,4,40,521.00,"20,840.00"
2019-02-20,2019022001003113,SLICL,39,4,200,521.00,"104,200.00"
2019-02-20,2019022001003112,SLICL,17,4,146,521.00,"76,066.00"
2019-02-20,2019022001003111,SLICL,45,4,20,522.00,"10,440.00"
2019-02-20,2019022001003110,SLICL,49,4,87,522.00,"45,414.00"
2019-02-20,2019022001003020,SLICL,42,4,10,528.00,"5,280.00"
2019-02-20,2019022001002856,SLICL,36,36,62,532.00,"32,984.00"
2019-02-20,2019022001002975,SMATA,55,54,10,"1,342.00","13,420.00"
2019-02-20,2019022001002987,SRBL,34,57,58,207.00,"12,006.00"
2019-02-20,2019022001003048,SWBBL,26,45,20,815.00,"16,300.00"
2019-02-20,2019022001003047,SWBBL,32,45,50,816.00,"40,800.00"
2019-02-20,2019022001003117,UFL,55,32,85,150.00,"12,750.00"
2019-02-20,2019022001002895,UIC,57,58,10,765.00,"7,650.00"
2019-02-20,2019022001002901,UMHL,1,57,10,108.00,"1,080.00"
2019-02-20,2019022001003189,UPPER,22,8,25,224.00,"5,600.00"
2019-02-20,2019022001003186,UPPER,22,40,50,224.00,"11,200.00"
2019-02-20,2019022001003147,UPPER,22,34,50,224.00,"11,200.00"
2019-02-20,2019022001003078,UPPER,22,34,40,224.00,"8,960.00"
2019-02-20,2019022001002700,UPPER,22,40,40,224.00,"8,960.00"
2019-02-20,2019022001002734,UPPER,28,34,40,225.00,"9,000.00"
2019-02-20,2019022001002733,UPPER,28,56,50,225.00,"11,250.00"
2019-02-20,2019022001002732,UPPER,28,56,40,225.00,"9,000.00"
2019-02-20,2019022001002724,UPPER,22,47,50,224.00,"11,200.00"
2019-02-20,2019022001002706,UPPER,22,28,40,224.00,"8,960.00"
2019-02-20,2019022001002704,UPPER,22,58,40,224.00,"8,960.00"
2019-02-20,2019022001002740,UPPER,28,48,50,225.00,"11,250.00"
2019-02-20,2019022001002739,UPPER,28,48,40,225.00,"9,000.00"
2019-02-20,2019022001002738,UPPER,28,48,40,225.00,"9,000.00"
2019-02-20,2019022001002737,UPPER,28,29,50,225.00,"11,250.00"
2019-02-20,2019022001002736,UPPER,28,56,40,225.00,"9,000.00"
2019-02-20,2019022001002735,UPPER,28,56,40,225.00,"9,000.00"
2019-02-20,2019022001002782,UPPER,29,57,20,225.00,"4,500.00"
2019-02-20,2019022001002758,UPPER,41,34,100,226.00,"22,600.00"
2019-02-20,2019022001002756,UPPER,29,29,20,225.00,"4,500.00"
2019-02-20,2019022001002751,UPPER,28,29,20,225.00,"4,500.00"
2019-02-20,2019022001002743,UPPER,28,47,50,225.00,"11,250.00"
2019-02-20,2019022001002741,UPPER,28,48,40,225.00,"9,000.00"
2019-02-20,2019022001002811,UPPER,22,58,40,224.00,"8,960.00"
2019-02-20,2019022001002805,UPPER,29,33,50,225.00,"11,250.00"
2019-02-20,2019022001002789,UPPER,53,33,100,225.00,"22,500.00"
2019-02-20,2019022001002788,UPPER,6,33,353,225.00,"79,425.00"
2019-02-20,2019022001002785,UPPER,6,47,50,225.00,"11,250.00"
2019-02-20,2019022001002783,UPPER,6,57,20,225.00,"4,500.00"
2019-02-20,2019022001002875,UPPER,22,58,50,224.00,"11,200.00"
2019-02-20,2019022001002871,UPPER,48,33,700,225.00,"157,500.00"
2019-02-20,2019022001002845,UPPER,52,33,200,225.00,"45,000.00"
2019-02-20,2019022001002836,UPPER,22,58,40,224.00,"8,960.00"
2019-02-20,2019022001002831,UPPER,22,42,50,224.00,"11,200.00"
2019-02-20,2019022001002813,UPPER,22,29,50,224.00,"11,200.00"
2019-02-20,2019022001002943,UPPER,58,19,50,225.00,"11,250.00"
2019-02-20,2019022001002902,UPPER,22,34,50,224.00,"11,200.00"
2019-02-20,2019022001002897,UPPER,33,59,50,225.00,"11,250.00"
2019-02-20,2019022001002885,UPPER,59,33,50,225.00,"11,250.00"
2019-02-20,2019022001002997,UPPER,22,19,40,224.00,"8,960.00"
2019-02-20,2019022001002993,UPPER,22,34,50,224.00,"11,200.00"
2019-02-20,2019022001002961,UPPER,22,34,40,224.00,"8,960.00"
2019-02-20,2019022001002957,UPPER,58,33,450,225.00,"101,250.00"
2019-02-20,2019022001003054,UPPER,22,34,40,224.00,"8,960.00"
2019-02-20,2019022001003045,UPPER,46,33,550,225.00,"123,750.00"
2019-02-20,2019022001003037,UPPER,22,40,50,224.00,"11,200.00"
2019-02-20,2019022001003001,UPPER,22,34,58,224.00,"12,992.00"
2019-02-20,2019022001002489,ADBL,57,39,15,330.00,"4,950.00"
2019-02-20,2019022001002488,ADBL,19,39,87,330.00,"28,710.00"
2019-02-20,2019022001002192,ADBL,19,48,63,330.00,"20,790.00"
2019-02-20,2019022001002678,AKJCL,22,40,10,79.00,790.00
2019-02-20,2019022001002296,AKJCL,22,46,20,79.00,"1,580.00"
2019-02-20,2019022001002238,AKJCL,40,37,20,78.00,"1,560.00"
2019-02-20,2019022001002206,AKJCL,40,38,20,78.00,"1,560.00"
2019-02-20,2019022001002198,AKJCL,40,20,20,78.00,"1,560.00"
2019-02-20,2019022001002191,AKJCL,40,37,20,78.00,"1,560.00"
2019-02-20,2019022001002408,AKPL,39,36,10,151.00,"1,510.00"
2019-02-20,2019022001002331,ALICL,32,35,200,575.00,"115,000.00"
2019-02-20,2019022001002578,API,42,34,484,129.00,"62,436.00"
2019-02-20,2019022001002577,API,42,58,500,129.00,"64,500.00"
2019-02-20,2019022001002576,API,42,21,16,128.00,"2,048.00"
2019-02-20,2019022001002358,API,49,21,100,128.00,"12,800.00"
2019-02-20,2019022001002300,API,44,21,100,128.00,"12,800.00"
2019-02-20,2019022001002298,API,56,37,29,127.00,"3,683.00"
2019-02-20,2019022001002607,BARUN,53,19,170,93.00,"15,810.00"
2019-02-20,2019022001002492,BARUN,56,19,300,93.00,"27,900.00"
2019-02-20,2019022001002374,BOKL,22,5,30,243.00,"7,290.00"
2019-02-20,2019022001002539,BPCL,59,59,10,346.00,"3,460.00"
2019-02-20,2019022001002204,BPCL,36,38,20,345.00,"6,900.00"
2019-02-20,2019022001002564,CBBL,41,42,100,868.00,"86,800.00"
2019-02-20,2019022001002284,CBBL,42,57,50,870.00,"43,500.00"
2019-02-20,2019022001002219,CBBL,57,42,100,869.00,"86,900.00"
2019-02-20,2019022001002657,CBL,47,41,15,148.00,"2,220.00"
2019-02-20,2019022001002301,CBL,22,25,128,149.00,"19,072.00"
2019-02-20,2019022001002195,CBL,33,49,"2,825",149.00,"420,925.00"
2019-02-20,2019022001002660,CCBL,49,41,13,159.00,"2,067.00"
2019-02-20,2019022001002499,CCBL,49,53,56,159.00,"8,904.00"
2019-02-20,2019022001002399,CCBL,49,5,86,159.00,"13,674.00"
2019-02-20,2019022001002286,CCBL,57,57,3,160.00,480.00
2019-02-20,2019022001002256,CCBL,57,57,1,160.00,160.00
2019-02-20,2019022001002243,CCBL,39,45,39,160.00,"6,240.00"
2019-02-20,2019022001002668,CFCL,16,41,15,110.00,"1,650.00"
2019-02-20,2019022001002527,CHCL,45,5,60,504.00,"30,240.00"
2019-02-20,2019022001002681,CHLBS,58,40,10,547.00,"5,470.00"
2019-02-20,2019022001002556,CIT,25,34,100,"2,530.00","253,000.00"
2019-02-20,2019022001002555,CIT,49,34,10,"2,535.00","25,350.00"
2019-02-20,2019022001002554,CIT,25,34,15,"2,535.00","38,025.00"
2019-02-20,2019022001002553,CIT,51,34,20,"2,536.00","50,720.00"
2019-02-20,2019022001002552,CIT,1,34,30,"2,540.00","76,200.00"
2019-02-20,2019022001002551,CIT,43,34,20,"2,540.00","50,800.00"
2019-02-20,2019022001002550,CIT,45,34,20,"2,541.00","50,820.00"
2019-02-20,2019022001002549,CIT,48,34,20,"2,541.00","50,820.00"
2019-02-20,2019022001002362,CIT,48,34,10,"2,541.00","25,410.00"
2019-02-20,2019022001002349,CIT,48,34,25,"2,541.00","63,525.00"
2019-02-20,2019022001002547,CZBIL,21,59,10,201.00,"2,010.00"
2019-02-20,2019022001002546,CZBIL,59,47,10,202.00,"2,020.00"
2019-02-20,2019022001002529,CZBIL,39,47,26,202.00,"5,252.00"
2019-02-20,2019022001002340,CZBIL,17,1,100,202.00,"20,200.00"
2019-02-20,2019022001002339,CZBIL,17,1,100,202.00,"20,200.00"
2019-02-20,2019022001002338,CZBIL,1,1,100,202.00,"20,200.00"
2019-02-20,2019022001002337,CZBIL,50,1,45,202.00,"9,090.00"
2019-02-20,2019022001002294,DBBL,42,42,104,123.00,"12,792.00"
2019-02-20,2019022001002209,DBBL,42,14,78,122.00,"9,516.00"
2019-02-20,2019022001002582,DDBL,32,45,100,580.00,"58,000.00"
2019-02-20,2019022001002581,DDBL,57,45,25,580.00,"14,500.00"
2019-02-20,2019022001002506,EBL,32,22,149,508.00,"75,692.00"
2019-02-20,2019022001002498,EBL,49,22,20,509.00,"10,180.00"
2019-02-20,2019022001002497,EBL,47,22,30,509.00,"15,270.00"
2019-02-20,2019022001002288,EBL,42,5,45,509.00,"22,905.00"
2019-02-20,2019022001002387,GBBL,37,34,618,181.00,"111,858.00"
2019-02-20,2019022001002670,GBIME,51,41,13,260.00,"3,380.00"
2019-02-20,2019022001002541,GBIME,19,47,100,261.00,"26,100.00"
2019-02-20,2019022001002320,GBIME,22,47,30,261.00,"7,830.00"
2019-02-20,2019022001002545,GBLBS,39,53,10,437.00,"4,370.00"
2019-02-20,2019022001002540,GBLBS,58,58,10,440.00,"4,400.00"
2019-02-20,2019022001002510,GBLBS,58,58,10,440.00,"4,400.00"
2019-02-20,2019022001002312,GDBL,19,59,210,180.00,"37,800.00"
2019-02-20,2019022001002465,GDBL,19,25,308,180.00,"55,440.00"
2019-02-20,2019022001002451,GDBL,19,36,87,180.00,"15,660.00"
2019-02-20,2019022001002464,HIDCL,47,17,56,133.00,"7,448.00"
2019-02-20,2019022001002407,HIDCL,6,6,261,134.00,"34,974.00"
2019-02-20,2019022001002397,HIDCL,47,22,56,133.00,"7,448.00"
2019-02-20,2019022001002382,HIDCL,6,6,261,134.00,"34,974.00"
2019-02-20,2019022001002381,HIDCL,6,6,261,134.00,"34,974.00"
2019-02-20,2019022001002239,HIDCL,43,44,78,135.00,"10,530.00"
2019-02-20,2019022001002229,HIDCL,43,22,"1,000",134.00,"134,000.00"
2019-02-20,2019022001002228,HIDCL,43,26,34,134.00,"4,556.00"
2019-02-20,2019022001002227,HIDCL,43,42,116,133.00,"15,428.00"
2019-02-20,2019022001002226,HIDCL,43,42,87,133.00,"11,571.00"
2019-02-20,2019022001002225,HIDCL,43,46,500,133.00,"66,500.00"
2019-02-20,2019022001002417,HPPL,6,6,10,172.00,"1,720.00"
2019-02-20,2019022001002356,HPPL,28,52,10,171.00,"1,710.00"
2019-02-20,2019022001002211,HPPL,6,6,10,173.00,"1,730.00"
2019-02-20,2019022001002194,HPPL,28,37,20,171.00,"3,420.00"
2019-02-20,2019022001002620,ICFC,22,19,81,148.00,"11,988.00"
2019-02-20,2019022001002671,JBNL,49,41,15,163.00,"2,445.00"
2019-02-20,2019022001002597,JBNL,43,32,100,164.00,"16,400.00"
2019-02-20,2019022001002596,JBNL,48,32,"1,000",164.00,"164,000.00"
2019-02-20,2019022001002595,JBNL,33,32,50,164.00,"8,200.00"
2019-02-20,2019022001002594,JBNL,14,32,300,164.00,"49,200.00"
2019-02-20,2019022001002593,JBNL,41,32,300,164.00,"49,200.00"
2019-02-20,2019022001002575,JBNL,16,33,10,165.00,"1,650.00"
2019-02-20,2019022001002509,JBNL,16,33,10,165.00,"1,650.00"
2019-02-20,2019022001002406,JSLBB,34,22,14,"2,360.00","33,040.00"
2019-02-20,2019022001002508,KBL,59,26,45,231.00,"10,395.00"
2019-02-20,2019022001002507,KBL,22,26,86,232.00,"19,952.00"
2019-02-20,2019022001002213,KBL,57,57,7,232.00,"1,624.00"
2019-02-20,2019022001002433,KKHC,42,43,16,75.00,"1,200.00"
2019-02-20,2019022001002428,KKHC,42,43,16,75.00,"1,200.00"
2019-02-20,2019022001002425,KKHC,42,43,16,75.00,"1,200.00"
2019-02-20,2019022001002419,KKHC,42,43,16,75.00,"1,200.00"
2019-02-20,2019022001002369,KKHC,14,36,10,75.00,750.00
2019-02-20,2019022001002205,KKHC,6,6,16,76.00,"1,216.00"
2019-02-20,2019022001002685,KPCL,39,40,10,90.00,900.00
2019-02-20,2019022001002208,KPCL,39,38,10,90.00,900.00
2019-02-20,2019022001002197,KPCL,39,37,10,90.00,900.00
2019-02-20,2019022001002277,KPCL,39,37,10,90.00,900.00
2019-02-20,2019022001002584,KPCL,39,29,10,90.00,900.00
2019-02-20,2019022001002570,KPCL,16,59,10,91.00,910.00
2019-02-20,2019022001002674,KSBBL,57,41,14,132.00,"1,848.00"
2019-02-20,2019022001002360,KSBBL,57,57,6,132.00,792.00
2019-02-20,2019022001002310,KSBBL,57,57,6,133.00,798.00
2019-02-20,2019022001002637,LBL,22,36,850,190.00,"161,500.00"
2019-02-20,2019022001002636,LBL,22,10,150,190.00,"28,500.00"
2019-02-20,2019022001002592,LBL,54,10,50,190.00,"9,500.00"
2019-02-20,2019022001002591,LBL,54,28,50,190.00,"9,500.00"
2019-02-20,2019022001002516,LBL,22,28,"1,000",190.00,"190,000.00"
2019-02-20,2019022001002482,LEMF,5,42,"1,000",7.00,"7,000.00"
2019-02-20,2019022001002481,LEMF,26,42,"2,000",7.01,"14,020.00"
2019-02-20,2019022001002281,LGIL,42,42,20,508.00,"10,160.00"
2019-02-20,2019022001002390,MBL,59,5,59,208.00,"12,272.00"
2019-02-20,2019022001002318,MDB,41,25,500,275.00,"137,500.00"
2019-02-20,2019022001002280,MDB,25,25,100,276.00,"27,600.00"
2019-02-20,2019022001002279,MDB,19,25,100,276.00,"27,600.00"
2019-02-20,2019022001002265,MDB,14,25,151,277.00,"41,827.00"
2019-02-20,2019022001002677,MEGA,32,41,18,158.00,"2,844.00"
2019-02-20,2019022001002606,MEGA,5,39,500,159.00,"79,500.00"
2019-02-20,2019022001002396,MEGA,32,5,51,158.00,"8,058.00"
2019-02-20,2019022001002395,MEGA,49,5,35,158.00,"5,530.00"
2019-02-20,2019022001002393,MEGA,14,35,100,159.00,"15,900.00"
2019-02-20,2019022001002388,MEGA,35,35,200,159.00,"31,800.00"
2019-02-20,2019022001002346,MEGA,39,35,100,159.00,"15,900.00"
2019-02-20,2019022001002333,MEGA,42,22,200,159.00,"31,800.00"
2019-02-20,2019022001002304,MEGA,54,22,200,159.00,"31,800.00"
2019-02-20,2019022001002257,MEGA,46,22,100,159.00,"15,900.00"
2019-02-20,2019022001002628,MMFDB,47,22,46,980.00,"45,080.00"
2019-02-20,2019022001002473,MMFDB,17,22,16,970.00,"15,520.00"
2019-02-20,2019022001002472,MMFDB,57,22,10,975.00,"9,750.00"
2019-02-20,2019022001002471,MMFDB,54,22,20,975.00,"19,500.00"
2019-02-20,2019022001002658,MSMBS,39,25,100,533.00,"53,300.00"
2019-02-20,2019022001002203,MSMBS,6,6,22,533.00,"11,726.00"
2019-02-20,2019022001002574,NABIL,59,17,25,786.00,"19,650.00"
2019-02-20,2019022001002573,NABIL,41,17,150,787.00,"118,050.00"
2019-02-20,2019022001002572,NABIL,45,17,200,787.00,"157,400.00"
2019-02-20,2019022001002571,NABIL,22,17,14,788.00,"11,032.00"
2019-02-20,2019022001002561,NABIL,22,22,86,788.00,"67,768.00"
2019-02-20,2019022001002376,NABIL,13,17,10,789.00,"7,890.00"
2019-02-20,2019022001002370,NABIL,43,17,30,789.00,"23,670.00"
2019-02-20,2019022001002368,NABIL,13,17,10,789.00,"7,890.00"
2019-02-20,2019022001002361,NABIL,28,17,50,789.00,"39,450.00"
2019-02-20,2019022001002297,NABIL,48,17,50,789.00,"39,450.00"
2019-02-20,2019022001002259,NABIL,29,17,65,789.00,"51,285.00"
2019-02-20,2019022001002639,NABILP,17,25,200,747.00,"149,400.00"
2019-02-20,2019022001002457,NABILP,17,39,550,745.00,"409,750.00"
2019-02-20,2019022001002454,NABILP,17,58,450,745.00,"335,250.00"
2019-02-20,2019022001002483,NBB,58,21,50,185.00,"9,250.00"
2019-02-20,2019022001002282,NBB,17,35,100,184.00,"18,400.00"
2019-02-20,2019022001002580,NBL,14,32,100,284.00,"28,400.00"
2019-02-20,2019022001002579,NBL,43,32,100,284.00,"28,400.00"
2019-02-20,2019022001002543,NBL,48,58,50,285.00,"14,250.00"
2019-02-20,2019022001002217,NBL,42,36,100,284.00,"28,400.00"
2019-02-20,2019022001002216,NBL,42,32,383,284.00,"108,772.00"
2019-02-20,2019022001002412,NCCB,13,36,16,206.00,"3,296.00"
2019-02-20,2019022001002322,NCCB,17,44,50,207.00,"10,350.00"
2019-02-20,2019022001002190,NCCB,8,8,1,205.00,205.00
2019-02-20,2019022001002644,NGPL,1,53,45,117.00,"5,265.00"
2019-02-20,2019022001002627,NGPL,1,53,13,117.00,"1,521.00"
2019-02-20,2019022001002622,NGPL,1,48,11,117.00,"1,287.00"
2019-02-20,2019022001002468,NGPL,51,38,250,117.00,"29,250.00"
2019-02-20,2019022001002683,NIB,55,57,25,511.00,"12,775.00"
2019-02-20,2019022001002616,NIB,56,57,30,511.00,"15,330.00"
2019-02-20,2019022001002615,NIB,41,57,500,511.00,"255,500.00"
2019-02-20,2019022001002614,NIB,50,57,100,511.00,"51,100.00"
2019-02-20,2019022001002613,NIB,50,57,74,511.00,"37,814.00"
2019-02-20,2019022001002612,NIB,45,57,200,511.00,"102,200.00"
2019-02-20,2019022001002309,NIB,17,6,124,512.00,"63,488.00"
2019-02-20,2019022001002308,NIB,40,6,50,512.00,"25,600.00"
2019-02-20,2019022001002307,NIB,45,6,15,512.00,"7,680.00"
2019-02-20,2019022001002273,NIB,17,42,72,512.00,"36,864.00"
2019-02-20,2019022001002611,NIB,8,57,100,511.00,"51,100.00"
2019-02-20,2019022001002610,NIB,40,57,50,512.00,"25,600.00"
2019-02-20,2019022001002609,NIB,6,57,189,512.00,"96,768.00"
2019-02-20,2019022001002514,NIB,22,22,9,512.00,"4,608.00"
2019-02-20,2019022001002409,NIB,16,22,100,512.00,"51,200.00"
2019-02-20,2019022001002402,NIB,49,26,20,513.00,"10,260.00"
2019-02-20,2019022001002656,NICA,33,47,55,386.00,"21,230.00"
2019-02-20,2019022001002655,NICA,33,33,60,386.00,"23,160.00"
2019-02-20,2019022001002654,NICA,33,25,85,386.00,"32,810.00"
2019-02-20,2019022001002650,NICA,22,25,20,386.00,"7,720.00"
2019-02-20,2019022001002344,NICA,13,44,28,385.00,"10,780.00"
2019-02-20,2019022001002268,NICA,17,25,200,386.00,"77,200.00"
2019-02-20,2019022001002618,NICL,5,22,789,372.00,"293,508.00"
2019-02-20,2019022001002617,NICL,5,7,50,371.00,"18,550.00"
2019-02-20,2019022001002413,NICL,52,7,200,371.00,"74,200.00"
2019-02-20,2019022001002403,NICL,49,32,87,370.00,"32,190.00"
2019-02-20,2019022001002303,NICL,41,21,10,368.00,"3,680.00"
2019-02-20,2019022001002652,NIL,53,56,10,510.00,"5,100.00"
2019-02-20,2019022001002329,NIL,29,29,10,512.00,"5,120.00"
2019-02-20,2019022001002328,NIL,29,34,40,512.00,"20,480.00"
2019-02-20,2019022001002214,NIL,28,10,50,511.00,"25,550.00"
2019-02-20,2019022001002672,NLIC,58,58,3,"1,000.00","3,000.00"
2019-02-20,2019022001002662,NLIC,58,58,3,"1,000.00","3,000.00"
2019-02-20,2019022001002605,NLIC,33,44,14,"1,015.00","14,210.00"
2019-02-20,2019022001002603,NLIC,58,58,3,"1,000.00","3,000.00"
2019-02-20,2019022001002486,NLIC,58,58,3,"1,000.00","3,000.00"
2019-02-20,2019022001002476,NLIC,58,58,3,"1,000.00","3,000.00"
2019-02-20,2019022001002291,NLIC,49,3,315,"1,015.00","319,725.00"
2019-02-20,2019022001002458,NLIC,58,58,3,"1,000.00","3,000.00"
2019-02-20,2019022001002415,NLIC,33,36,69,"1,015.00","70,035.00"
2019-02-20,2019022001002379,NLIC,33,5,17,"1,015.00","17,255.00"
2019-02-20,2019022001002375,NLIC,57,36,14,"1,014.00","14,196.00"
2019-02-20,2019022001002342,NLIC,33,49,100,"1,016.00","101,600.00"
2019-02-20,2019022001002292,NLIC,49,57,60,"1,015.00","60,900.00"
2019-02-20,2019022001002299,NLICL,44,58,704,626.00,"440,704.00"
2019-02-20,2019022001002684,NMB,6,6,9,302.00,"2,718.00"
2019-02-20,2019022001002653,NMB,11,54,139,306.00,"42,534.00"
2019-02-20,2019022001002621,NMB,17,54,200,306.00,"61,200.00"
2019-02-20,2019022001002608,NMB,19,59,11,305.00,"3,355.00"
2019-02-20,2019022001002602,NMB,13,54,200,306.00,"61,200.00"
2019-02-20,2019022001002601,NMB,59,54,11,306.00,"3,366.00"
2019-02-20,2019022001002334,NMB,6,54,20,306.00,"6,120.00"
2019-02-20,2019022001002485,NMB,40,54,450,306.00,"137,700.00"
2019-02-20,2019022001002477,NMB,40,35,50,306.00,"15,300.00"
2019-02-20,2019022001002455,NMB,34,35,200,306.00,"61,200.00"
2019-02-20,2019022001002359,NMB,34,54,130,306.00,"39,780.00"
2019-02-20,2019022001002336,NMB,34,54,"1,800",306.00,"550,800.00"
2019-02-20,2019022001002335,NMB,44,54,50,306.00,"15,300.00"
2019-02-20,2019022001002427,NMBMF,43,22,20,"1,049.00","20,980.00"
2019-02-20,2019022001002404,NMBMF,20,22,15,"1,050.00","15,750.00"
2019-02-20,2019022001002317,NMBMF,20,22,35,"1,050.00","36,750.00"
2019-02-20,2019022001002258,NMBMF,6,6,35,"1,060.00","37,100.00"
2019-02-20,2019022001002392,NNLB,47,39,10,480.00,"4,800.00"
2019-02-20,2019022001002293,NNLB,47,21,10,480.00,"4,800.00"
2019-02-20,2019022001002635,NSEWA,59,59,10,549.00,"5,490.00"
2019-02-20,2019022001002626,NSEWA,57,57,10,549.00,"5,490.00"
2019-02-20,2019022001002619,NSEWA,57,57,10,549.00,"5,490.00"
2019-02-20,2019022001002604,NSEWA,57,57,10,549.00,"5,490.00"
2019-02-20,2019022001002600,NSEWA,57,57,10,549.00,"5,490.00"
2019-02-20,2019022001002599,NSEWA,57,57,10,549.00,"5,490.00"
2019-02-20,2019022001002289,NSEWA,55,22,10,549.00,"5,490.00"
2019-02-20,2019022001002638,NTC,40,7,10,688.00,"6,880.00"
2019-02-20,2019022001002319,NTC,59,7,20,688.00,"13,760.00"
2019-02-20,2019022001002250,NTC,38,5,300,677.00,"203,100.00"
2019-02-20,2019022001002249,NTC,51,5,100,680.00,"68,000.00"
2019-02-20,2019022001002248,NTC,5,5,200,681.00,"136,200.00"
2019-02-20,2019022001002247,NTC,53,5,100,681.00,"68,100.00"
2019-02-20,2019022001002666,NUBL,47,14,30,715.00,"21,450.00"
2019-02-20,2019022001002665,NUBL,40,14,10,715.00,"7,150.00"
2019-02-20,2019022001002664,NUBL,37,14,30,715.00,"21,450.00"
2019-02-20,2019022001002663,NUBL,26,14,26,716.00,"18,616.00"
2019-02-20,2019022001002587,NUBL,26,25,13,716.00,"9,308.00"
2019-02-20,2019022001002528,NUBL,26,32,30,716.00,"21,480.00"
2019-02-20,2019022001002643,PCBL,39,48,100,310.00,"31,000.00"
2019-02-20,2019022001002589,PCBL,57,48,200,310.00,"62,000.00"
2019-02-20,2019022001002423,PCBL,5,48,500,310.00,"155,000.00"
2019-02-20,2019022001002422,PCBL,5,5,57,310.00,"17,670.00"
2019-02-20,2019022001002421,PCBL,5,26,101,310.00,"31,310.00"
2019-02-20,2019022001002420,PCBL,13,22,14,308.00,"4,312.00"
2019-02-20,2019022001002264,PCBL,5,48,500,309.00,"154,500.00"
2019-02-20,2019022001002263,PCBL,5,49,279,309.00,"86,211.00"
2019-02-20,2019022001002255,PCBL,13,48,205,308.00,"63,140.00"
2019-02-20,2019022001002254,PCBL,28,48,35,308.00,"10,780.00"
2019-02-20,2019022001002253,PCBL,59,48,200,308.00,"61,600.00"
2019-02-20,2019022001002252,PCBL,47,48,60,308.00,"18,480.00"
2019-02-20,2019022001002271,PFL,6,6,39,129.00,"5,031.00"
2019-02-20,2019022001002633,PIC,16,41,10,"1,010.00","10,100.00"
2019-02-20,2019022001002632,PIC,16,41,10,"1,010.00","10,100.00"
2019-02-20,2019022001002631,PIC,16,41,10,"1,010.00","10,100.00"
2019-02-20,2019022001002630,PIC,16,41,10,"1,010.00","10,100.00"
2019-02-20,2019022001002629,PIC,58,8,11,"1,010.00","11,110.00"
2019-02-20,2019022001002469,PIC,16,22,10,"1,010.00","10,100.00"
2019-02-20,2019022001002385,PIC,52,22,11,"1,004.00","11,044.00"
2019-02-20,2019022001002689,PLIC,49,17,50,436.00,"21,800.00"
2019-02-20,2019022001002688,PLIC,33,17,60,436.00,"26,160.00"
2019-02-20,2019022001002687,PLIC,32,17,30,436.00,"13,080.00"
2019-02-20,2019022001002625,PLIC,13,28,50,437.00,"21,850.00"
2019-02-20,2019022001002453,PLIC,51,28,200,437.00,"87,400.00"
2019-02-20,2019022001002332,PLIC,57,28,77,437.00,"33,649.00"
2019-02-20,2019022001002218,PLIC,28,28,35,437.00,"15,295.00"
2019-02-20,2019022001002588,PMHPL,46,29,10,107.00,"1,070.00"
2019-02-20,2019022001002434,PMHPL,46,37,10,107.00,"1,070.00"
2019-02-20,2019022001002394,PMHPL,46,37,10,107.00,"1,070.00"
2019-02-20,2019022001002274,PMHPL,6,6,10,108.00,"1,080.00"
2019-02-20,2019022001002210,PMHPL,46,37,10,107.00,"1,070.00"
2019-02-20,2019022001002648,PRIN,47,43,100,412.00,"41,200.00"
2019-02-20,2019022001002647,PRIN,32,43,100,413.00,"41,300.00"
2019-02-20,2019022001002661,PRVU,33,38,30,210.00,"6,300.00"
2019-02-20,2019022001002646,PRVU,33,38,100,210.00,"21,000.00"
2019-02-20,2019022001002645,PRVU,16,38,50,210.00,"10,500.00"
2019-02-20,2019022001002634,PRVU,33,28,990,210.00,"207,900.00"
2019-02-20,2019022001002558,PRVU,14,28,10,210.00,"2,100.00"
2019-02-20,2019022001002542,PRVU,38,28,200,210.00,"42,000.00"
2019-02-20,2019022001002311,PRVU,33,16,100,209.00,"20,900.00"
2019-02-20,2019022001002269,PRVU,37,28,100,210.00,"21,000.00"
2019-02-20,2019022001002444,PRVU,49,53,100,210.00,"21,000.00"
2019-02-20,2019022001002443,PRVU,49,43,120,210.00,"25,200.00"
2019-02-20,2019022001002442,PRVU,49,28,"1,000",210.00,"210,000.00"
2019-02-20,2019022001002441,PRVU,49,25,500,210.00,"105,000.00"
2019-02-20,2019022001002440,PRVU,49,28,45,210.00,"9,450.00"
2019-02-20,2019022001002505,PRVU,45,26,100,209.00,"20,900.00"
2019-02-20,2019022001002504,PRVU,26,26,200,209.00,"41,800.00"
2019-02-20,2019022001002496,PRVU,33,28,700,210.00,"147,000.00"
2019-02-20,2019022001002487,PRVU,33,41,200,210.00,"42,000.00"
2019-02-20,2019022001002450,RHPC,1,17,17,91.00,"1,547.00"
2019-02-20,2019022001002449,RHPC,1,26,13,91.00,"1,183.00"
2019-02-20,2019022001002448,RHPC,1,17,17,91.00,"1,547.00"
2019-02-20,2019022001002235,RHPC,1,59,10,90.00,900.00
2019-02-20,2019022001002224,RHPC,33,59,100,90.00,"9,000.00"
2019-02-20,2019022001002223,RHPC,1,59,50,90.00,"4,500.00"
2019-02-20,2019022001002649,RMDC,55,59,19,539.00,"10,241.00"
2019-02-20,2019022001002513,RRHP,22,42,120,94.00,"11,280.00"
2019-02-20,2019022001002512,RRHP,22,49,10,94.00,940.00
2019-02-20,2019022001002511,RRHP,22,37,10,92.00,920.00
2019-02-20,2019022001002686,RSDC,55,59,12,374.00,"4,488.00"
2019-02-20,2019022001002590,RSDC,16,34,10,377.00,"3,770.00"
2019-02-20,2019022001002585,RSDC,16,34,10,377.00,"3,770.00"
2019-02-20,2019022001002566,RSDC,16,34,10,377.00,"3,770.00"
2019-02-20,2019022001002559,RSDC,16,34,10,377.00,"3,770.00"
2019-02-20,2019022001002500,RSDC,16,34,10,377.00,"3,770.00"
2019-02-20,2019022001002242,RSDC,13,22,102,373.00,"38,046.00"
2019-02-20,2019022001002241,RSDC,42,22,20,373.00,"7,460.00"
2019-02-20,2019022001002240,RSDC,42,22,78,373.00,"29,094.00"
2019-02-20,2019022001002493,RSDC,16,34,10,377.00,"3,770.00"
2019-02-20,2019022001002484,RSDC,16,34,10,377.00,"3,770.00"
2019-02-20,2019022001002479,RSDC,16,34,10,377.00,"3,770.00"
2019-02-20,2019022001002475,RSDC,16,34,10,377.00,"3,770.00"
2019-02-20,2019022001002456,RSDC,16,34,10,377.00,"3,770.00"
2019-02-20,2019022001002452,RSDC,16,34,10,377.00,"3,770.00"
2019-02-20,2019022001002466,SANIMA,16,17,10,293.00,"2,930.00"
2019-02-20,2019022001002435,SANIMA,29,39,450,292.00,"131,400.00"
2019-02-20,2019022001002424,SANIMA,29,22,13,292.00,"3,796.00"
2019-02-20,2019022001002351,SANIMA,42,17,50,293.00,"14,650.00"
2019-02-20,2019022001002348,SANIMA,29,38,114,292.00,"33,288.00"
2019-02-20,2019022001002234,SANIMA,29,13,624,292.00,"182,208.00"
2019-02-20,2019022001002233,SANIMA,29,19,742,292.00,"216,664.00"
2019-02-20,2019022001002202,SANIMA,13,19,58,292.00,"16,936.00"
2019-02-20,2019022001002201,SANIMA,13,33,50,292.00,"14,600.00"
2019-02-20,2019022001002200,SANIMA,13,17,516,292.00,"150,672.00"
2019-02-20,2019022001002199,SANIMA,22,17,100,292.00,"29,200.00"
2019-02-20,2019022001002418,SBBLJ,42,32,10,208.00,"2,080.00"
2019-02-20,2019022001002410,SBBLJ,45,32,97,208.00,"20,176.00"
2019-02-20,2019022001002401,SBBLJ,45,11,500,207.00,"103,500.00"
2019-02-20,2019022001002400,SBBLJ,45,45,482,207.00,"99,774.00"
2019-02-20,2019022001002667,SBI,13,38,261,382.00,"99,702.00"
2019-02-20,2019022001002659,SBI,13,17,239,380.00,"90,820.00"
2019-02-20,2019022001002414,SBI,7,34,300,379.00,"113,700.00"
2019-02-20,2019022001002371,SBI,49,17,20,380.00,"7,600.00"
2019-02-20,2019022001002305,SBI,42,17,50,380.00,"19,000.00"
2019-02-20,2019022001002642,SBL,7,49,965,277.00,"267,305.00"
2019-02-20,2019022001002641,SBL,58,49,100,277.00,"27,700.00"
2019-02-20,2019022001002640,SBL,16,49,50,278.00,"13,900.00"
2019-02-20,2019022001002624,SBL,7,5,35,277.00,"9,695.00"
2019-02-20,2019022001002515,SBL,58,22,45,276.00,"12,420.00"
2019-02-20,2019022001002380,SBL,22,5,30,277.00,"8,310.00"
2019-02-20,2019022001002598,SCB,22,26,290,535.00,"155,150.00"
2019-02-20,2019022001002548,SCB,17,26,200,535.00,"107,000.00"
2019-02-20,2019022001002438,SCB,32,26,10,535.00,"5,350.00"
2019-02-20,2019022001002429,SCB,16,26,100,535.00,"53,500.00"
2019-02-20,2019022001002426,SCB,17,22,20,533.00,"10,660.00"
2019-02-20,2019022001002405,SCB,29,26,65,535.00,"34,775.00"
2019-02-20,2019022001002391,SCB,49,26,20,535.00,"10,700.00"
2019-02-20,2019022001002278,SCB,6,6,20,534.00,"10,680.00"
2019-02-20,2019022001002416,SDESI,6,36,11,602.00,"6,622.00"
2019-02-20,2019022001002261,SDESI,33,6,13,602.00,"7,826.00"
2019-02-20,2019022001002463,SEF,17,8,"1,000",8.82,"8,820.00"
2019-02-20,2019022001002462,SEF,53,8,"10,000",8.95,"89,500.00"
2019-02-20,2019022001002461,SEF,43,8,"3,000",8.96,"26,880.00"
2019-02-20,2019022001002460,SEF,43,8,"2,000",8.96,"17,920.00"
2019-02-20,2019022001002459,SEF,53,8,"10,000",8.99,"89,900.00"
2019-02-20,2019022001002221,SEF,59,59,500,8.99,"4,495.00"
2019-02-20,2019022001002495,SEOS,35,8,"9,000",9.45,"85,050.00"
2019-02-20,2019022001002494,SEOS,21,8,"1,000",9.45,"9,450.00"
2019-02-20,2019022001002439,SEOS,41,8,"5,000",9.46,"47,300.00"
2019-02-20,2019022001002568,SFFIL,6,49,52,217.00,"11,284.00"
2019-02-20,2019022001002680,SHPC,19,41,19,215.00,"4,085.00"
2019-02-20,2019022001002544,SHPC,1,22,66,215.00,"14,190.00"
2019-02-20,2019022001002623,SICL,34,34,10,870.00,"8,700.00"
2019-02-20,2019022001002365,SLBS,14,32,20,"1,006.00","20,120.00"
2019-02-20,2019022001002364,SLBS,22,32,50,"1,006.00","50,300.00"
2019-02-20,2019022001002586,SLBSL,49,41,50,788.00,"39,400.00"
2019-02-20,2019022001002583,SLBSL,57,57,10,789.00,"7,890.00"
2019-02-20,2019022001002569,SLBSL,57,57,10,789.00,"7,890.00"
2019-02-20,2019022001002267,SLBSL,28,38,10,790.00,"7,900.00"
2019-02-20,2019022001002260,SLBSL,28,38,10,790.00,"7,900.00"
2019-02-20,2019022001002562,SLBSL,57,57,10,789.00,"7,890.00"
2019-02-20,2019022001002502,SLBSL,49,7,10,788.00,"7,880.00"
2019-02-20,2019022001002411,SLBSL,49,49,10,788.00,"7,880.00"
2019-02-20,2019022001002563,SLICL,39,42,150,528.00,"79,200.00"
2019-02-20,2019022001002445,SLICL,52,25,70,526.00,"36,820.00"
2019-02-20,2019022001002470,SMB,11,32,10,635.00,"6,350.00"
2019-02-20,2019022001002446,SMFDB,22,22,1,667.00,667.00
2019-02-20,2019022001002315,SRBL,17,17,55,206.00,"11,330.00"
2019-02-20,2019022001002314,SRBL,42,17,50,206.00,"10,300.00"
2019-02-20,2019022001002480,SRS,32,45,20,163.00,"3,260.00"
2019-02-20,2019022001002383,SRS,56,4,10,162.00,"1,620.00"
2019-02-20,2019022001002353,SRS,34,4,10,159.00,"1,590.00"
2019-02-20,2019022001002251,SWBBL,4,47,287,814.00,"233,618.00"
2019-02-20,2019022001002246,SWBBL,4,47,63,814.00,"51,282.00"
2019-02-20,2019022001002245,SWBBL,4,1,337,814.00,"274,318.00"
2019-02-20,2019022001002231,SWBBL,4,1,100,814.00,"81,400.00"
2019-02-20,2019022001002230,SWBBL,34,1,100,815.00,"81,500.00"
2019-02-20,2019022001002447,UMHL,1,22,45,108.00,"4,860.00"
2019-02-20,2019022001002679,UPPER,22,36,50,224.00,"11,200.00"
2019-02-20,2019022001002676,UPPER,22,58,17,224.00,"3,808.00"
2019-02-20,2019022001002675,UPPER,49,58,33,224.00,"7,392.00"
2019-02-20,2019022001002673,UPPER,49,36,40,224.00,"8,960.00"
2019-02-20,2019022001002669,UPPER,49,58,50,224.00,"11,200.00"
2019-02-20,2019022001002207,UPPER,28,51,40,225.00,"9,000.00"
2019-02-20,2019022001002196,UPPER,28,51,40,225.00,"9,000.00"
2019-02-20,2019022001002193,UPPER,28,51,40,225.00,"9,000.00"
2019-02-20,2019022001002262,UPPER,28,38,50,225.00,"11,250.00"
2019-02-20,2019022001002237,UPPER,28,42,50,225.00,"11,250.00"
2019-02-20,2019022001002236,UPPER,28,59,50,225.00,"11,250.00"
2019-02-20,2019022001002232,UPPER,59,34,50,226.00,"11,300.00"
2019-02-20,2019022001002222,UPPER,28,37,40,225.00,"9,000.00"
2019-02-20,2019022001002220,UPPER,28,43,50,225.00,"11,250.00"
2019-02-20,2019022001002276,UPPER,28,16,50,225.00,"11,250.00"
2019-02-20,2019022001002275,UPPER,28,38,40,225.00,"9,000.00"
2019-02-20,2019022001002272,UPPER,28,16,50,225.00,"11,250.00"
2019-02-20,2019022001002270,UPPER,28,38,50,225.00,"11,250.00"
2019-02-20,2019022001002266,UPPER,28,16,50,225.00,"11,250.00"
2019-02-20,2019022001002302,UPPER,28,16,40,225.00,"9,000.00"
2019-02-20,2019022001002295,UPPER,28,16,40,225.00,"9,000.00"
2019-02-20,2019022001002290,UPPER,28,16,50,225.00,"11,250.00"
2019-02-20,2019022001002287,UPPER,28,37,40,225.00,"9,000.00"
2019-02-20,2019022001002285,UPPER,28,16,40,225.00,"9,000.00"
2019-02-20,2019022001002283,UPPER,28,59,40,225.00,"9,000.00"
2019-02-20,2019022001002324,UPPER,29,34,40,226.00,"9,040.00"
2019-02-20,2019022001002323,UPPER,28,16,50,225.00,"11,250.00"
2019-02-20,2019022001002321,UPPER,28,16,50,225.00,"11,250.00"
2019-02-20,2019022001002316,UPPER,28,16,50,225.00,"11,250.00"
2019-02-20,2019022001002313,UPPER,28,16,50,225.00,"11,250.00"
2019-02-20,2019022001002306,UPPER,28,16,50,225.00,"11,250.00"
2019-02-20,2019022001002354,UPPER,13,34,100,226.00,"22,600.00"
2019-02-20,2019022001002352,UPPER,28,16,50,225.00,"11,250.00"
2019-02-20,2019022001002345,UPPER,28,16,40,225.00,"9,000.00"
2019-02-20,2019022001002343,UPPER,28,16,50,225.00,"11,250.00"
2019-02-20,2019022001002341,UPPER,28,16,50,225.00,"11,250.00"
2019-02-20,2019022001002330,UPPER,28,16,50,225.00,"11,250.00"
2019-02-20,2019022001002373,UPPER,34,16,11,225.00,"2,475.00"
2019-02-20,2019022001002372,UPPER,19,16,39,225.00,"8,775.00"
2019-02-20,2019022001002367,UPPER,19,16,21,225.00,"4,725.00"
2019-02-20,2019022001002366,UPPER,28,16,19,225.00,"4,275.00"
2019-02-20,2019022001002363,UPPER,28,16,40,225.00,"9,000.00"
2019-02-20,2019022001002357,UPPER,28,16,40,225.00,"9,000.00"
2019-02-20,2019022001002398,UPPER,13,36,50,225.00,"11,250.00"
2019-02-20,2019022001002389,UPPER,13,37,40,225.00,"9,000.00"
2019-02-20,2019022001002386,UPPER,21,16,49,225.00,"11,025.00"
2019-02-20,2019022001002384,UPPER,21,36,40,225.00,"9,000.00"
2019-02-20,2019022001002378,UPPER,21,16,11,225.00,"2,475.00"
2019-02-20,2019022001002377,UPPER,34,16,39,225.00,"8,775.00"
2019-02-20,2019022001002467,UPPER,45,58,40,225.00,"9,000.00"
2019-02-20,2019022001002437,UPPER,45,54,50,225.00,"11,250.00"
2019-02-20,2019022001002436,UPPER,45,1,100,225.00,"22,500.00"
2019-02-20,2019022001002432,UPPER,45,1,100,225.00,"22,500.00"
2019-02-20,2019022001002431,UPPER,45,37,10,225.00,"2,250.00"
2019-02-20,2019022001002430,UPPER,13,37,40,225.00,"9,000.00"
2019-02-20,2019022001002517,UPPER,8,34,393,224.00,"88,032.00"
2019-02-20,2019022001002503,UPPER,47,56,10,225.00,"2,250.00"
2019-02-20,2019022001002491,UPPER,47,26,40,225.00,"9,000.00"
2019-02-20,2019022001002490,UPPER,47,56,50,225.00,"11,250.00"
2019-02-20,2019022001002478,UPPER,6,58,50,225.00,"11,250.00"
2019-02-20,2019022001002474,UPPER,46,34,100,226.00,"22,600.00"
2019-02-20,2019022001002523,UPPER,28,34,100,224.00,"22,400.00"
2019-02-20,2019022001002522,UPPER,21,34,200,224.00,"44,800.00"
2019-02-20,2019022001002521,UPPER,13,34,100,224.00,"22,400.00"
2019-02-20,2019022001002520,UPPER,45,34,500,224.00,"112,000.00"
2019-02-20,2019022001002519,UPPER,39,34,"1,000",224.00,"224,000.00"
2019-02-20,2019022001002518,UPPER,1,34,100,224.00,"22,400.00"
2019-02-20,2019022001002532,UPPER,1,34,100,224.00,"22,400.00"
2019-02-20,2019022001002531,UPPER,39,34,500,224.00,"112,000.00"
2019-02-20,2019022001002530,UPPER,40,34,713,224.00,"159,712.00"
2019-02-20,2019022001002526,UPPER,40,34,287,224.00,"64,288.00"
2019-02-20,2019022001002525,UPPER,41,34,200,224.00,"44,800.00"
2019-02-20,2019022001002524,UPPER,19,34,100,224.00,"22,400.00"
2019-02-20,2019022001002538,UPPER,49,34,687,224.00,"153,888.00"
2019-02-20,2019022001002537,UPPER,43,34,100,224.00,"22,400.00"
2019-02-20,2019022001002536,UPPER,45,34,100,224.00,"22,400.00"
2019-02-20,2019022001002535,UPPER,46,34,200,224.00,"44,800.00"
2019-02-20,2019022001002534,UPPER,1,34,300,224.00,"67,200.00"
2019-02-20,2019022001002533,UPPER,36,34,300,224.00,"67,200.00"
2019-02-20,2019022001002651,UPPER,49,58,50,224.00,"11,200.00"
2019-02-20,2019022001002565,UPPER,49,58,50,224.00,"11,200.00"
2019-02-20,2019022001002560,UPPER,49,56,40,224.00,"8,960.00"
2019-02-20,2019022001002557,UPPER,49,58,50,224.00,"11,200.00"
2019-02-20,2019022001002682,VLBS,21,41,12,691.00,"8,292.00"
2019-02-20,2019022001002567,VLBS,6,6,29,692.00,"20,068.00"
2019-02-20,2019022001002501,VLBS,45,32,12,691.00,"8,292.00"
2019-02-20,2019022001002347,VLBS,6,6,28,692.00,"19,376.00"
2019-02-20,2019022001002212,VLBS,45,44,12,691.00,"8,292.00"
2019-02-20,2019022001002355,WOMI,22,22,33,"1,107.00","36,531.00"
2019-02-20,2019022001002350,WOMI,6,6,33,"1,110.00","36,630.00"
2019-02-20,2019022001002327,WOMI,32,37,98,"1,107.00","108,486.00"
2019-02-20,2019022001002326,WOMI,22,37,50,"1,108.00","55,400.00"
2019-02-20,2019022001002325,WOMI,58,37,50,"1,108.00","55,400.00"
2019-02-20,2019022001002110,ADBL,56,28,50,330.00,"16,500.00"
2019-02-20,2019022001002065,ADBL,37,49,50,333.00,"16,650.00"
2019-02-20,2019022001002043,ADBL,25,56,10,332.00,"3,320.00"
2019-02-20,2019022001001834,ADBL,14,6,71,329.00,"23,359.00"
2019-02-20,2019022001001800,ADBL,14,42,80,329.00,"26,320.00"
2019-02-20,2019022001001743,ADBL,14,58,30,329.00,"9,870.00"
2019-02-20,2019022001002087,AHPC,45,37,306,99.00,"30,294.00"
2019-02-20,2019022001001896,AKJCL,22,45,20,79.00,"1,580.00"
2019-02-20,2019022001001861,AKJCL,22,45,10,79.00,790.00
2019-02-20,2019022001001824,AKPL,28,25,13,150.00,"1,950.00"
2019-02-20,2019022001002148,ALICL,57,57,35,573.00,"20,055.00"
2019-02-20,2019022001002140,ALICL,52,50,20,574.00,"11,480.00"
2019-02-20,2019022001001713,ALICL,11,35,17,574.00,"9,758.00"
2019-02-20,2019022001001712,ALICL,42,35,100,574.00,"57,400.00"
2019-02-20,2019022001001711,ALICL,45,35,33,574.00,"18,942.00"
2019-02-20,2019022001001694,AMFI,40,40,10,691.00,"6,910.00"
2019-02-20,2019022001002093,API,52,39,71,127.00,"9,017.00"
2019-02-20,2019022001002092,API,42,39,18,128.00,"2,304.00"
2019-02-20,2019022001001746,API,42,35,60,128.00,"7,680.00"
2019-02-20,2019022001001717,API,42,33,22,128.00,"2,816.00"
2019-02-20,2019022001001749,BARUN,6,6,10,93.00,930.00
2019-02-20,2019022001002102,BOKL,17,39,50,243.00,"12,150.00"
2019-02-20,2019022001002101,BOKL,29,39,"1,515",243.00,"368,145.00"
2019-02-20,2019022001001907,BOKL,29,17,485,243.00,"117,855.00"
2019-02-20,2019022001001906,BOKL,19,17,350,243.00,"85,050.00"
2019-02-20,2019022001001842,BOKL,44,22,24,244.00,"5,856.00"
2019-02-20,2019022001001841,BOKL,44,22,150,244.00,"36,600.00"
2019-02-20,2019022001001745,BOKL,19,34,50,243.00,"12,150.00"
2019-02-20,2019022001002002,BPCL,59,59,10,346.00,"3,460.00"
2019-02-20,2019022001001987,BPCL,36,33,40,345.00,"13,800.00"
2019-02-20,2019022001001986,BPCL,43,33,10,345.00,"3,450.00"
2019-02-20,2019022001001720,BPCL,43,33,30,345.00,"10,350.00"
2019-02-20,2019022001002028,CBBL,45,45,200,868.00,"173,600.00"
2019-02-20,2019022001001828,CBBL,45,22,200,868.00,"173,600.00"
2019-02-20,2019022001001901,CBL,26,49,200,148.00,"29,600.00"
2019-02-20,2019022001001879,CBL,34,49,10,148.00,"1,480.00"
2019-02-20,2019022001001878,CBL,56,49,100,148.00,"14,800.00"
2019-02-20,2019022001001877,CBL,52,49,300,148.00,"44,400.00"
2019-02-20,2019022001001876,CBL,6,49,460,148.00,"68,080.00"
2019-02-20,2019022001001806,CBL,6,42,40,148.00,"5,920.00"
2019-02-20,2019022001001805,CBL,54,42,100,148.00,"14,800.00"
2019-02-20,2019022001001839,CCBL,40,40,92,160.00,"14,720.00"
2019-02-20,2019022001001809,CCBL,49,42,90,159.00,"14,310.00"
2019-02-20,2019022001001747,CCBL,42,58,200,160.00,"32,000.00"
2019-02-20,2019022001001693,CCBL,40,40,116,160.00,"18,560.00"
2019-02-20,2019022001001815,CHCL,45,42,10,501.00,"5,010.00"
2019-02-20,2019022001001814,CHCL,28,42,40,502.00,"20,080.00"
2019-02-20,2019022001001764,CHL,6,6,34,103.00,"3,502.00"
2019-02-20,2019022001001763,CHL,6,58,10,103.00,"1,030.00"
2019-02-20,2019022001001801,CHLBS,58,17,10,547.00,"5,470.00"
2019-02-20,2019022001002097,CIT,4,14,100,"2,542.00","254,200.00"
2019-02-20,2019022001002003,CLBSL,39,33,10,651.00,"6,510.00"
2019-02-20,2019022001001921,CLBSL,6,6,15,652.00,"9,780.00"
2019-02-20,2019022001002122,CORBL,34,48,80,91.00,"7,280.00"
2019-02-20,2019022001002121,CORBL,34,48,80,91.00,"7,280.00"
2019-02-20,2019022001002120,CORBL,34,48,80,92.00,"7,360.00"
2019-02-20,2019022001001715,CORBL,11,48,100,92.00,"9,200.00"
2019-02-20,2019022001001702,CORBL,40,48,270,93.00,"25,110.00"
2019-02-20,2019022001002017,CZBIL,50,59,10,202.00,"2,020.00"
2019-02-20,2019022001002016,CZBIL,59,32,10,203.00,"2,030.00"
2019-02-20,2019022001001840,CZBIL,50,39,10,202.00,"2,020.00"
2019-02-20,2019022001001698,CZBIL,50,55,10,202.00,"2,020.00"
2019-02-20,2019022001001934,DBBL,6,6,354,123.00,"43,542.00"
2019-02-20,2019022001001855,DBBL,33,57,439,122.00,"53,558.00"
2019-02-20,2019022001001816,DBBL,11,42,150,121.00,"18,150.00"
2019-02-20,2019022001001716,DBBL,22,57,61,122.00,"7,442.00"
2019-02-20,2019022001002118,EBL,32,42,255,508.00,"129,540.00"
2019-02-20,2019022001002117,EBL,46,42,200,508.00,"101,600.00"
2019-02-20,2019022001002116,EBL,41,42,500,509.00,"254,500.00"
2019-02-20,2019022001002115,EBL,50,42,100,509.00,"50,900.00"
2019-02-20,2019022001002114,EBL,37,42,75,510.00,"38,250.00"
2019-02-20,2019022001002086,EBL,43,50,100,511.00,"51,100.00"
2019-02-20,2019022001002001,EBL,45,17,46,511.00,"23,506.00"
2019-02-20,2019022001001969,EBL,37,8,25,510.00,"12,750.00"
2019-02-20,2019022001001968,EBL,38,8,14,510.00,"7,140.00"
2019-02-20,2019022001001967,EBL,35,8,200,510.00,"102,000.00"
2019-02-20,2019022001001966,EBL,1,8,100,510.00,"51,000.00"
2019-02-20,2019022001001920,EBL,22,17,32,511.00,"16,352.00"
2019-02-20,2019022001002060,FMDBL,50,57,75,363.00,"27,225.00"
2019-02-20,2019022001002059,FMDBL,29,57,150,363.00,"54,450.00"
2019-02-20,2019022001002058,FMDBL,42,57,20,364.00,"7,280.00"
2019-02-20,2019022001002182,FOWAD,6,6,39,"1,525.00","59,475.00"
2019-02-20,2019022001002176,GBBL,45,36,30,182.00,"5,460.00"
2019-02-20,2019022001002147,GBBL,37,47,482,181.00,"87,242.00"
2019-02-20,2019022001002146,GBBL,29,47,50,181.00,"9,050.00"
2019-02-20,2019022001002145,GBBL,1,47,100,181.00,"18,100.00"
2019-02-20,2019022001001991,GBBL,33,36,190,182.00,"34,580.00"
2019-02-20,2019022001001990,GBBL,35,36,100,182.00,"18,200.00"
2019-02-20,2019022001001989,GBBL,25,36,10,182.00,"1,820.00"
2019-02-20,2019022001001916,GBBL,25,33,90,182.00,"16,380.00"
2019-02-20,2019022001001915,GBBL,43,33,100,182.00,"18,200.00"
2019-02-20,2019022001001852,GBIME,40,40,67,261.00,"17,487.00"
2019-02-20,2019022001001804,GBIME,32,45,200,261.00,"52,200.00"
2019-02-20,2019022001001803,GBIME,32,45,100,261.00,"26,100.00"
2019-02-20,2019022001001802,GBIME,32,45,10,261.00,"2,610.00"
2019-02-20,2019022001001699,GBIME,51,45,100,260.00,"26,000.00"
2019-02-20,2019022001002029,GBLBS,59,59,10,440.00,"4,400.00"
2019-02-20,2019022001001904,GBLBS,42,32,10,436.00,"4,360.00"
2019-02-20,2019022001001767,GBLBS,42,48,20,436.00,"8,720.00"
2019-02-20,2019022001001766,GBLBS,52,48,30,436.00,"13,080.00"
2019-02-20,2019022001001765,GBLBS,19,48,10,437.00,"4,370.00"
2019-02-20,2019022001002175,GDBL,45,34,30,181.00,"5,430.00"
2019-02-20,2019022001002143,GDBL,19,6,103,180.00,"18,540.00"
2019-02-20,2019022001002142,GDBL,42,6,500,180.00,"90,000.00"
2019-02-20,2019022001002141,GDBL,37,6,397,180.00,"71,460.00"
2019-02-20,2019022001002006,GDBL,37,33,23,180.00,"4,140.00"
2019-02-20,2019022001001914,GDBL,1,34,100,181.00,"18,100.00"
2019-02-20,2019022001001971,GFCL,38,52,150,115.00,"17,250.00"
2019-02-20,2019022001002185,GILB,6,6,19,"1,115.00","21,185.00"
2019-02-20,2019022001001958,GILB,29,29,1,"1,110.00","1,110.00"
2019-02-20,2019022001001957,GRDBL,11,42,40,104.00,"4,160.00"
2019-02-20,2019022001002078,HBL,7,33,30,430.00,"12,900.00"
2019-02-20,2019022001001981,HBL,52,52,5,419.00,"2,095.00"
2019-02-20,2019022001001714,HGI,41,35,100,382.00,"38,200.00"
2019-02-20,2019022001001705,HGI,41,34,40,385.00,"15,400.00"
2019-02-20,2019022001002083,HIDCL,50,6,35,132.00,"4,620.00"
2019-02-20,2019022001002062,HIDCL,56,46,109,133.00,"14,497.00"
2019-02-20,2019022001002049,HIDCL,50,6,145,132.00,"19,140.00"
2019-02-20,2019022001002011,HIDCL,50,33,54,132.00,"7,128.00"
2019-02-20,2019022001001979,HIDCL,50,6,15,132.00,"1,980.00"
2019-02-20,2019022001001939,HIDCL,33,46,171,133.00,"22,743.00"
2019-02-20,2019022001001890,HIDCL,33,17,29,133.00,"3,857.00"
2019-02-20,2019022001001748,HIDCL,50,33,50,132.00,"6,600.00"
2019-02-20,2019022001002082,HPPL,28,6,10,171.00,"1,710.00"
2019-02-20,2019022001001862,HPPL,29,29,10,174.00,"1,740.00"
2019-02-20,2019022001001858,HPPL,40,40,10,174.00,"1,740.00"
2019-02-20,2019022001001821,HPPL,28,25,10,171.00,"1,710.00"
2019-02-20,2019022001001710,HPPL,40,40,10,173.00,"1,730.00"
2019-02-20,2019022001001938,IGI,45,17,50,397.00,"19,850.00"
