Date,Transact. No.,Symbol,Buyer,Seller,Quantity,Rate,Amount
2019-01-06,2019010601003919,ADBL,25,6,353,344.00,"121,432.00"
2019-01-06,2019010601003918,ADBL,51,6,500,344.00,"172,000.00"
2019-01-06,2019010601003917,ADBL,40,6,500,344.00,"172,000.00"
2019-01-06,2019010601003916,ADBL,34,6,192,345.00,"66,240.00"
2019-01-06,2019010601003915,ADBL,34,6,120,345.00,"41,400.00"
2019-01-06,2019010601003914,ADBL,57,6,500,345.00,"172,500.00"
2019-01-06,2019010601003768,ADBL,40,39,287,347.00,"99,589.00"
2019-01-06,2019010601003767,ADBL,50,39,100,347.00,"34,700.00"
2019-01-06,2019010601003913,ADBL,21,6,35,345.00,"12,075.00"
2019-01-06,2019010601003912,ADBL,40,6,500,345.00,"172,500.00"
2019-01-06,2019010601003911,ADBL,13,6,500,346.00,"173,000.00"
2019-01-06,2019010601003910,ADBL,40,6,300,346.00,"103,800.00"
2019-01-06,2019010601003847,ADBL,40,39,513,347.00,"178,011.00"
2019-01-06,2019010601003805,ADBL,59,39,100,347.00,"34,700.00"
2019-01-06,2019010601003974,AKPL,25,5,11,183.00,"2,013.00"
2019-01-06,2019010601004252,ALICL,6,40,77,600.00,"46,200.00"
2019-01-06,2019010601003949,ALICL,36,18,500,601.00,"300,500.00"
2019-01-06,2019010601003905,ALICL,49,22,20,605.00,"12,100.00"
2019-01-06,2019010601003801,ALICL,36,41,500,601.00,"300,500.00"
2019-01-06,2019010601003948,AMFI,58,51,10,700.00,"7,000.00"
2019-01-06,2019010601004238,API,44,45,541,152.00,"82,232.00"
2019-01-06,2019010601004237,API,49,45,200,152.00,"30,400.00"
2019-01-06,2019010601004236,API,41,45,100,152.00,"15,200.00"
2019-01-06,2019010601004235,API,39,45,200,152.00,"30,400.00"
2019-01-06,2019010601004234,API,43,45,140,152.00,"21,280.00"
2019-01-06,2019010601004233,API,29,45,300,152.00,"45,600.00"
2019-01-06,2019010601004232,API,34,45,300,153.00,"45,900.00"
2019-01-06,2019010601004231,API,7,45,19,153.00,"2,907.00"
2019-01-06,2019010601004042,API,25,6,48,154.00,"7,392.00"
2019-01-06,2019010601003998,API,7,5,14,153.00,"2,142.00"
2019-01-06,2019010601003856,BHBL,50,45,80,134.00,"10,720.00"
2019-01-06,2019010601003789,BNT,5,28,10,"6,545.00","65,450.00"
2019-01-06,2019010601003788,BNT,5,28,10,"6,550.00","65,500.00"
2019-01-06,2019010601004155,BOKL,38,49,117,328.00,"38,376.00"
2019-01-06,2019010601004140,BOKL,11,49,100,329.00,"32,900.00"
2019-01-06,2019010601004139,BOKL,40,49,100,329.00,"32,900.00"
2019-01-06,2019010601004138,BOKL,53,49,37,329.00,"12,173.00"
2019-01-06,2019010601004137,BOKL,35,49,200,329.00,"65,800.00"
2019-01-06,2019010601003776,BOKL,26,10,300,329.00,"98,700.00"
2019-01-06,2019010601003775,BOKL,3,10,136,329.00,"44,744.00"
2019-01-06,2019010601004136,BOKL,38,49,30,329.00,"9,870.00"
2019-01-06,2019010601004135,BOKL,50,49,50,329.00,"16,450.00"
2019-01-06,2019010601004134,BOKL,1,49,336,329.00,"110,544.00"
2019-01-06,2019010601004007,BOKL,1,14,123,329.00,"40,467.00"
2019-01-06,2019010601003908,BOKL,1,10,541,329.00,"177,989.00"
2019-01-06,2019010601003818,BOKL,50,10,30,329.00,"9,870.00"
2019-01-06,2019010601004051,BPCL,21,51,100,374.00,"37,400.00"
2019-01-06,2019010601004050,BPCL,21,45,50,372.00,"18,600.00"
2019-01-06,2019010601004049,BPCL,21,5,100,371.00,"37,100.00"
2019-01-06,2019010601004173,CBBL,49,50,189,808.00,"152,712.00"
2019-01-06,2019010601004172,CBBL,34,50,72,808.00,"58,176.00"
2019-01-06,2019010601004158,CBBL,26,50,200,809.00,"161,800.00"
2019-01-06,2019010601004157,CBBL,26,50,39,809.00,"31,551.00"
2019-01-06,2019010601003863,CBBL,4,50,200,812.00,"162,400.00"
2019-01-06,2019010601003870,CBBL,6,50,50,809.00,"40,450.00"
2019-01-06,2019010601003869,CBBL,26,50,200,809.00,"161,800.00"
2019-01-06,2019010601003868,CBBL,25,50,168,809.00,"135,912.00"
2019-01-06,2019010601003867,CBBL,25,50,100,810.00,"81,000.00"
2019-01-06,2019010601003866,CBBL,33,50,50,810.00,"40,500.00"
2019-01-06,2019010601003864,CBBL,4,57,100,813.00,"81,300.00"
2019-01-06,2019010601003930,CBBL,53,34,50,809.00,"40,450.00"
2019-01-06,2019010601003889,CBBL,34,34,28,808.00,"22,624.00"
2019-01-06,2019010601003888,CBBL,43,34,22,808.00,"17,776.00"
2019-01-06,2019010601003887,CBBL,45,34,50,809.00,"40,450.00"
2019-01-06,2019010601003871,CBBL,1,50,100,809.00,"80,900.00"
2019-01-06,2019010601004143,CBBL,26,50,61,809.00,"49,349.00"
2019-01-06,2019010601004142,CBBL,45,50,189,809.00,"152,901.00"
2019-01-06,2019010601004128,CBBL,45,48,11,809.00,"8,899.00"
2019-01-06,2019010601004090,CBL,52,6,"1,000",162.00,"162,000.00"
2019-01-06,2019010601003832,CBL,49,55,300,162.00,"48,600.00"
2019-01-06,2019010601003831,CBL,49,56,900,162.00,"145,800.00"
2019-01-06,2019010601003830,CBL,49,21,800,162.00,"129,600.00"
2019-01-06,2019010601004041,CCBL,1,13,500,170.00,"85,000.00"
2019-01-06,2019010601003813,CCBL,22,28,440,170.00,"74,800.00"
2019-01-06,2019010601003782,CCBL,45,36,125,169.00,"21,125.00"
2019-01-06,2019010601004162,CHCL,26,48,68,545.00,"37,060.00"
2019-01-06,2019010601004064,CHCL,26,16,165,545.00,"89,925.00"
2019-01-06,2019010601004054,CHCL,52,52,500,546.00,"273,000.00"
2019-01-06,2019010601003780,CHCL,26,6,100,545.00,"54,500.00"
2019-01-06,2019010601003820,CHL,11,51,10,101.00,"1,010.00"
2019-01-06,2019010601004242,CIT,5,14,50,"2,248.00","112,400.00"
2019-01-06,2019010601004218,CIT,16,42,40,"2,248.00","89,920.00"
2019-01-06,2019010601004217,CIT,16,1,25,"2,247.00","56,175.00"
2019-01-06,2019010601004216,CIT,16,21,10,"2,247.00","22,470.00"
2019-01-06,2019010601004215,CIT,16,47,40,"2,247.00","89,880.00"
2019-01-06,2019010601004214,CIT,16,25,50,"2,245.00","112,250.00"
2019-01-06,2019010601004074,CIT,1,44,30,"2,237.00","67,110.00"
2019-01-06,2019010601004057,CIT,36,44,10,"2,237.00","22,370.00"
2019-01-06,2019010601003971,CIT,16,42,100,"2,233.00","223,300.00"
2019-01-06,2019010601003970,CIT,34,45,40,"2,237.00","89,480.00"
2019-01-06,2019010601003765,CIT,32,42,20,"2,233.00","44,660.00"
2019-01-06,2019010601004213,CIT,16,14,87,"2,245.00","195,315.00"
2019-01-06,2019010601004189,CIT,34,28,100,"2,242.00","224,200.00"
2019-01-06,2019010601004177,CIT,33,1,155,"2,240.00","347,200.00"
2019-01-06,2019010601004163,CIT,34,25,50,"2,238.00","111,900.00"
2019-01-06,2019010601004151,CIT,16,44,173,"2,237.00","387,001.00"
2019-01-06,2019010601004150,CIT,16,53,44,"2,236.00","98,384.00"
2019-01-06,2019010601004176,CZBIL,32,34,200,210.00,"42,000.00"
2019-01-06,2019010601004063,CZBIL,16,43,290,210.00,"60,900.00"
2019-01-06,2019010601004000,CZBIL,1,38,966,211.00,"203,826.00"
2019-01-06,2019010601003999,CZBIL,1,22,34,211.00,"7,174.00"
2019-01-06,2019010601004241,DDBL,42,37,44,620.00,"27,280.00"
2019-01-06,2019010601003934,DDBL,44,16,462,614.00,"283,668.00"
2019-01-06,2019010601003933,DDBL,44,16,388,614.00,"238,232.00"
2019-01-06,2019010601003932,DDBL,53,16,150,615.00,"92,250.00"
2019-01-06,2019010601003907,DDBL,44,16,612,614.00,"375,768.00"
2019-01-06,2019010601003906,DDBL,16,16,200,614.00,"122,800.00"
2019-01-06,2019010601003877,DDBL,26,16,100,617.00,"61,700.00"
2019-01-06,2019010601003876,DDBL,7,16,30,617.00,"18,510.00"
2019-01-06,2019010601003875,DDBL,34,16,20,618.00,"12,360.00"
2019-01-06,2019010601003874,DDBL,39,16,50,620.00,"31,000.00"
2019-01-06,2019010601003883,DDBL,42,16,20,615.00,"12,300.00"
2019-01-06,2019010601003882,DDBL,33,16,500,615.00,"307,500.00"
2019-01-06,2019010601003881,DDBL,35,16,30,615.00,"18,450.00"
2019-01-06,2019010601003880,DDBL,53,16,80,616.00,"49,280.00"
2019-01-06,2019010601003879,DDBL,13,16,100,616.00,"61,600.00"
2019-01-06,2019010601003878,DDBL,41,16,50,616.00,"30,800.00"
2019-01-06,2019010601004239,EBL,49,34,266,532.00,"141,512.00"
2019-01-06,2019010601004056,EBL,49,57,10,532.00,"5,320.00"
2019-01-06,2019010601004055,EBL,51,57,30,532.00,"15,960.00"
2019-01-06,2019010601003828,EBL,6,3,400,533.00,"213,200.00"
2019-01-06,2019010601003804,EIC,28,11,100,839.00,"83,900.00"
2019-01-06,2019010601003803,EIC,28,13,50,839.00,"41,950.00"
2019-01-06,2019010601003777,EIC,1,39,100,840.00,"84,000.00"
2019-01-06,2019010601004240,FMDBL,53,16,259,376.00,"97,384.00"
2019-01-06,2019010601004225,FMDBL,53,57,10,376.00,"3,760.00"
2019-01-06,2019010601004224,FMDBL,44,57,50,377.00,"18,850.00"
2019-01-06,2019010601004223,FMDBL,1,57,100,378.00,"37,800.00"
2019-01-06,2019010601004015,FMDBL,14,16,100,380.00,"38,000.00"
2019-01-06,2019010601004170,FOWAD,57,42,10,"1,490.00","14,900.00"
2019-01-06,2019010601003800,FOWAD,22,22,15,"1,475.00","22,125.00"
2019-01-06,2019010601003895,GBBL,14,39,400,190.00,"76,000.00"
2019-01-06,2019010601004190,GBIME,32,20,100,269.00,"26,900.00"
2019-01-06,2019010601003890,GBIME,49,41,200,267.00,"53,400.00"
2019-01-06,2019010601003781,GDBL,55,50,100,190.00,"19,000.00"
2019-01-06,2019010601004105,GLICL,43,48,200,711.00,"142,200.00"
2019-01-06,2019010601004133,HATH,4,37,200,120.00,"24,000.00"
2019-01-06,2019010601003757,HATH,4,33,100,120.00,"12,000.00"
2019-01-06,2019010601004180,HBL,6,6,467,472.00,"220,424.00"
2019-01-06,2019010601004179,HBL,6,45,33,472.00,"15,576.00"
2019-01-06,2019010601003896,HGI,42,1,400,398.00,"159,200.00"
2019-01-06,2019010601003766,HGI,17,1,200,398.00,"79,600.00"
2019-01-06,2019010601004226,HIDCL,37,47,56,150.00,"8,400.00"
2019-01-06,2019010601004192,HIDCL,37,47,56,150.00,"8,400.00"
2019-01-06,2019010601004029,HIDCL,18,5,33,150.00,"4,950.00"
2019-01-06,2019010601003894,HIDCL,18,16,467,150.00,"70,050.00"
2019-01-06,2019010601003893,HIDCL,37,16,185,150.00,"27,750.00"
2019-01-06,2019010601003763,HIDCL,37,16,56,150.00,"8,400.00"
2019-01-06,2019010601004244,HPPL,45,51,10,185.00,"1,850.00"
2019-01-06,2019010601004243,HPPL,45,51,10,185.00,"1,850.00"
2019-01-06,2019010601003891,HPPL,45,25,10,183.00,"1,830.00"
2019-01-06,2019010601004099,ICFC,39,56,100,153.00,"15,300.00"
2019-01-06,2019010601004122,JBNL,57,41,188,168.00,"31,584.00"
2019-01-06,2019010601004121,JBNL,38,41,100,168.00,"16,800.00"
2019-01-06,2019010601004120,JBNL,16,41,212,168.00,"35,616.00"
2019-01-06,2019010601004065,JBNL,25,57,100,169.00,"16,900.00"
2019-01-06,2019010601003937,JBNL,34,57,30,169.00,"5,070.00"
2019-01-06,2019010601003852,JBNL,16,17,288,168.00,"48,384.00"
2019-01-06,2019010601003851,JBNL,1,17,500,168.00,"84,000.00"
2019-01-06,2019010601003850,JBNL,22,17,46,168.00,"7,728.00"
2019-01-06,2019010601004109,KBBL,6,47,142,213.00,"30,246.00"
2019-01-06,2019010601004108,KBBL,34,47,88,214.00,"18,832.00"
2019-01-06,2019010601003825,KBBL,34,32,37,214.00,"7,918.00"
2019-01-06,2019010601004160,KBL,26,20,400,246.00,"98,400.00"
2019-01-06,2019010601004068,KPCL,11,5,10,100.00,"1,000.00"
2019-01-06,2019010601004194,LBBL,42,14,25,169.00,"4,225.00"
2019-01-06,2019010601004193,LBBL,53,14,275,169.00,"46,475.00"
2019-01-06,2019010601004097,LBBL,53,6,225,169.00,"38,025.00"
2019-01-06,2019010601004096,LBBL,33,6,200,169.00,"33,800.00"
2019-01-06,2019010601003945,LBBL,38,13,150,170.00,"25,500.00"
2019-01-06,2019010601003773,LBBL,38,21,350,170.00,"59,500.00"
2019-01-06,2019010601003772,LBBL,32,21,500,170.00,"85,000.00"
2019-01-06,2019010601003771,LBBL,54,21,50,170.00,"8,500.00"
2019-01-06,2019010601003770,LBBL,42,21,100,170.00,"17,000.00"
2019-01-06,2019010601003769,LBBL,32,21,"1,000",170.00,"170,000.00"
2019-01-06,2019010601003946,LBBL,25,13,100,170.00,"17,000.00"
2019-01-06,2019010601004095,LBBL,57,6,"1,000",169.00,"169,000.00"
2019-01-06,2019010601004083,LBBL,33,13,350,170.00,"59,500.00"
2019-01-06,2019010601004222,LGIL,48,5,"1,165",535.00,"623,275.00"
2019-01-06,2019010601004130,LGIL,43,5,77,535.00,"41,195.00"
2019-01-06,2019010601004127,LGIL,35,45,250,532.00,"133,000.00"
2019-01-06,2019010601004123,LGIL,10,49,67,533.00,"35,711.00"
2019-01-06,2019010601004052,LGIL,35,41,50,532.00,"26,600.00"
2019-01-06,2019010601004003,LGIL,22,49,300,533.00,"159,900.00"
2019-01-06,2019010601004002,LGIL,51,49,500,533.00,"266,500.00"
2019-01-06,2019010601003787,LGIL,10,50,100,534.00,"53,400.00"
2019-01-06,2019010601003755,LGIL,37,5,100,535.00,"53,500.00"
2019-01-06,2019010601004066,LICN,59,19,15,"1,642.00","24,630.00"
2019-01-06,2019010601003833,LLBS,28,40,24,783.00,"18,792.00"
2019-01-06,2019010601003824,LLBS,28,17,30,781.00,"23,430.00"
2019-01-06,2019010601004012,MBL,57,32,354,206.00,"72,924.00"
2019-01-06,2019010601004011,MBL,41,32,241,206.00,"49,646.00"
2019-01-06,2019010601004004,MEGA,10,53,383,171.00,"65,493.00"
2019-01-06,2019010601003884,MEGA,21,53,100,171.00,"17,100.00"
2019-01-06,2019010601003821,MEGA,10,49,90,170.00,"15,300.00"
2019-01-06,2019010601003796,MEGA,57,49,300,170.00,"51,000.00"
2019-01-06,2019010601003759,MEGA,48,39,963,169.00,"162,747.00"
2019-01-06,2019010601004067,MLBL,4,40,500,168.00,"84,000.00"
2019-01-06,2019010601004178,MNBBL,28,54,12,340.00,"4,080.00"
2019-01-06,2019010601004102,MNBBL,58,25,150,337.00,"50,550.00"
2019-01-06,2019010601003764,MNBBL,52,54,100,340.00,"34,000.00"
2019-01-06,2019010601003991,MNBBL,14,16,100,338.00,"33,800.00"
2019-01-06,2019010601003990,MNBBL,52,16,10,339.00,"3,390.00"
2019-01-06,2019010601003989,MNBBL,20,16,100,339.00,"33,900.00"
2019-01-06,2019010601003972,MNBBL,32,54,500,340.00,"170,000.00"
2019-01-06,2019010601003947,MNBBL,39,54,30,340.00,"10,200.00"
2019-01-06,2019010601004008,MNBBL,1,25,10,337.00,"3,370.00"
2019-01-06,2019010601003996,MNBBL,1,16,990,337.00,"333,630.00"
2019-01-06,2019010601003995,MNBBL,6,16,500,337.00,"168,500.00"
2019-01-06,2019010601003994,MNBBL,7,16,100,338.00,"33,800.00"
2019-01-06,2019010601003993,MNBBL,1,16,100,338.00,"33,800.00"
2019-01-06,2019010601003992,MNBBL,56,16,100,338.00,"33,800.00"
2019-01-06,2019010601004076,MNBBL,51,25,10,337.00,"3,370.00"
2019-01-06,2019010601004030,MNBBL,52,25,40,337.00,"13,480.00"
2019-01-06,2019010601004010,MNBBL,29,54,100,340.00,"34,000.00"
2019-01-06,2019010601004009,MNBBL,52,25,60,337.00,"20,220.00"
2019-01-06,2019010601004145,MSLB,17,5,30,"1,265.00","37,950.00"
2019-01-06,2019010601004144,NABIL,57,3,50,837.00,"41,850.00"
2019-01-06,2019010601004246,NABILP,47,39,500,711.00,"355,500.00"
2019-01-06,2019010601004221,NABILP,47,39,200,711.00,"142,200.00"
2019-01-06,2019010601004159,NABILP,20,39,350,711.00,"248,850.00"
2019-01-06,2019010601004152,NABILP,47,39,500,711.00,"355,500.00"
2019-01-06,2019010601004210,NADEP,39,45,10,795.00,"7,950.00"
2019-01-06,2019010601004149,NADEP,48,45,10,800.00,"8,000.00"
2019-01-06,2019010601003967,NADEP,39,21,10,800.00,"8,000.00"
2019-01-06,2019010601003966,NADEP,39,21,10,800.00,"8,000.00"
2019-01-06,2019010601003965,NADEP,39,38,20,800.00,"16,000.00"
2019-01-06,2019010601003964,NADEP,39,21,45,800.00,"36,000.00"
2019-01-06,2019010601003951,NADEP,39,48,10,799.00,"7,990.00"
2019-01-06,2019010601003950,NADEP,39,26,50,798.00,"39,900.00"
2019-01-06,2019010601003957,NADEP,39,43,10,799.00,"7,990.00"
2019-01-06,2019010601003956,NADEP,39,43,10,799.00,"7,990.00"
2019-01-06,2019010601003955,NADEP,39,43,10,799.00,"7,990.00"
2019-01-06,2019010601003954,NADEP,39,43,10,799.00,"7,990.00"
2019-01-06,2019010601003953,NADEP,39,43,10,799.00,"7,990.00"
2019-01-06,2019010601003952,NADEP,39,48,10,799.00,"7,990.00"
2019-01-06,2019010601003963,NADEP,39,39,10,800.00,"8,000.00"
2019-01-06,2019010601003962,NADEP,39,39,10,800.00,"8,000.00"
2019-01-06,2019010601003961,NADEP,39,53,100,800.00,"80,000.00"
2019-01-06,2019010601003960,NADEP,39,58,30,800.00,"24,000.00"
2019-01-06,2019010601003959,NADEP,39,53,40,799.00,"31,960.00"
2019-01-06,2019010601003958,NADEP,39,43,10,799.00,"7,990.00"
2019-01-06,2019010601004125,NBB,40,51,100,190.00,"19,000.00"
2019-01-06,2019010601004124,NBB,46,51,200,190.00,"38,000.00"
2019-01-06,2019010601003923,NBB,51,26,400,190.00,"76,000.00"
2019-01-06,2019010601004245,NBBL,45,58,10,760.00,"7,600.00"
2019-01-06,2019010601004212,NBBL,45,19,50,770.00,"38,500.00"
2019-01-06,2019010601004166,NBL,22,45,75,307.00,"23,025.00"
2019-01-06,2019010601004165,NBL,17,45,225,307.00,"69,075.00"
2019-01-06,2019010601004161,NBL,17,4,500,307.00,"153,500.00"
2019-01-06,2019010601004069,NBL,17,14,200,307.00,"61,400.00"
2019-01-06,2019010601004048,NBL,32,49,100,308.00,"30,800.00"
2019-01-06,2019010601004017,NBL,17,33,75,307.00,"23,025.00"
2019-01-06,2019010601003808,NBL,33,32,50,307.00,"15,350.00"
2019-01-06,2019010601004016,NBL,10,33,425,307.00,"130,475.00"
2019-01-06,2019010601003941,NBL,10,35,50,307.00,"15,350.00"
2019-01-06,2019010601003903,NBL,10,25,525,307.00,"161,175.00"
2019-01-06,2019010601003902,NBL,29,25,200,307.00,"61,400.00"
2019-01-06,2019010601003901,NBL,14,25,500,307.00,"153,500.00"
2019-01-06,2019010601003900,NBL,33,25,76,307.00,"23,332.00"
2019-01-06,2019010601004184,NCCB,37,48,290,218.00,"63,220.00"
2019-01-06,2019010601004183,NCCB,37,58,"2,000",218.00,"436,000.00"
2019-01-06,2019010601004182,NCCB,37,46,500,218.00,"109,000.00"
2019-01-06,2019010601004181,NCCB,37,44,210,218.00,"45,780.00"
2019-01-06,2019010601004167,NCCB,34,17,"2,000",217.00,"434,000.00"
2019-01-06,2019010601004119,NCCB,34,34,"2,349",217.00,"509,733.00"
2019-01-06,2019010601003802,NCCB,49,52,300,218.00,"65,400.00"
2019-01-06,2019010601003792,NCCB,1,36,192,218.00,"41,856.00"
2019-01-06,2019010601003791,NCCB,19,36,150,218.00,"32,700.00"
2019-01-06,2019010601003790,NCCB,22,36,28,218.00,"6,104.00"
2019-01-06,2019010601003754,NCCB,22,46,300,218.00,"65,400.00"
2019-01-06,2019010601003936,NCCB,34,44,190,218.00,"41,420.00"
2019-01-06,2019010601003892,NCCB,34,13,"1,810",218.00,"394,580.00"
2019-01-06,2019010601003873,NCCB,41,13,300,218.00,"65,400.00"
2019-01-06,2019010601003872,NCCB,49,13,"2,890",218.00,"630,020.00"
2019-01-06,2019010601003853,NCCB,49,18,810,218.00,"176,580.00"
2019-01-06,2019010601003846,NCCB,52,16,100,219.00,"21,900.00"
2019-01-06,2019010601004118,NCCB,56,34,"1,000",217.00,"217,000.00"
2019-01-06,2019010601004117,NCCB,52,34,"1,000",217.00,"217,000.00"
2019-01-06,2019010601004116,NCCB,5,34,651,217.00,"141,267.00"
2019-01-06,2019010601004115,NCCB,52,44,200,218.00,"43,600.00"
2019-01-06,2019010601004094,NCCB,52,44,400,218.00,"87,200.00"
2019-01-06,2019010601004093,NCCB,32,44,"2,000",218.00,"436,000.00"
2019-01-06,2019010601004141,NIB,26,48,37,548.00,"20,276.00"
2019-01-06,2019010601004126,NIB,19,28,33,550.00,"18,150.00"
2019-01-06,2019010601004107,NIB,14,28,264,550.00,"145,200.00"
2019-01-06,2019010601004106,NIB,14,28,86,549.00,"47,214.00"
2019-01-06,2019010601003943,NIB,1,28,200,549.00,"109,800.00"
2019-01-06,2019010601003942,NIB,51,28,100,549.00,"54,900.00"
2019-01-06,2019010601003865,NIB,14,5,13,549.00,"7,137.00"
2019-01-06,2019010601003795,NIB,14,40,37,549.00,"20,313.00"
2019-01-06,2019010601004205,NICA,38,48,640,377.00,"241,280.00"
2019-01-06,2019010601004204,NICA,7,48,150,377.00,"56,550.00"
2019-01-06,2019010601004203,NICA,45,48,50,377.00,"18,850.00"
2019-01-06,2019010601004202,NICA,39,48,50,378.00,"18,900.00"
2019-01-06,2019010601004201,NICA,34,48,100,378.00,"37,800.00"
2019-01-06,2019010601004200,NICA,38,48,20,378.00,"7,560.00"
2019-01-06,2019010601003848,NICA,54,16,240,378.00,"90,720.00"
2019-01-06,2019010601003823,NICA,37,36,25,379.00,"9,475.00"
2019-01-06,2019010601004199,NICA,42,48,30,378.00,"11,340.00"
2019-01-06,2019010601004198,NICA,54,48,760,378.00,"287,280.00"
2019-01-06,2019010601004197,NICA,43,48,200,379.00,"75,800.00"
2019-01-06,2019010601004195,NICA,42,44,100,380.00,"38,000.00"
2019-01-06,2019010601004092,NICA,43,56,200,379.00,"75,800.00"
2019-01-06,2019010601004091,NICA,43,6,100,379.00,"37,900.00"
2019-01-06,2019010601004248,NICL,32,58,10,555.00,"5,550.00"
2019-01-06,2019010601004154,NICL,58,58,297,559.00,"166,023.00"
2019-01-06,2019010601003940,NICL,37,5,200,556.00,"111,200.00"
2019-01-06,2019010601004113,NICL,43,26,10,560.00,"5,600.00"
2019-01-06,2019010601004047,NICL,32,5,130,555.00,"72,150.00"
2019-01-06,2019010601004046,NICL,57,5,50,555.00,"27,750.00"
2019-01-06,2019010601003944,NIL,22,5,400,532.00,"212,800.00"
2019-01-06,2019010601003855,NIL,10,5,500,535.00,"267,500.00"
2019-01-06,2019010601003839,NIL,58,56,493,533.00,"262,769.00"
2019-01-06,2019010601003838,NIL,22,56,300,533.00,"159,900.00"
2019-01-06,2019010601003837,NIL,33,56,100,533.00,"53,300.00"
2019-01-06,2019010601003836,NIL,22,56,190,533.00,"101,270.00"
2019-01-06,2019010601003835,NIL,44,56,217,534.00,"115,878.00"
2019-01-06,2019010601003779,NIL,22,36,10,533.00,"5,330.00"
2019-01-06,2019010601003758,NIL,58,45,31,534.00,"16,554.00"
2019-01-06,2019010601004164,NLIC,6,39,100,"1,088.00","108,800.00"
2019-01-06,2019010601004079,NLIC,45,41,24,"1,089.00","26,136.00"
2019-01-06,2019010601004071,NLIC,45,38,483,"1,089.00","525,987.00"
2019-01-06,2019010601004053,NLIC,26,47,18,"1,088.00","19,584.00"
2019-01-06,2019010601003969,NLIC,26,41,100,"1,088.00","108,800.00"
2019-01-06,2019010601003921,NLIC,34,38,17,"1,089.00","18,513.00"
2019-01-06,2019010601003807,NLIC,58,58,17,"1,089.00","18,513.00"
2019-01-06,2019010601003794,NLIC,26,49,82,"1,088.00","89,216.00"
2019-01-06,2019010601003793,NLIC,45,49,438,"1,088.00","476,544.00"
2019-01-06,2019010601004229,NLICL,35,3,500,711.00,"355,500.00"
2019-01-06,2019010601003762,NLICL,32,38,220,707.00,"155,540.00"
2019-01-06,2019010601003761,NLICL,6,38,80,707.00,"56,560.00"
2019-01-06,2019010601003760,NLICL,37,38,200,708.00,"141,600.00"
2019-01-06,2019010601004103,NMB,53,58,90,319.00,"28,710.00"
2019-01-06,2019010601003939,NMB,53,37,900,319.00,"287,100.00"
2019-01-06,2019010601003938,NMB,53,22,200,319.00,"63,800.00"
2019-01-06,2019010601003909,NMBMF,18,16,10,"1,158.00","11,580.00"
2019-01-06,2019010601003978,NMFBS,33,40,12,"1,476.00","17,712.00"
2019-01-06,2019010601003806,NMFBS,5,51,12,"1,500.00","18,000.00"
2019-01-06,2019010601004188,NSEWA,58,28,130,559.00,"72,670.00"
2019-01-06,2019010601004187,NSEWA,11,28,50,560.00,"28,000.00"
2019-01-06,2019010601004186,NSEWA,45,28,10,560.00,"5,600.00"
2019-01-06,2019010601004185,NSEWA,26,28,10,565.00,"5,650.00"
2019-01-06,2019010601003926,NSEWA,58,52,10,570.00,"5,700.00"
2019-01-06,2019010601003922,NSEWA,58,58,10,568.00,"5,680.00"
2019-01-06,2019010601004082,NTC,47,16,100,734.00,"73,400.00"
2019-01-06,2019010601004081,NTC,47,28,200,734.00,"146,800.00"
2019-01-06,2019010601004080,NTC,47,7,100,733.00,"73,300.00"
2019-01-06,2019010601003817,NTC,47,7,100,732.00,"73,200.00"
2019-01-06,2019010601003816,NTC,47,55,100,732.00,"73,200.00"
2019-01-06,2019010601003815,NTC,47,55,100,731.00,"73,100.00"
2019-01-06,2019010601003814,NTC,47,19,20,731.00,"14,620.00"
2019-01-06,2019010601004084,NUBL,40,53,80,748.00,"59,840.00"
2019-01-06,2019010601004072,PCBL,6,22,46,329.00,"15,134.00"
2019-01-06,2019010601004058,PCBL,11,57,46,330.00,"15,180.00"
2019-01-06,2019010601004014,PCBL,22,57,100,330.00,"33,000.00"
2019-01-06,2019010601003899,PCBL,6,5,35,329.00,"11,515.00"
2019-01-06,2019010601004061,PFL,39,45,20,136.00,"2,720.00"
2019-01-06,2019010601003786,PFL,39,25,53,136.00,"7,208.00"
2019-01-06,2019010601004249,PIC,32,44,450,996.00,"448,200.00"
2019-01-06,2019010601004228,PIC,32,44,500,996.00,"498,000.00"
2019-01-06,2019010601004227,PIC,45,44,50,996.00,"49,800.00"
2019-01-06,2019010601004247,PICL,53,44,50,698.00,"34,900.00"
2019-01-06,2019010601004132,PICL,37,21,130,693.00,"90,090.00"
2019-01-06,2019010601004131,PICL,43,21,20,693.00,"13,860.00"
2019-01-06,2019010601004129,PLIC,45,58,40,494.00,"19,760.00"
2019-01-06,2019010601004114,PLIC,33,37,10,497.00,"4,970.00"
2019-01-06,2019010601004104,PLIC,45,52,20,494.00,"9,880.00"
2019-01-06,2019010601004006,PLIC,58,39,145,493.00,"71,485.00"
2019-01-06,2019010601004005,PLIC,22,39,355,494.00,"175,370.00"
2019-01-06,2019010601003977,PLIC,22,59,145,494.00,"71,630.00"
2019-01-06,2019010601003976,PLIC,43,59,55,494.00,"27,170.00"
2019-01-06,2019010601003975,PLIC,44,59,100,495.00,"49,500.00"
2019-01-06,2019010601003834,PLIC,44,55,200,495.00,"99,000.00"
2019-01-06,2019010601004250,PRIN,28,34,80,450.00,"36,000.00"
2019-01-06,2019010601004040,PRIN,28,34,20,450.00,"9,000.00"
2019-01-06,2019010601003988,PRIN,14,5,34,446.00,"15,164.00"
2019-01-06,2019010601003987,PRIN,20,5,50,448.00,"22,400.00"
2019-01-06,2019010601003968,PRIN,28,32,20,450.00,"9,000.00"
2019-01-06,2019010601003785,PRIN,14,5,160,446.00,"71,360.00"
2019-01-06,2019010601003784,PRIN,37,5,200,447.00,"89,400.00"
2019-01-06,2019010601003783,PRIN,14,5,100,447.00,"44,700.00"
2019-01-06,2019010601004156,PRVU,44,51,350,238.00,"83,300.00"
2019-01-06,2019010601004112,PRVU,49,51,100,238.00,"23,800.00"
2019-01-06,2019010601004111,PRVU,29,51,"1,000",238.00,"238,000.00"
2019-01-06,2019010601004110,PRVU,51,51,44,238.00,"10,472.00"
2019-01-06,2019010601004098,PRVU,51,37,200,238.00,"47,600.00"
2019-01-06,2019010601004086,PRVU,51,1,256,238.00,"60,928.00"
2019-01-06,2019010601003973,PRVU,58,38,420,238.00,"99,960.00"
2019-01-06,2019010601003931,PRVU,58,38,501,238.00,"119,238.00"
2019-01-06,2019010601003819,PRVU,58,59,150,238.00,"35,700.00"
2019-01-06,2019010601003799,PRVU,58,41,290,238.00,"69,020.00"
2019-01-06,2019010601003798,PRVU,41,41,100,238.00,"23,800.00"
2019-01-06,2019010601003797,PRVU,38,41,110,238.00,"26,180.00"
2019-01-06,2019010601004035,PRVU,45,34,150,238.00,"35,700.00"
2019-01-06,2019010601004034,PRVU,14,34,100,238.00,"23,800.00"
2019-01-06,2019010601004033,PRVU,56,34,400,238.00,"95,200.00"
2019-01-06,2019010601004032,PRVU,58,34,"3,000",238.00,"714,000.00"
2019-01-06,2019010601004031,PRVU,58,34,539,238.00,"128,282.00"
2019-01-06,2019010601004018,PRVU,58,36,100,238.00,"23,800.00"
2019-01-06,2019010601004085,PRVU,41,1,49,238.00,"11,662.00"
2019-01-06,2019010601004062,PRVU,41,36,90,238.00,"21,420.00"
2019-01-06,2019010601004039,PRVU,41,34,61,238.00,"14,518.00"
2019-01-06,2019010601004038,PRVU,34,34,50,238.00,"11,900.00"
2019-01-06,2019010601004037,PRVU,25,34,500,238.00,"119,000.00"
2019-01-06,2019010601004036,PRVU,25,34,200,238.00,"47,600.00"
2019-01-06,2019010601003920,RHPC,34,5,17,97.00,"1,649.00"
2019-01-06,2019010601003929,RMDC,20,18,12,533.00,"6,396.00"
2019-01-06,2019010601003928,RMDC,37,18,100,535.00,"53,500.00"
2019-01-06,2019010601003927,RMDC,51,18,100,536.00,"53,600.00"
2019-01-06,2019010601003854,RMDC,47,49,200,536.00,"107,200.00"
2019-01-06,2019010601003756,RRHP,17,51,10,105.00,"1,050.00"
2019-01-06,2019010601003812,RSDC,21,6,40,389.00,"15,560.00"
2019-01-06,2019010601003811,RSDC,19,6,100,390.00,"39,000.00"
2019-01-06,2019010601003810,RSDC,17,6,110,390.00,"42,900.00"
2019-01-06,2019010601003809,RSDC,45,6,50,391.00,"19,550.00"
2019-01-06,2019010601004196,SANIMA,48,58,500,304.00,"152,000.00"
2019-01-06,2019010601004027,SANIMA,34,49,500,305.00,"152,500.00"
2019-01-06,2019010601004026,SANIMA,57,49,500,305.00,"152,500.00"
2019-01-06,2019010601004025,SANIMA,45,49,10,305.00,"3,050.00"
2019-01-06,2019010601004024,SANIMA,5,49,400,305.00,"122,000.00"
2019-01-06,2019010601004023,SANIMA,18,49,500,305.00,"152,500.00"
2019-01-06,2019010601004022,SANIMA,57,49,"1,500",305.00,"457,500.00"
2019-01-06,2019010601004021,SANIMA,21,49,500,305.00,"152,500.00"
2019-01-06,2019010601004020,SANIMA,14,49,688,305.00,"209,840.00"
2019-01-06,2019010601004019,SANIMA,25,49,447,305.00,"136,335.00"
2019-01-06,2019010601003997,SANIMA,53,49,"2,980",306.00,"911,880.00"
2019-01-06,2019010601003925,SANIMA,53,25,20,306.00,"6,120.00"
2019-01-06,2019010601004073,SBI,34,17,50,389.00,"19,450.00"
2019-01-06,2019010601004175,SBL,6,42,23,287.00,"6,601.00"
2019-01-06,2019010601004174,SBL,28,42,101,287.00,"28,987.00"
2019-01-06,2019010601004101,SBL,38,48,200,288.00,"57,600.00"
2019-01-06,2019010601004100,SBL,26,48,120,288.00,"34,560.00"
2019-01-06,2019010601003858,SBL,52,6,50,288.00,"14,400.00"
2019-01-06,2019010601003857,SBL,48,6,98,288.00,"28,224.00"
2019-01-06,2019010601003774,SBL,48,5,102,288.00,"29,376.00"
2019-01-06,2019010601003822,SCB,22,5,20,600.00,"12,000.00"
2019-01-06,2019010601003862,SCB,13,16,61,600.00,"36,600.00"
2019-01-06,2019010601003861,SCB,45,16,100,600.00,"60,000.00"
2019-01-06,2019010601003860,SCB,6,16,10,600.00,"6,000.00"
2019-01-06,2019010601003859,SCB,22,16,29,600.00,"17,400.00"
2019-01-06,2019010601004089,SHINE,14,57,121,235.00,"28,435.00"
2019-01-06,2019010601004088,SHINE,58,57,116,236.00,"27,376.00"
2019-01-06,2019010601004087,SHINE,39,57,30,238.00,"7,140.00"
2019-01-06,2019010601003898,SHL,48,42,200,204.00,"40,800.00"
2019-01-06,2019010601003897,SHL,48,59,"1,000",204.00,"204,000.00"
2019-01-06,2019010601003753,SHL,45,22,100,203.00,"20,300.00"
2019-01-06,2019010601004220,SHPC,17,32,50,228.00,"11,400.00"
2019-01-06,2019010601004219,SHPC,17,52,49,228.00,"11,172.00"
2019-01-06,2019010601003904,SHPC,28,52,11,228.00,"2,508.00"
2019-01-06,2019010601003829,SHPC,36,32,400,226.00,"90,400.00"
2019-01-06,2019010601003778,SHPC,53,32,100,226.00,"22,600.00"
2019-01-06,2019010601004078,SIFC,59,6,50,133.00,"6,650.00"
2019-01-06,2019010601004077,SIFC,6,6,64,133.00,"8,512.00"
2019-01-06,2019010601004060,SIL,56,44,"1,900",644.00,"1,223,600.00"
2019-01-06,2019010601004059,SIL,45,44,100,645.00,"64,500.00"
2019-01-06,2019010601004070,SKBBL,55,21,10,"1,046.00","10,460.00"
2019-01-06,2019010601003986,SKBBL,22,6,10,"1,050.00","10,500.00"
2019-01-06,2019010601003985,SKBBL,48,6,10,"1,050.00","10,500.00"
2019-01-06,2019010601003984,SKBBL,6,6,50,"1,050.00","52,500.00"
2019-01-06,2019010601003983,SKBBL,35,6,25,"1,051.00","26,275.00"
2019-01-06,2019010601003982,SKBBL,25,6,27,"1,052.00","28,404.00"
2019-01-06,2019010601003981,SKBBL,50,6,50,"1,053.00","52,650.00"
2019-01-06,2019010601003980,SKBBL,6,6,10,"1,054.00","10,540.00"
2019-01-06,2019010601003979,SKBBL,52,6,10,"1,054.00","10,540.00"
2019-01-06,2019010601003827,SKBBL,52,14,40,"1,054.00","42,160.00"
2019-01-06,2019010601003826,SKBBL,57,14,10,"1,054.00","10,540.00"
2019-01-06,2019010601004075,SLBBL,37,32,200,541.00,"108,200.00"
2019-01-06,2019010601004001,SLBS,42,52,18,"1,023.00","18,414.00"
2019-01-06,2019010601004230,SLICL,44,39,"1,500",551.00,"826,500.00"
2019-01-06,2019010601004045,SLICL,51,39,36,550.00,"19,800.00"
2019-01-06,2019010601004043,SLICL,33,50,79,549.00,"43,371.00"
2019-01-06,2019010601003845,SLICL,17,39,100,550.00,"55,000.00"
2019-01-06,2019010601003844,SLICL,45,39,300,550.00,"165,000.00"
2019-01-06,2019010601003843,SLICL,58,39,114,550.00,"62,700.00"
2019-01-06,2019010601003842,SLICL,33,39,414,551.00,"228,114.00"
2019-01-06,2019010601003841,SLICL,22,39,500,552.00,"276,000.00"
2019-01-06,2019010601003840,SLICL,22,39,36,552.00,"19,872.00"
2019-01-06,2019010601004209,SMB,37,39,60,620.00,"37,200.00"
2019-01-06,2019010601004208,SMB,37,52,10,620.00,"6,200.00"
2019-01-06,2019010601004207,SMB,37,51,10,620.00,"6,200.00"
2019-01-06,2019010601004028,SMB,37,51,10,620.00,"6,200.00"
2019-01-06,2019010601004206,SMB,37,5,10,620.00,"6,200.00"
2019-01-06,2019010601004044,SPDL,45,17,15,92.00,"1,380.00"
2019-01-06,2019010601004013,SPDL,45,17,15,92.00,"1,380.00"
2019-01-06,2019010601003924,SPDL,45,49,15,92.00,"1,380.00"
2019-01-06,2019010601004251,SRBL,4,49,10,215.00,"2,150.00"
2019-01-06,2019010601004169,SRBL,28,49,17,215.00,"3,655.00"
2019-01-06,2019010601004168,SRBL,28,7,83,213.00,"17,679.00"
2019-01-06,2019010601004153,SRBL,4,42,95,211.00,"20,045.00"
2019-01-06,2019010601003849,SRBL,28,49,10,215.00,"2,150.00"
2019-01-06,2019010601004148,TRH,13,48,100,242.00,"24,200.00"
2019-01-06,2019010601004147,TRH,28,48,100,242.00,"24,200.00"
2019-01-06,2019010601004146,TRH,28,48,100,243.00,"24,300.00"
2019-01-06,2019010601004191,UIC,21,36,300,780.00,"234,000.00"
2019-01-06,2019010601004171,UIC,16,41,10,790.00,"7,900.00"
2019-01-06,2019010601003935,UMHL,51,49,14,125.00,"1,750.00"
2019-01-06,2019010601004211,WOMI,58,58,20,944.00,"18,880.00"
2019-01-06,2019010601003703,ADBL,35,10,123,348.00,"42,804.00"
2019-01-06,2019010601003401,AHPC,37,57,153,105.00,"16,065.00"
2019-01-06,2019010601003440,AKJCL,21,45,20,95.00,"1,900.00"
2019-01-06,2019010601003439,AKJCL,21,47,20,94.00,"1,880.00"
2019-01-06,2019010601003438,AKJCL,21,47,10,94.00,940.00
2019-01-06,2019010601003437,AKJCL,21,47,10,94.00,940.00
2019-01-06,2019010601003698,AKPL,25,22,99,183.00,"18,117.00"
2019-01-06,2019010601003366,AKPL,25,16,10,183.00,"1,830.00"
2019-01-06,2019010601003572,ALICL,48,28,50,609.00,"30,450.00"
2019-01-06,2019010601003481,ALICL,35,6,30,600.00,"18,000.00"
2019-01-06,2019010601003480,ALICL,36,6,20,600.00,"12,000.00"
2019-01-06,2019010601003479,ALICL,59,6,50,602.00,"30,100.00"
2019-01-06,2019010601003331,ALICL,36,38,980,600.00,"588,000.00"
2019-01-06,2019010601003330,ALICL,45,38,20,600.00,"12,000.00"
2019-01-06,2019010601003329,ALICL,33,38,500,601.00,"300,500.00"
2019-01-06,2019010601003568,AMFI,32,39,50,690.00,"34,500.00"
2019-01-06,2019010601003567,AMFI,1,39,50,690.00,"34,500.00"
2019-01-06,2019010601003566,AMFI,41,39,30,691.00,"20,730.00"
2019-01-06,2019010601003565,AMFI,47,39,20,695.00,"13,900.00"
2019-01-06,2019010601003564,AMFI,39,39,20,696.00,"13,920.00"
2019-01-06,2019010601003563,AMFI,39,39,10,696.00,"6,960.00"
2019-01-06,2019010601003562,AMFI,43,39,50,697.00,"34,850.00"
2019-01-06,2019010601003323,AMFI,47,52,10,698.00,"6,980.00"
2019-01-06,2019010601003471,API,55,6,169,154.00,"26,026.00"
2019-01-06,2019010601003375,API,55,56,131,154.00,"20,174.00"
2019-01-06,2019010601003684,BFC,16,32,40,80.00,"3,200.00"
2019-01-06,2019010601003683,BFC,57,32,10,80.00,800.00
2019-01-06,2019010601003557,BOKL,13,50,250,330.00,"82,500.00"
2019-01-06,2019010601003540,BOKL,3,21,64,329.00,"21,056.00"
2019-01-06,2019010601003539,BOKL,58,21,200,329.00,"65,800.00"
2019-01-06,2019010601003538,BOKL,40,21,50,329.00,"16,450.00"
2019-01-06,2019010601003400,BOKL,47,47,100,331.00,"33,100.00"
2019-01-06,2019010601003395,BOKL,47,49,196,329.00,"64,484.00"
2019-01-06,2019010601003388,BOKL,13,49,500,329.00,"164,500.00"
2019-01-06,2019010601003387,BOKL,34,49,100,329.00,"32,900.00"
2019-01-06,2019010601003386,BOKL,35,49,82,329.00,"26,978.00"
2019-01-06,2019010601003385,BOKL,54,49,630,329.00,"207,270.00"
2019-01-06,2019010601003367,BOKL,32,32,8,330.00,"2,640.00"
2019-01-06,2019010601003394,BOKL,29,49,200,329.00,"65,800.00"
2019-01-06,2019010601003393,BOKL,48,49,20,329.00,"6,580.00"
2019-01-06,2019010601003392,BOKL,40,49,30,329.00,"9,870.00"
2019-01-06,2019010601003391,BOKL,22,49,200,329.00,"65,800.00"
2019-01-06,2019010601003390,BOKL,49,49,50,329.00,"16,450.00"
2019-01-06,2019010601003389,BOKL,6,49,100,329.00,"32,900.00"
2019-01-06,2019010601003453,BPCL,57,51,10,370.00,"3,700.00"
2019-01-06,2019010601003414,BPCL,57,33,30,370.00,"11,100.00"
2019-01-06,2019010601003666,CBBL,33,50,50,812.00,"40,600.00"
2019-01-06,2019010601003274,CBBL,44,40,100,810.00,"81,000.00"
2019-01-06,2019010601003273,CBBL,44,40,18,811.00,"14,598.00"
2019-01-06,2019010601003276,CBBL,25,40,32,809.00,"25,888.00"
2019-01-06,2019010601003275,CBBL,35,40,50,810.00,"40,500.00"
2019-01-06,2019010601003702,CBL,29,22,83,161.00,"13,363.00"
2019-01-06,2019010601003556,CBL,29,21,33,161.00,"5,313.00"
2019-01-06,2019010601003555,CBL,45,21,300,161.00,"48,300.00"
2019-01-06,2019010601003554,CBL,4,21,100,161.00,"16,100.00"
2019-01-06,2019010601003553,CBL,45,21,"1,500",161.00,"241,500.00"
2019-01-06,2019010601003552,CBL,18,21,500,161.00,"80,500.00"
2019-01-06,2019010601003551,CBL,6,21,958,161.00,"154,238.00"
2019-01-06,2019010601003517,CBL,6,41,50,161.00,"8,050.00"
2019-01-06,2019010601003644,CCBL,45,22,96,169.00,"16,224.00"
2019-01-06,2019010601003571,CCBL,45,49,83,169.00,"14,027.00"
2019-01-06,2019010601003570,CCBL,48,49,20,169.00,"3,380.00"
2019-01-06,2019010601003569,CCBL,48,49,97,169.00,"16,393.00"
2019-01-06,2019010601003350,CCBL,26,28,200,170.00,"34,000.00"
2019-01-06,2019010601003297,CCBL,17,17,1,170.00,170.00
2019-01-06,2019010601003559,CHCL,1,16,580,546.00,"316,680.00"
2019-01-06,2019010601003558,CHCL,19,16,100,547.00,"54,700.00"
2019-01-06,2019010601003520,CHCL,19,49,200,547.00,"109,400.00"
2019-01-06,2019010601003516,CHCL,1,56,60,546.00,"32,760.00"
2019-01-06,2019010601003500,CHCL,1,21,100,546.00,"54,600.00"
2019-01-06,2019010601003451,CHCL,1,57,260,546.00,"141,960.00"
2019-01-06,2019010601003450,CHCL,58,57,20,546.00,"10,920.00"
2019-01-06,2019010601003449,CHCL,45,57,220,546.00,"120,120.00"
2019-01-06,2019010601003351,CHCL,45,42,65,546.00,"35,490.00"
2019-01-06,2019010601003342,CHCL,45,42,15,546.00,"8,190.00"
2019-01-06,2019010601003341,CHCL,37,42,50,546.00,"27,300.00"
2019-01-06,2019010601003340,CHCL,59,49,50,547.00,"27,350.00"
2019-01-06,2019010601003280,CHL,11,49,10,101.00,"1,010.00"
2019-01-06,2019010601003529,CIT,6,44,10,"2,239.00","22,390.00"
2019-01-06,2019010601003498,CIT,10,38,10,"2,235.00","22,350.00"
2019-01-06,2019010601003369,CIT,1,1,10,"2,240.00","22,400.00"
2019-01-06,2019010601003357,CIT,41,25,10,"2,237.00","22,370.00"
2019-01-06,2019010601003356,CIT,5,25,80,"2,237.00","178,960.00"
2019-01-06,2019010601003355,CIT,41,25,10,"2,238.00","22,380.00"
2019-01-06,2019010601003332,CIT,5,44,80,"2,239.00","179,120.00"
2019-01-06,2019010601003289,CIT,26,44,20,"2,239.00","44,780.00"
2019-01-06,2019010601003574,CZBIL,1,22,500,211.00,"105,500.00"
2019-01-06,2019010601003536,CZBIL,22,22,50,211.00,"10,550.00"
2019-01-06,2019010601003535,CZBIL,4,22,141,211.00,"29,751.00"
2019-01-06,2019010601003730,DBBL,7,16,37,125.00,"4,625.00"
2019-01-06,2019010601003460,DBBL,7,50,91,125.00,"11,375.00"
2019-01-06,2019010601003459,DBBL,1,50,200,125.00,"25,000.00"
2019-01-06,2019010601003458,DBBL,42,50,250,125.00,"31,250.00"
2019-01-06,2019010601003457,DBBL,26,50,100,125.00,"12,500.00"
2019-01-06,2019010601003456,DBBL,29,50,208,125.00,"26,000.00"
2019-01-06,2019010601003455,DBBL,51,50,100,126.00,"12,600.00"
2019-01-06,2019010601003454,DBBL,32,50,100,126.00,"12,600.00"
2019-01-06,2019010601003746,EBL,3,3,10,534.00,"5,340.00"
2019-01-06,2019010601003708,EBL,3,3,10,533.00,"5,330.00"
2019-01-06,2019010601003707,EBL,51,3,100,534.00,"53,400.00"
2019-01-06,2019010601003706,EBL,36,3,20,534.00,"10,680.00"
2019-01-06,2019010601003371,EBL,28,42,64,530.00,"33,920.00"
2019-01-06,2019010601003448,EBL,18,28,67,533.00,"35,711.00"
2019-01-06,2019010601003447,EBL,18,29,200,533.00,"106,600.00"
2019-01-06,2019010601003745,EIC,1,25,100,840.00,"84,000.00"
2019-01-06,2019010601003744,EIC,1,25,100,840.00,"84,000.00"
2019-01-06,2019010601003697,FOWAD,22,53,30,"1,475.00","44,250.00"
2019-01-06,2019010601003487,FOWAD,22,47,30,"1,475.00","44,250.00"
2019-01-06,2019010601003690,GBBL,32,14,400,189.00,"75,600.00"
2019-01-06,2019010601003642,GBIME,49,22,100,267.00,"26,700.00"
2019-01-06,2019010601003715,GBLBS,34,22,10,428.00,"4,280.00"
2019-01-06,2019010601003650,GBLBS,34,42,10,428.00,"4,280.00"
2019-01-06,2019010601003333,GBLBS,34,52,10,428.00,"4,280.00"
2019-01-06,2019010601003673,GDBL,6,39,40,187.00,"7,480.00"
2019-01-06,2019010601003592,GDBL,45,39,500,188.00,"94,000.00"
2019-01-06,2019010601003591,GDBL,32,39,150,188.00,"28,200.00"
2019-01-06,2019010601003590,GDBL,6,39,65,188.00,"12,220.00"
2019-01-06,2019010601003502,GDBL,45,17,500,189.00,"94,500.00"
2019-01-06,2019010601003598,GDBL,7,39,400,187.00,"74,800.00"
2019-01-06,2019010601003597,GDBL,32,39,500,187.00,"93,500.00"
2019-01-06,2019010601003596,GDBL,49,39,100,187.00,"18,700.00"
2019-01-06,2019010601003595,GDBL,43,39,500,187.00,"93,500.00"
2019-01-06,2019010601003594,GDBL,57,39,600,188.00,"112,800.00"
2019-01-06,2019010601003593,GDBL,53,39,600,188.00,"112,800.00"
2019-01-06,2019010601003600,GDBL,6,39,626,187.00,"117,062.00"
2019-01-06,2019010601003599,GDBL,42,39,50,187.00,"9,350.00"
2019-01-06,2019010601003589,GLICL,58,49,100,715.00,"71,500.00"
2019-01-06,2019010601003588,GLICL,58,51,30,714.00,"21,420.00"
2019-01-06,2019010601003561,GLICL,53,16,108,713.00,"77,004.00"
2019-01-06,2019010601003560,GLICL,53,48,239,713.00,"170,407.00"
2019-01-06,2019010601003489,GRDBL,43,51,40,107.00,"4,280.00"
2019-01-06,2019010601003488,GRDBL,11,51,10,108.00,"1,080.00"
2019-01-06,2019010601003444,GRDBL,11,45,100,108.00,"10,800.00"
2019-01-06,2019010601003359,GRDBL,11,49,50,108.00,"5,400.00"
2019-01-06,2019010601003532,HBL,42,33,20,470.00,"9,400.00"
2019-01-06,2019010601003531,HBL,49,33,10,470.00,"4,700.00"
2019-01-06,2019010601003638,HGI,59,14,350,399.00,"139,650.00"
2019-01-06,2019010601003637,HGI,59,14,250,398.00,"99,500.00"
2019-01-06,2019010601003628,HGI,35,39,194,393.00,"76,242.00"
2019-01-06,2019010601003627,HGI,13,39,500,393.00,"196,500.00"
2019-01-06,2019010601003626,HGI,53,39,50,393.00,"19,650.00"
2019-01-06,2019010601003625,HGI,13,39,200,393.00,"78,600.00"
2019-01-06,2019010601003265,HGI,35,34,13,396.00,"5,148.00"
2019-01-06,2019010601003264,HGI,6,34,20,397.00,"7,940.00"
2019-01-06,2019010601003618,HGI,59,39,200,395.00,"79,000.00"
2019-01-06,2019010601003617,HGI,59,39,133,396.00,"52,668.00"
2019-01-06,2019010601003616,HGI,41,39,350,397.00,"138,950.00"
2019-01-06,2019010601003580,HGI,59,34,67,396.00,"26,532.00"
2019-01-06,2019010601003579,HGI,46,34,33,396.00,"13,068.00"
2019-01-06,2019010601003266,HGI,46,34,67,396.00,"26,532.00"
2019-01-06,2019010601003624,HGI,34,39,50,393.00,"19,650.00"
2019-01-06,2019010601003623,HGI,21,39,30,394.00,"11,820.00"
2019-01-06,2019010601003622,HGI,7,39,150,394.00,"59,100.00"
2019-01-06,2019010601003621,HGI,53,39,20,395.00,"7,900.00"
2019-01-06,2019010601003620,HGI,35,39,100,395.00,"39,500.00"
2019-01-06,2019010601003619,HGI,6,39,20,395.00,"7,900.00"
2019-01-06,2019010601003376,HIDCL,37,49,56,150.00,"8,400.00"
2019-01-06,2019010601003429,HPPL,45,51,20,183.00,"3,660.00"
2019-01-06,2019010601003384,HPPL,45,49,10,183.00,"1,830.00"
2019-01-06,2019010601003358,HPPL,45,52,10,183.00,"1,830.00"
2019-01-06,2019010601003729,ICFC,26,35,300,154.00,"46,200.00"
2019-01-06,2019010601003575,JBBL,47,58,115,138.00,"15,870.00"
2019-01-06,2019010601003550,JBBL,47,42,200,138.00,"27,600.00"
2019-01-06,2019010601003636,JBNL,22,39,54,168.00,"9,072.00"
2019-01-06,2019010601003635,JBNL,34,39,200,168.00,"33,600.00"
2019-01-06,2019010601003634,JBNL,4,39,"1,000",168.00,"168,000.00"
2019-01-06,2019010601003633,JBNL,6,39,230,168.00,"38,640.00"
2019-01-06,2019010601003534,JBNL,29,57,200,169.00,"33,800.00"
2019-01-06,2019010601003416,JBNL,6,57,88,168.00,"14,784.00"
2019-01-06,2019010601003349,JBNL,6,6,122,168.00,"20,496.00"
2019-01-06,2019010601003748,KBBL,34,14,38,214.00,"8,132.00"
2019-01-06,2019010601003452,KBBL,34,38,37,214.00,"7,918.00"
2019-01-06,2019010601003734,KBL,48,20,100,246.00,"24,600.00"
2019-01-06,2019010601003533,KBL,48,44,100,246.00,"24,600.00"
2019-01-06,2019010601003408,KBL,45,44,100,246.00,"24,600.00"
2019-01-06,2019010601003655,KEBL,35,39,100,208.00,"20,800.00"
2019-01-06,2019010601003343,KKHC,44,58,200,92.00,"18,400.00"
2019-01-06,2019010601003542,KNBL,43,40,120,119.00,"14,280.00"
2019-01-06,2019010601003541,KNBL,50,40,410,120.00,"49,200.00"
2019-01-06,2019010601003474,KNBL,50,49,90,120.00,"10,800.00"
2019-01-06,2019010601003473,KNBL,19,49,100,120.00,"12,000.00"
2019-01-06,2019010601003608,KSBBL,34,38,62,135.00,"8,370.00"
2019-01-06,2019010601003549,KSBBL,26,25,199,136.00,"27,064.00"
2019-01-06,2019010601003548,KSBBL,48,25,20,136.00,"2,720.00"
2019-01-06,2019010601003547,KSBBL,33,25,400,136.00,"54,400.00"
2019-01-06,2019010601003316,KSBBL,33,14,100,136.00,"13,600.00"
2019-01-06,2019010601003686,LBBL,34,42,10,170.00,"1,700.00"
2019-01-06,2019010601003601,LBBL,25,54,29,171.00,"4,959.00"
2019-01-06,2019010601003492,LBBL,43,41,800,171.00,"136,800.00"
2019-01-06,2019010601003373,LBBL,32,54,471,171.00,"80,541.00"
2019-01-06,2019010601003372,LBBL,32,5,429,171.00,"73,359.00"
2019-01-06,2019010601003288,LBBL,48,5,571,171.00,"97,641.00"
2019-01-06,2019010601003648,LBL,13,39,257,217.00,"55,769.00"
2019-01-06,2019010601003647,LBL,45,39,120,217.00,"26,040.00"
2019-01-06,2019010601003270,LBL,13,10,100,220.00,"22,000.00"
2019-01-06,2019010601003269,LBL,13,32,10,219.00,"2,190.00"
2019-01-06,2019010601003268,LBL,13,26,50,219.00,"10,950.00"
2019-01-06,2019010601003267,LBL,13,45,200,218.00,"43,600.00"
2019-01-06,2019010601003478,LGIL,35,28,100,532.00,"53,200.00"
2019-01-06,2019010601003293,LICN,32,36,200,"1,641.00","328,200.00"
2019-01-06,2019010601003292,LICN,28,36,200,"1,642.00","328,400.00"
2019-01-06,2019010601003291,LICN,59,36,100,"1,643.00","164,300.00"
2019-01-06,2019010601003728,LLBS,50,6,25,767.00,"19,175.00"
2019-01-06,2019010601003727,LLBS,28,6,80,768.00,"61,440.00"
2019-01-06,2019010601003263,LLBS,28,53,20,768.00,"15,360.00"
2019-01-06,2019010601003262,LLBS,42,53,30,769.00,"23,070.00"
2019-01-06,2019010601003518,MBL,51,33,30,207.00,"6,210.00"
2019-01-06,2019010601003663,MDB,32,28,100,285.00,"28,500.00"
2019-01-06,2019010601003662,MDB,42,28,30,285.00,"8,550.00"
2019-01-06,2019010601003661,MDB,40,28,500,285.00,"142,500.00"
2019-01-06,2019010601003660,MDB,41,28,500,286.00,"143,000.00"
2019-01-06,2019010601003659,MDB,25,28,200,286.00,"57,200.00"
2019-01-06,2019010601003658,MDB,45,28,500,287.00,"143,500.00"
2019-01-06,2019010601003743,MEGA,41,39,50,169.00,"8,450.00"
2019-01-06,2019010601003742,MEGA,34,39,300,169.00,"50,700.00"
2019-01-06,2019010601003741,MEGA,59,39,200,169.00,"33,800.00"
2019-01-06,2019010601003740,MEGA,25,39,200,170.00,"34,000.00"
2019-01-06,2019010601003739,MEGA,32,39,"1,000",170.00,"170,000.00"
2019-01-06,2019010601003738,MEGA,1,39,100,170.00,"17,000.00"
2019-01-06,2019010601003678,MEGA,22,38,24,170.00,"4,080.00"
2019-01-06,2019010601003639,MEGA,57,57,75,171.00,"12,825.00"
2019-01-06,2019010601003374,MEGA,48,13,"1,000",171.00,"171,000.00"
2019-01-06,2019010601003352,MEGA,22,6,54,170.00,"9,180.00"
2019-01-06,2019010601003737,MEGA,48,39,55,170.00,"9,350.00"
2019-01-06,2019010601003736,MEGA,52,39,"2,000",170.00,"340,000.00"
2019-01-06,2019010601003735,MEGA,51,39,72,170.00,"12,240.00"
2019-01-06,2019010601003718,MEGA,51,57,128,170.00,"21,760.00"
2019-01-06,2019010601003717,MEGA,38,57,50,170.00,"8,500.00"
2019-01-06,2019010601003716,MEGA,22,57,22,170.00,"3,740.00"
2019-01-06,2019010601003674,MERO,25,25,10,"1,069.00","10,690.00"
2019-01-06,2019010601003654,MERO,25,11,17,"1,049.00","17,833.00"
2019-01-06,2019010601003653,MERO,25,51,16,"1,035.00","16,560.00"
2019-01-06,2019010601003283,MERO,45,59,80,"1,040.00","83,200.00"
2019-01-06,2019010601003282,MERO,45,25,16,"1,039.00","16,624.00"
2019-01-06,2019010601003752,MMFDB,19,57,29,999.00,"28,971.00"
2019-01-06,2019010601003747,MMFDB,19,6,15,989.00,"14,835.00"
2019-01-06,2019010601003461,MNBBL,58,54,107,340.00,"36,380.00"
2019-01-06,2019010601003443,MNBBL,17,54,363,340.00,"123,420.00"
2019-01-06,2019010601003442,MNBBL,17,52,137,339.00,"46,443.00"
2019-01-06,2019010601003256,MNBBL,7,52,22,339.00,"7,458.00"
2019-01-06,2019010601003497,MSMBS,35,51,22,535.00,"11,770.00"
2019-01-06,2019010601003714,NABIL,49,20,200,836.00,"167,200.00"
2019-01-06,2019010601003689,NABIL,49,49,30,836.00,"25,080.00"
2019-01-06,2019010601003682,NABIL,20,3,100,836.00,"83,600.00"
2019-01-06,2019010601003645,NABILP,47,3,250,713.00,"178,250.00"
2019-01-06,2019010601003418,NABILP,47,17,50,713.00,"35,650.00"
2019-01-06,2019010601003687,NADEP,7,45,30,795.00,"23,850.00"
2019-01-06,2019010601003428,NADEP,28,33,10,793.00,"7,930.00"
2019-01-06,2019010601003339,NADEP,7,45,150,795.00,"119,250.00"
2019-01-06,2019010601003338,NADEP,7,51,10,795.00,"7,950.00"
2019-01-06,2019010601003337,NADEP,7,51,10,795.00,"7,950.00"
2019-01-06,2019010601003336,NADEP,7,51,10,795.00,"7,950.00"
2019-01-06,2019010601003732,NBB,49,22,"1,543",190.00,"293,170.00"
2019-01-06,2019010601003731,NBB,49,22,209,190.00,"39,710.00"
2019-01-06,2019010601003694,NBB,11,22,100,190.00,"19,000.00"
2019-01-06,2019010601003482,NBB,26,22,250,190.00,"47,500.00"
2019-01-06,2019010601003432,NBL,33,45,50,307.00,"15,350.00"
2019-01-06,2019010601003286,NBL,33,22,750,307.00,"230,250.00"
2019-01-06,2019010601003285,NBL,33,6,20,307.00,"6,140.00"
2019-01-06,2019010601003284,NBL,33,16,54,307.00,"16,578.00"
2019-01-06,2019010601003722,NCCB,22,39,"1,672",218.00,"364,496.00"
2019-01-06,2019010601003721,NCCB,37,39,"2,000",218.00,"436,000.00"
2019-01-06,2019010601003720,NCCB,37,39,500,218.00,"109,000.00"
2019-01-06,2019010601003719,NCCB,44,39,363,218.00,"79,134.00"
2019-01-06,2019010601003701,NCCB,44,39,137,218.00,"29,866.00"
2019-01-06,2019010601003700,NCCB,32,39,500,218.00,"109,000.00"
2019-01-06,2019010601003253,NCCB,1,44,366,218.00,"79,788.00"
2019-01-06,2019010601003382,NCCB,32,26,188,219.00,"41,172.00"
2019-01-06,2019010601003328,NCCB,1,44,86,218.00,"18,748.00"
2019-01-06,2019010601003327,NCCB,48,44,20,218.00,"4,360.00"
2019-01-06,2019010601003326,NCCB,35,44,60,218.00,"13,080.00"
2019-01-06,2019010601003325,NCCB,26,44,700,218.00,"152,600.00"
2019-01-06,2019010601003324,NCCB,1,44,134,218.00,"29,212.00"
2019-01-06,2019010601003537,NCCB,28,10,501,218.00,"109,218.00"
2019-01-06,2019010601003509,NCCB,28,10,300,218.00,"65,400.00"
2019-01-06,2019010601003501,NCCB,28,19,11,218.00,"2,398.00"
2019-01-06,2019010601003491,NCCB,28,56,86,218.00,"18,748.00"
2019-01-06,2019010601003490,NCCB,1,56,114,218.00,"24,852.00"
2019-01-06,2019010601003383,NCCB,32,57,312,219.00,"68,328.00"
2019-01-06,2019010601003699,NCCB,33,39,"1,402",218.00,"305,636.00"
2019-01-06,2019010601003652,NCCB,32,16,312,219.00,"68,328.00"
2019-01-06,2019010601003651,NCCB,32,57,188,219.00,"41,172.00"
2019-01-06,2019010601003643,NCCB,33,29,200,218.00,"43,600.00"
2019-01-06,2019010601003544,NCCB,33,22,398,218.00,"86,764.00"
2019-01-06,2019010601003543,NCCB,28,22,102,218.00,"22,236.00"
2019-01-06,2019010601003710,NGPL,16,16,142,123.00,"17,466.00"
2019-01-06,2019010601003306,NHPC,45,6,710,68.00,"48,280.00"
2019-01-06,2019010601003305,NHPC,47,6,"1,000",68.00,"68,000.00"
2019-01-06,2019010601003304,NHPC,19,6,200,68.00,"13,600.00"
2019-01-06,2019010601003303,NHPC,19,6,400,68.00,"27,200.00"
2019-01-06,2019010601003302,NHPC,43,6,200,68.00,"13,600.00"
2019-01-06,2019010601003301,NHPC,47,6,200,68.00,"13,600.00"
2019-01-06,2019010601003300,NHPC,44,6,200,68.00,"13,600.00"
2019-01-06,2019010601003299,NHPC,43,6,50,68.00,"3,400.00"
2019-01-06,2019010601003298,NHPC,25,6,40,68.00,"2,720.00"
2019-01-06,2019010601003685,NIB,14,36,21,549.00,"11,529.00"
2019-01-06,2019010601003657,NIB,14,34,229,549.00,"125,721.00"
2019-01-06,2019010601003436,NIB,14,22,17,549.00,"9,333.00"
2019-01-06,2019010601003435,NIB,14,26,50,548.00,"27,400.00"
2019-01-06,2019010601003434,NIB,14,17,130,548.00,"71,240.00"
2019-01-06,2019010601003272,NIB,32,54,100,547.00,"54,700.00"
2019-01-06,2019010601003271,NIB,49,54,100,547.00,"54,700.00"
2019-01-06,2019010601003496,NIBSF1,34,34,"46,400",10.25,"475,600.00"
2019-01-06,2019010601003495,NIBSF1,34,21,"5,000",10.25,"51,250.00"
2019-01-06,2019010601003433,NIBSF1,34,34,"90,000",10.25,"922,500.00"
2019-01-06,2019010601003419,NIBSF1,34,34,"90,000",10.25,"922,500.00"
2019-01-06,2019010601003410,NIBSF1,34,34,"90,000",10.25,"922,500.00"
2019-01-06,2019010601003354,NIBSF1,34,34,"90,000",10.25,"922,500.00"
2019-01-06,2019010601003353,NIBSF1,34,36,"5,000",10.19,"50,950.00"
2019-01-06,2019010601003713,NICA,14,44,500,379.00,"189,500.00"
2019-01-06,2019010601003712,NICA,33,44,200,379.00,"75,800.00"
2019-01-06,2019010601003711,NICA,43,44,272,379.00,"103,088.00"
2019-01-06,2019010601003477,NICA,43,26,70,379.00,"26,530.00"
2019-01-06,2019010601003398,NICA,43,28,21,379.00,"7,959.00"
2019-01-06,2019010601003519,NICL,58,28,317,555.00,"175,935.00"
2019-01-06,2019010601003515,NICL,21,28,200,555.00,"111,000.00"
2019-01-06,2019010601003514,NICL,57,28,"1,000",555.00,"555,000.00"
2019-01-06,2019010601003513,NICL,33,28,127,555.00,"70,485.00"
2019-01-06,2019010601003512,NICL,45,28,"1,000",556.00,"556,000.00"
2019-01-06,2019010601003511,NICL,7,28,90,558.00,"50,220.00"
2019-01-06,2019010601003311,NICL,7,34,100,558.00,"55,800.00"
2019-01-06,2019010601003308,NICL,7,34,110,558.00,"61,380.00"
2019-01-06,2019010601003307,NICL,22,34,180,558.00,"100,440.00"
2019-01-06,2019010601003750,NIL,37,45,200,534.00,"106,800.00"
2019-01-06,2019010601003749,NIL,10,45,44,534.00,"23,496.00"
2019-01-06,2019010601003677,NIL,10,40,456,534.00,"243,504.00"
2019-01-06,2019010601003676,NIL,35,40,50,534.00,"26,700.00"
2019-01-06,2019010601003675,NIL,21,40,20,535.00,"10,700.00"
2019-01-06,2019010601003377,NIL,58,56,542,535.00,"289,970.00"
2019-01-06,2019010601003671,NLBBL,37,42,174,470.00,"81,780.00"
2019-01-06,2019010601003412,NLBBL,22,28,38,467.00,"17,746.00"
2019-01-06,2019010601003411,NLBBL,25,28,12,467.00,"5,604.00"
2019-01-06,2019010601003320,NLBBL,25,34,10,467.00,"4,670.00"
2019-01-06,2019010601003287,NLBBL,25,34,28,467.00,"13,076.00"
2019-01-06,2019010601003693,NLIC,45,48,62,"1,088.00","67,456.00"
2019-01-06,2019010601003692,NLIC,25,48,40,"1,088.00","43,520.00"
2019-01-06,2019010601003691,NLIC,46,48,48,"1,088.00","52,224.00"
2019-01-06,2019010601003681,NLIC,46,55,52,"1,088.00","56,576.00"
2019-01-06,2019010601003680,NLIC,33,55,48,"1,088.00","52,224.00"
2019-01-06,2019010601003614,NLIC,33,22,100,"1,088.00","108,800.00"
2019-01-06,2019010601003420,NLIC,14,34,26,"1,090.00","28,340.00"
2019-01-06,2019010601003322,NLIC,33,57,48,"1,089.00","52,272.00"
2019-01-06,2019010601003319,NLIC,28,57,100,"1,090.00","109,000.00"
2019-01-06,2019010601003313,NLIC,33,52,17,"1,089.00","18,513.00"
2019-01-06,2019010601003426,NLIC,14,40,17,"1,090.00","18,530.00"
2019-01-06,2019010601003425,NLIC,14,40,17,"1,090.00","18,530.00"
2019-01-06,2019010601003424,NLIC,14,40,17,"1,090.00","18,530.00"
2019-01-06,2019010601003423,NLIC,14,40,17,"1,090.00","18,530.00"
2019-01-06,2019010601003422,NLIC,14,40,17,"1,090.00","18,530.00"
2019-01-06,2019010601003421,NLIC,14,34,100,"1,090.00","109,000.00"
2019-01-06,2019010601003611,NLIC,25,36,60,"1,089.00","65,340.00"
2019-01-06,2019010601003577,NLIC,13,42,95,"1,090.00","103,550.00"
2019-01-06,2019010601003576,NLIC,14,42,55,"1,090.00","59,950.00"
2019-01-06,2019010601003475,NLIC,14,40,17,"1,090.00","18,530.00"
2019-01-06,2019010601003441,NLIC,14,59,200,"1,090.00","218,000.00"
2019-01-06,2019010601003427,NLIC,14,40,17,"1,090.00","18,530.00"
2019-01-06,2019010601003486,NLICL,6,33,250,710.00,"177,500.00"
2019-01-06,2019010601003485,NLICL,6,11,55,710.00,"39,050.00"
2019-01-06,2019010601003484,NLICL,6,42,200,709.00,"141,800.00"
2019-01-06,2019010601003483,NLICL,6,36,425,708.00,"300,900.00"
2019-01-06,2019010601003467,NLICL,33,38,450,706.00,"317,700.00"
2019-01-06,2019010601003466,NLICL,26,38,50,706.00,"35,300.00"
2019-01-06,2019010601003465,NLICL,54,36,75,708.00,"53,100.00"
2019-01-06,2019010601003281,NLICL,26,34,14,706.00,"9,884.00"
2019-01-06,2019010601003696,NMB,49,38,19,318.00,"6,042.00"
2019-01-06,2019010601003668,NMB,49,49,11,318.00,"3,498.00"
2019-01-06,2019010601003667,NMB,14,49,489,319.00,"155,991.00"
2019-01-06,2019010601003415,NMB,14,51,11,319.00,"3,509.00"
2019-01-06,2019010601003317,NMB,17,51,11,319.00,"3,509.00"
2019-01-06,2019010601003310,NMB,49,47,200,318.00,"63,600.00"
2019-01-06,2019010601003733,NTC,34,55,140,730.00,"102,200.00"
2019-01-06,2019010601003665,NTC,44,57,480,729.00,"349,920.00"
2019-01-06,2019010601003664,NTC,58,57,20,730.00,"14,600.00"
2019-01-06,2019010601003397,NUBL,53,17,70,755.00,"52,850.00"
2019-01-06,2019010601003396,NUBL,53,34,30,754.00,"22,620.00"
2019-01-06,2019010601003606,PCBL,6,49,190,329.00,"62,510.00"
2019-01-06,2019010601003508,PCBL,45,57,150,330.00,"49,500.00"
2019-01-06,2019010601003507,PCBL,56,57,47,330.00,"15,510.00"
2019-01-06,2019010601003506,PCBL,45,57,40,330.00,"13,200.00"
2019-01-06,2019010601003505,PCBL,41,57,500,330.00,"165,000.00"
2019-01-06,2019010601003504,PCBL,50,57,100,330.00,"33,000.00"
2019-01-06,2019010601003344,PCBL,55,49,699,330.00,"230,670.00"
2019-01-06,2019010601003335,PCBL,55,52,100,330.00,"33,000.00"
2019-01-06,2019010601003503,PCBL,4,57,"1,949",330.00,"643,170.00"
2019-01-06,2019010601003413,PCBL,42,49,250,331.00,"82,750.00"
2019-01-06,2019010601003348,PCBL,4,49,51,330.00,"16,830.00"
2019-01-06,2019010601003347,PCBL,22,49,100,330.00,"33,000.00"
2019-01-06,2019010601003346,PCBL,32,49,100,330.00,"33,000.00"
2019-01-06,2019010601003345,PCBL,48,49,50,330.00,"16,500.00"
2019-01-06,2019010601003417,PFL,13,49,12,135.00,"1,620.00"
2019-01-06,2019010601003726,PIC,10,19,11,998.00,"10,978.00"
2019-01-06,2019010601003725,PIC,10,51,11,998.00,"10,978.00"
2019-01-06,2019010601003641,PIC,57,36,11,996.00,"10,956.00"
2019-01-06,2019010601003640,PIC,11,36,100,996.00,"99,600.00"
2019-01-06,2019010601003446,PICL,53,45,35,696.00,"24,360.00"
2019-01-06,2019010601003404,PICL,53,44,450,695.00,"312,750.00"
2019-01-06,2019010601003545,PMHPL,21,1,10,115.00,"1,150.00"
2019-01-06,2019010601003315,PMHPL,21,49,10,115.00,"1,150.00"
2019-01-06,2019010601003290,PMHPL,21,5,10,115.00,"1,150.00"
2019-01-06,2019010601003464,PRIN,14,28,164,446.00,"73,144.00"
2019-01-06,2019010601003463,PRIN,22,28,500,447.00,"223,500.00"
2019-01-06,2019010601003462,PRIN,32,28,86,447.00,"38,442.00"
2019-01-06,2019010601003255,PRIN,32,45,114,447.00,"50,958.00"
2019-01-06,2019010601003254,PRIN,58,45,303,448.00,"135,744.00"
2019-01-06,2019010601003672,PRVU,43,1,100,239.00,"23,900.00"
2019-01-06,2019010601003646,PRVU,43,1,80,239.00,"19,120.00"
2019-01-06,2019010601003632,PRVU,17,1,515,239.00,"123,085.00"
2019-01-06,2019010601003631,PRVU,17,25,400,239.00,"95,600.00"
2019-01-06,2019010601003613,PRVU,17,51,85,239.00,"20,315.00"
2019-01-06,2019010601003365,PRVU,51,49,445,239.00,"106,355.00"
2019-01-06,2019010601003364,PRVU,59,49,555,239.00,"132,645.00"
2019-01-06,2019010601003278,PRVU,59,21,445,239.00,"106,355.00"
2019-01-06,2019010601003277,PRVU,38,21,455,239.00,"108,745.00"
2019-01-06,2019010601003499,PRVU,6,47,20,240.00,"4,800.00"
2019-01-06,2019010601003380,PRVU,51,34,500,239.00,"119,500.00"
2019-01-06,2019010601003605,PRVU,47,51,60,239.00,"14,340.00"
2019-01-06,2019010601003604,PRVU,14,51,500,239.00,"119,500.00"
2019-01-06,2019010601003603,PRVU,14,51,100,239.00,"23,900.00"
2019-01-06,2019010601003602,PRVU,51,51,255,239.00,"60,945.00"
2019-01-06,2019010601003430,RADHI,44,49,11,162.00,"1,782.00"
2019-01-06,2019010601003751,RBCL,5,48,10,"9,467.00","94,670.00"
2019-01-06,2019010601003723,RBCLPO,11,32,10,"8,761.00","87,610.00"
2019-01-06,2019010601003445,RHPC,34,49,17,97.00,"1,649.00"
2019-01-06,2019010601003314,RHPC,34,51,10,97.00,970.00
2019-01-06,2019010601003656,RLFL,39,32,200,116.00,"23,200.00"
2019-01-06,2019010601003476,RLFL,39,49,57,116.00,"6,612.00"
2019-01-06,2019010601003407,RMDC,14,18,50,536.00,"26,800.00"
2019-01-06,2019010601003406,RMDC,49,18,38,537.00,"20,406.00"
2019-01-06,2019010601003405,RMDC,25,18,25,540.00,"13,500.00"
2019-01-06,2019010601003431,RRHP,17,33,10,105.00,"1,050.00"
2019-01-06,2019010601003279,RRHP,17,5,10,105.00,"1,050.00"
2019-01-06,2019010601003295,RSDC,19,52,380,392.00,"148,960.00"
2019-01-06,2019010601003294,RSDC,19,41,320,392.00,"125,440.00"
2019-01-06,2019010601003493,SADBL,59,49,201,135.00,"27,135.00"
2019-01-06,2019010601003724,SANIMA,25,49,396,306.00,"121,176.00"
2019-01-06,2019010601003704,SANIMA,25,49,500,306.00,"153,000.00"
2019-01-06,2019010601003510,SANIMA,51,49,30,306.00,"9,180.00"
2019-01-06,2019010601003379,SANIMA,56,49,50,306.00,"15,300.00"
2019-01-06,2019010601003368,SANIMA,56,49,24,306.00,"7,344.00"
2019-01-06,2019010601003334,SANIMA,48,41,250,306.00,"76,500.00"
2019-01-06,2019010601003573,SBI,44,22,50,385.00,"19,250.00"
2019-01-06,2019010601003530,SBI,44,16,79,385.00,"30,415.00"
2019-01-06,2019010601003296,SBI,44,14,50,385.00,"19,250.00"
2019-01-06,2019010601003403,SBL,35,49,50,288.00,"14,400.00"
2019-01-06,2019010601003402,SBL,17,49,167,288.00,"48,096.00"
2019-01-06,2019010601003370,SBL,17,48,659,288.00,"189,792.00"
2019-01-06,2019010601003321,SBL,17,45,300,288.00,"86,400.00"
2019-01-06,2019010601003312,SBL,26,32,50,289.00,"14,450.00"
2019-01-06,2019010601003705,SCB,48,54,200,602.00,"120,400.00"
2019-01-06,2019010601003494,SCB,42,40,200,602.00,"120,400.00"
2019-01-06,2019010601003363,SCB,22,38,51,600.00,"30,600.00"
2019-01-06,2019010601003362,SCB,57,38,50,600.00,"30,000.00"
2019-01-06,2019010601003261,SCB,39,10,52,609.00,"31,668.00"
2019-01-06,2019010601003260,SCB,39,10,38,609.00,"23,142.00"
2019-01-06,2019010601003259,SCB,39,45,50,608.00,"30,400.00"
2019-01-06,2019010601003258,SCB,39,55,60,606.00,"36,360.00"
2019-01-06,2019010601003257,SCB,39,43,338,604.00,"204,152.00"
2019-01-06,2019010601003361,SCB,11,38,20,600.00,"12,000.00"
2019-01-06,2019010601003360,SCB,28,38,80,601.00,"48,080.00"
2019-01-06,2019010601003399,SFFIL,42,54,20,224.00,"4,480.00"
2019-01-06,2019010601003709,SHINE,58,40,31,236.00,"7,316.00"
2019-01-06,2019010601003472,SHINE,58,48,"1,353",236.00,"319,308.00"
2019-01-06,2019010601003381,SHINE,28,48,"1,000",238.00,"238,000.00"
2019-01-06,2019010601003378,SHINE,28,48,310,237.00,"73,470.00"
2019-01-06,2019010601003607,SHL,36,47,500,203.00,"101,500.00"
2019-01-06,2019010601003688,SHPC,13,49,20,225.00,"4,500.00"
2019-01-06,2019010601003409,SIC,26,13,51,"1,320.00","67,320.00"
2019-01-06,2019010601003587,SIL,56,1,42,644.00,"27,048.00"
2019-01-06,2019010601003578,SIL,37,44,200,649.00,"129,800.00"
2019-01-06,2019010601003470,SIL,58,5,343,643.00,"220,549.00"
2019-01-06,2019010601003469,SIL,22,5,500,643.00,"321,500.00"
2019-01-06,2019010601003468,SIL,48,5,20,644.00,"12,880.00"
2019-01-06,2019010601003695,SKBBL,39,14,734,"1,055.00","774,370.00"
2019-01-06,2019010601003586,SKBBL,32,10,200,"1,056.00","211,200.00"
2019-01-06,2019010601003585,SKBBL,33,10,50,"1,056.00","52,800.00"
2019-01-06,2019010601003584,SKBBL,29,10,100,"1,057.00","105,700.00"
2019-01-06,2019010601003583,SKBBL,52,10,50,"1,058.00","52,900.00"
2019-01-06,2019010601003582,SKBBL,52,10,20,"1,058.00","21,160.00"
2019-01-06,2019010601003581,SKBBL,37,10,10,"1,060.00","10,600.00"
2019-01-06,2019010601003679,SLICL,22,42,14,552.00,"7,728.00"
2019-01-06,2019010601003609,SLICL,53,38,532,554.00,"294,728.00"
2019-01-06,2019010601003309,SLICL,17,17,5,540.00,"2,700.00"
2019-01-06,2019010601003630,SMATA,58,28,100,"1,070.00","107,000.00"
2019-01-06,2019010601003629,SMATA,58,28,20,"1,070.00","21,400.00"
2019-01-06,2019010601003612,SMATA,11,28,10,"1,080.00","10,800.00"
2019-01-06,2019010601003528,SRBL,48,49,"1,500",211.00,"316,500.00"
2019-01-06,2019010601003527,SRBL,32,49,500,211.00,"105,500.00"
2019-01-06,2019010601003526,SRBL,48,49,"1,000",211.00,"211,000.00"
2019-01-06,2019010601003525,SRBL,55,49,"3,000",212.00,"636,000.00"
2019-01-06,2019010601003524,SRBL,45,49,300,213.00,"63,900.00"
2019-01-06,2019010601003523,SRBL,57,49,"2,000",213.00,"426,000.00"
2019-01-06,2019010601003522,SRBL,28,49,"2,000",213.00,"426,000.00"
2019-01-06,2019010601003521,SRBL,55,49,"2,600",213.00,"553,800.00"
2019-01-06,2019010601003318,SRBL,44,52,398,214.00,"85,172.00"
2019-01-06,2019010601003670,WOMI,34,43,31,962.00,"29,822.00"
2019-01-06,2019010601003669,WOMI,35,43,10,963.00,"9,630.00"
2019-01-06,2019010601003649,WOMI,45,43,100,965.00,"96,500.00"
2019-01-06,2019010601003217,ADBL,35,45,77,348.00,"26,796.00"
2019-01-06,2019010601003216,ADBL,42,45,15,348.00,"5,220.00"
2019-01-06,2019010601003184,AHPC,37,16,110,105.00,"11,550.00"
2019-01-06,2019010601003046,AHPC,37,6,199,105.00,"20,895.00"
2019-01-06,2019010601003045,AHPC,11,6,100,105.00,"10,500.00"
2019-01-06,2019010601003044,AHPC,37,6,901,105.00,"94,605.00"
2019-01-06,2019010601002976,AKJCL,56,47,10,94.00,940.00
2019-01-06,2019010601002981,AMFI,39,17,10,700.00,"7,000.00"
2019-01-06,2019010601003175,API,29,56,300,154.00,"46,200.00"
2019-01-06,2019010601002796,API,51,58,186,154.00,"28,644.00"
2019-01-06,2019010601003211,BARUN,57,49,10,106.00,"1,060.00"
2019-01-06,2019010601003166,BHBL,50,1,203,136.00,"27,608.00"
2019-01-06,2019010601003052,BHBL,43,1,400,135.00,"54,000.00"
2019-01-06,2019010601003026,BHBL,43,11,100,135.00,"13,500.00"
2019-01-06,2019010601002932,BHBL,43,51,12,137.00,"1,644.00"
2019-01-06,2019010601002759,BNT,51,22,10,"6,545.00","65,450.00"
2019-01-06,2019010601003207,BOKL,54,14,100,329.00,"32,900.00"
2019-01-06,2019010601003107,BOKL,21,49,200,330.00,"66,000.00"
2019-01-06,2019010601003106,BOKL,57,49,240,330.00,"79,200.00"
2019-01-06,2019010601003007,BOKL,54,6,270,329.00,"88,830.00"
2019-01-06,2019010601003006,BOKL,38,6,50,329.00,"16,450.00"
2019-01-06,2019010601003005,BOKL,59,6,100,329.00,"32,900.00"
2019-01-06,2019010601002831,BOKL,53,38,100,329.00,"32,900.00"
2019-01-06,2019010601002830,BOKL,32,38,12,329.00,"3,948.00"
2019-01-06,2019010601002768,BOKL,32,22,288,329.00,"94,752.00"
2019-01-06,2019010601002767,BOKL,40,22,212,329.00,"69,748.00"
2019-01-06,2019010601002756,BOKL,40,11,300,330.00,"99,000.00"
2019-01-06,2019010601002970,BOKL,32,19,502,330.00,"165,660.00"
2019-01-06,2019010601002969,BOKL,32,11,498,330.00,"164,340.00"
2019-01-06,2019010601002957,BOKL,51,41,200,329.00,"65,800.00"
2019-01-06,2019010601002832,BOKL,51,38,283,329.00,"93,107.00"
2019-01-06,2019010601003004,BOKL,51,6,17,329.00,"5,593.00"
2019-01-06,2019010601003003,BOKL,54,6,263,330.00,"86,790.00"
2019-01-06,2019010601003002,BOKL,54,32,200,330.00,"66,000.00"
2019-01-06,2019010601002990,BOKL,14,47,10,331.00,"3,310.00"
2019-01-06,2019010601002978,BOKL,54,19,339,330.00,"111,870.00"
2019-01-06,2019010601002977,BOKL,54,19,498,330.00,"164,340.00"
2019-01-06,2019010601003225,BPCL,57,49,10,370.00,"3,700.00"
2019-01-06,2019010601003170,BPCL,57,33,30,370.00,"11,100.00"
2019-01-06,2019010601003227,CBBL,1,35,35,813.00,"28,455.00"
2019-01-06,2019010601003063,CBBL,44,50,600,811.00,"486,600.00"
2019-01-06,2019010601003032,CBBL,20,35,50,813.00,"40,650.00"
2019-01-06,2019010601002915,CBBL,48,50,280,812.00,"227,360.00"
2019-01-06,2019010601002810,CBBL,56,17,10,809.00,"8,090.00"
2019-01-06,2019010601003088,CBL,17,17,2,160.00,320.00
2019-01-06,2019010601003031,CBL,6,6,992,161.00,"159,712.00"
2019-01-06,2019010601003030,CBL,52,6,108,161.00,"17,388.00"
2019-01-06,2019010601002908,CBL,45,22,60,162.00,"9,720.00"
2019-01-06,2019010601002886,CBL,45,34,440,162.00,"71,280.00"
2019-01-06,2019010601002844,CBL,57,34,60,162.00,"9,720.00"
2019-01-06,2019010601003230,CCBL,17,17,5,170.00,850.00
2019-01-06,2019010601003185,CCBL,53,14,33,170.00,"5,610.00"
2019-01-06,2019010601003084,CCBL,17,17,26,169.00,"4,394.00"
2019-01-06,2019010601003025,CCBL,17,6,497,169.00,"83,993.00"
2019-01-06,2019010601003024,CCBL,13,6,900,169.00,"152,100.00"
2019-01-06,2019010601003023,CCBL,6,6,"1,203",169.00,"203,307.00"
2019-01-06,2019010601002799,CCBL,58,25,77,170.00,"13,090.00"
2019-01-06,2019010601002798,CCBL,58,38,40,170.00,"6,800.00"
2019-01-06,2019010601003236,CFCL,1,49,109,109.00,"11,881.00"
2019-01-06,2019010601003146,CIT,36,1,10,"2,240.00","22,400.00"
2019-01-06,2019010601003051,CIT,22,16,100,"2,238.00","223,800.00"
2019-01-06,2019010601002979,CIT,1,42,40,"2,240.00","89,600.00"
2019-01-06,2019010601002929,CIT,35,47,10,"2,247.00","22,470.00"
2019-01-06,2019010601002928,CIT,35,14,25,"2,247.00","56,175.00"
2019-01-06,2019010601002914,CIT,1,48,10,"2,240.00","22,400.00"
2019-01-06,2019010601002763,CIT,45,42,50,"2,235.00","111,750.00"
2019-01-06,2019010601002892,CIT,40,45,50,"2,240.00","112,000.00"
2019-01-06,2019010601002891,CIT,40,44,50,"2,239.00","111,950.00"
2019-01-06,2019010601002884,CIT,25,44,50,"2,239.00","111,950.00"
2019-01-06,2019010601002883,CIT,25,34,50,"2,238.00","111,900.00"
2019-01-06,2019010601002878,CIT,45,38,14,"2,235.00","31,290.00"
2019-01-06,2019010601002808,CIT,45,55,36,"2,235.00","80,460.00"
2019-01-06,2019010601003168,CMF1,21,6,200,9.00,"1,800.00"
2019-01-06,2019010601003086,CZBIL,4,44,76,211.00,"16,036.00"
2019-01-06,2019010601002863,CZBIL,58,43,10,212.00,"2,120.00"
2019-01-06,2019010601003218,DBBL,32,32,300,127.00,"38,100.00"
2019-01-06,2019010601003019,DBBL,32,49,400,126.00,"50,400.00"
2019-01-06,2019010601003018,DBBL,37,49,100,126.00,"12,600.00"
2019-01-06,2019010601002801,DDBL,53,32,120,626.00,"75,120.00"
2019-01-06,2019010601003171,EBL,48,59,120,530.00,"63,600.00"
2019-01-06,2019010601003143,EBL,25,59,100,530.00,"53,000.00"
2019-01-06,2019010601003142,EBL,42,59,200,530.00,"106,000.00"
2019-01-06,2019010601003141,EBL,55,59,200,530.00,"106,000.00"
2019-01-06,2019010601003140,EBL,42,59,20,530.00,"10,600.00"
2019-01-06,2019010601003115,EBL,39,3,20,535.00,"10,700.00"
2019-01-06,2019010601002769,EBL,49,26,240,535.00,"128,400.00"
2019-01-06,2019010601003121,EBL,54,3,10,532.00,"5,320.00"
2019-01-06,2019010601003120,EBL,1,3,100,532.00,"53,200.00"
2019-01-06,2019010601003119,EBL,1,3,638,532.00,"339,416.00"
2019-01-06,2019010601003118,EBL,18,3,315,533.00,"167,895.00"
2019-01-06,2019010601003117,EBL,22,3,100,534.00,"53,400.00"
2019-01-06,2019010601003116,EBL,49,3,260,534.00,"138,840.00"
2019-01-06,2019010601003139,EBL,25,59,100,530.00,"53,000.00"
2019-01-06,2019010601003126,EBL,1,3,210,531.00,"111,510.00"
2019-01-06,2019010601003125,EBL,19,3,100,531.00,"53,100.00"
2019-01-06,2019010601003124,EBL,46,3,100,531.00,"53,100.00"
2019-01-06,2019010601003123,EBL,45,3,100,532.00,"53,200.00"
2019-01-06,2019010601003122,EBL,32,3,200,532.00,"106,400.00"
2019-01-06,2019010601002912,EIC,50,48,50,844.00,"42,200.00"
2019-01-06,2019010601002911,EIC,33,48,120,844.00,"101,280.00"
2019-01-06,2019010601003047,FMDBL,14,22,100,382.00,"38,200.00"
2019-01-06,2019010601003138,FOWAD,38,55,10,"1,473.00","14,730.00"
2019-01-06,2019010601003137,FOWAD,45,55,100,"1,473.00","147,300.00"
2019-01-06,2019010601003136,FOWAD,25,55,100,"1,474.00","147,400.00"
2019-01-06,2019010601003048,FOWAD,58,17,20,"1,480.00","29,600.00"
2019-01-06,2019010601002936,FOWAD,34,59,50,"1,474.00","73,700.00"
2019-01-06,2019010601002913,FOWAD,52,52,15,"1,475.00","22,125.00"
2019-01-06,2019010601002906,FOWAD,52,52,15,"1,475.00","22,125.00"
2019-01-06,2019010601002905,FOWAD,52,52,15,"1,475.00","22,125.00"
2019-01-06,2019010601002836,FOWAD,16,17,10,"1,480.00","14,800.00"
2019-01-06,2019010601002835,FOWAD,28,17,30,"1,480.00","44,400.00"
2019-01-06,2019010601002834,FOWAD,34,17,20,"1,480.00","29,600.00"
2019-01-06,2019010601002833,FOWAD,11,17,10,"1,480.00","14,800.00"
2019-01-06,2019010601003150,GBBL,48,39,51,190.00,"9,690.00"
2019-01-06,2019010601002963,GBBL,32,25,566,189.00,"106,974.00"
2019-01-06,2019010601002962,GBBL,59,25,100,189.00,"18,900.00"
2019-01-06,2019010601002961,GBBL,58,25,"1,000",189.00,"189,000.00"
2019-01-06,2019010601002960,GBBL,41,25,200,189.00,"37,800.00"
2019-01-06,2019010601002959,GBBL,41,25,100,189.00,"18,900.00"
2019-01-06,2019010601002958,GBBL,41,25,34,189.00,"6,426.00"
2019-01-06,2019010601002804,GBBL,41,33,66,189.00,"12,474.00"
2019-01-06,2019010601002803,GBBL,45,33,163,189.00,"30,807.00"
2019-01-06,2019010601003238,GBIME,55,35,100,266.00,"26,600.00"
2019-01-06,2019010601003204,GBIME,55,10,100,266.00,"26,600.00"
2019-01-06,2019010601003196,GBIME,55,54,100,266.00,"26,600.00"
2019-01-06,2019010601003195,GBIME,58,54,100,266.00,"26,600.00"
2019-01-06,2019010601002880,GBLBS,39,5,74,430.00,"31,820.00"
2019-01-06,2019010601003174,GDBL,6,34,500,188.00,"94,000.00"
2019-01-06,2019010601002937,GDBL,6,14,20,188.00,"3,760.00"
2019-01-06,2019010601003165,GLICL,11,51,20,714.00,"14,280.00"
2019-01-06,2019010601003012,GLICL,58,42,596,710.00,"423,160.00"
2019-01-06,2019010601002755,GLICL,58,38,144,705.00,"101,520.00"
2019-01-06,2019010601003242,HBL,49,14,50,470.00,"23,500.00"
2019-01-06,2019010601003040,HBL,49,56,100,470.00,"47,000.00"
2019-01-06,2019010601002887,HDL,42,50,10,"1,403.00","14,030.00"
2019-01-06,2019010601003053,HIDCL,45,45,56,151.00,"8,456.00"
2019-01-06,2019010601002910,HIDCL,37,33,56,150.00,"8,400.00"
2019-01-06,2019010601002762,HIDCL,37,5,10,150.00,"1,500.00"
2019-01-06,2019010601002757,HIDCL,37,5,56,150.00,"8,400.00"
2019-01-06,2019010601003067,JBBL,47,34,300,138.00,"41,400.00"
2019-01-06,2019010601003022,JBBL,47,34,700,138.00,"96,600.00"
2019-01-06,2019010601003008,JBBL,47,26,370,137.00,"50,690.00"
2019-01-06,2019010601002997,JBBL,47,26,500,137.00,"68,500.00"
2019-01-06,2019010601002993,JBBL,47,26,230,137.00,"31,510.00"
2019-01-06,2019010601002992,JBBL,47,43,50,136.00,"6,800.00"
2019-01-06,2019010601002991,JBBL,47,32,10,136.00,"1,360.00"
2019-01-06,2019010601003214,JBNL,6,52,500,168.00,"84,000.00"
2019-01-06,2019010601002862,JBNL,6,49,"1,000",168.00,"168,000.00"
2019-01-06,2019010601002765,JBNL,6,32,12,168.00,"2,016.00"
2019-01-06,2019010601002761,JEFL,45,38,591,115.00,"67,965.00"
2019-01-06,2019010601002760,JEFL,32,38,210,117.00,"24,570.00"
2019-01-06,2019010601003226,KBL,6,44,500,246.00,"123,000.00"
2019-01-06,2019010601003223,KBL,6,14,200,245.00,"49,000.00"
2019-01-06,2019010601002967,KBL,33,49,500,246.00,"123,000.00"
2019-01-06,2019010601002966,KBL,33,54,435,246.00,"107,010.00"
2019-01-06,2019010601002927,KBL,6,33,69,245.00,"16,905.00"
2019-01-06,2019010601002872,KBL,33,54,200,246.00,"49,200.00"
2019-01-06,2019010601002794,KBL,17,54,365,246.00,"89,790.00"
2019-01-06,2019010601002766,KBL,17,38,15,246.00,"3,690.00"
2019-01-06,2019010601002779,KPCL,19,45,90,101.00,"9,090.00"
2019-01-06,2019010601003173,LBBL,59,42,200,171.00,"34,200.00"
2019-01-06,2019010601003172,LBBL,59,48,"2,270",171.00,"388,170.00"
2019-01-06,2019010601003249,LBL,40,54,99,217.00,"21,483.00"
2019-01-06,2019010601003089,LBL,40,29,45,217.00,"9,765.00"
2019-01-06,2019010601002772,LBL,40,26,56,217.00,"12,152.00"
2019-01-06,2019010601003229,LGIL,33,28,500,533.00,"266,500.00"
2019-01-06,2019010601003228,LGIL,48,28,300,533.00,"159,900.00"
2019-01-06,2019010601002985,LGIL,10,41,100,535.00,"53,500.00"
2019-01-06,2019010601002882,LGIL,35,29,16,532.00,"8,512.00"
2019-01-06,2019010601002881,LGIL,32,29,100,533.00,"53,300.00"
2019-01-06,2019010601002843,LGIL,51,16,"1,500",534.00,"801,000.00"
2019-01-06,2019010601002778,LGIL,36,16,523,535.00,"279,805.00"
2019-01-06,2019010601002827,LICN,59,48,50,"1,647.00","82,350.00"
2019-01-06,2019010601003241,LLBS,42,53,70,769.00,"53,830.00"
2019-01-06,2019010601003240,LLBS,6,53,30,770.00,"23,100.00"
2019-01-06,2019010601002975,LLBS,48,47,86,769.00,"66,134.00"
2019-01-06,2019010601002965,LLBS,57,47,20,769.00,"15,380.00"
2019-01-06,2019010601002888,LLBS,57,47,50,769.00,"38,450.00"
2019-01-06,2019010601002865,LLBS,57,17,20,781.00,"15,620.00"
2019-01-06,2019010601003194,MBL,41,49,68,206.00,"14,008.00"
2019-01-06,2019010601003186,MBL,41,10,300,206.00,"61,800.00"
2019-01-06,2019010601003131,MBL,41,43,341,206.00,"70,246.00"
2019-01-06,2019010601003130,MBL,41,43,659,206.00,"135,754.00"
2019-01-06,2019010601003009,MEGA,57,6,28,170.00,"4,760.00"
2019-01-06,2019010601002935,MEGA,57,33,472,170.00,"80,240.00"
2019-01-06,2019010601002934,MEGA,1,33,304,170.00,"51,680.00"
2019-01-06,2019010601002806,MERO,16,45,30,"1,035.00","31,050.00"
2019-01-06,2019010601002777,MERO,28,45,100,"1,035.00","103,500.00"
2019-01-06,2019010601002776,MERO,16,45,100,"1,036.00","103,600.00"
2019-01-06,2019010601002773,MLBL,4,32,50,168.00,"8,400.00"
2019-01-06,2019010601003237,MNBBL,7,6,78,339.00,"26,442.00"
2019-01-06,2019010601003151,MNBBL,17,54,80,340.00,"27,200.00"
2019-01-06,2019010601003145,MNBBL,14,54,300,340.00,"102,000.00"
2019-01-06,2019010601003144,MNBBL,25,54,150,340.00,"51,000.00"
2019-01-06,2019010601002953,MNBBL,49,54,500,341.00,"170,500.00"
2019-01-06,2019010601002903,MNBBL,16,16,30,342.00,"10,260.00"
2019-01-06,2019010601002902,MNBBL,56,16,200,342.00,"68,400.00"
2019-01-06,2019010601002901,MNBBL,7,16,74,342.00,"25,308.00"
2019-01-06,2019010601002900,MNBBL,45,16,200,342.00,"68,400.00"
2019-01-06,2019010601002899,MNBBL,57,16,30,343.00,"10,290.00"
2019-01-06,2019010601003039,MNBBL,58,16,131,340.00,"44,540.00"
2019-01-06,2019010601003033,MNBBL,58,16,350,340.00,"119,000.00"
2019-01-06,2019010601002973,MNBBL,58,54,150,340.00,"51,000.00"
2019-01-06,2019010601002956,MNBBL,42,54,50,340.00,"17,000.00"
2019-01-06,2019010601002955,MNBBL,49,54,200,341.00,"68,200.00"
2019-01-06,2019010601002954,MNBBL,53,54,100,341.00,"34,100.00"
2019-01-06,2019010601002931,MSLB,52,52,15,"1,265.00","18,975.00"
2019-01-06,2019010601002842,MSLB,47,17,50,"1,265.00","63,250.00"
2019-01-06,2019010601003159,NABIL,34,33,54,835.00,"45,090.00"
2019-01-06,2019010601003158,NABIL,38,33,50,835.00,"41,750.00"
2019-01-06,2019010601003157,NABIL,18,33,100,835.00,"83,500.00"
2019-01-06,2019010601003156,NABIL,42,33,20,835.00,"16,700.00"
2019-01-06,2019010601003155,NABIL,7,33,500,836.00,"418,000.00"
2019-01-06,2019010601003154,NABIL,25,33,100,836.00,"83,600.00"
2019-01-06,2019010601003153,NABIL,7,33,46,836.00,"38,456.00"
2019-01-06,2019010601003112,NABIL,7,59,454,836.00,"379,544.00"
2019-01-06,2019010601003111,NABIL,38,59,21,837.00,"17,577.00"
2019-01-06,2019010601003110,NABIL,13,59,25,837.00,"20,925.00"
2019-01-06,2019010601002754,NABIL,7,33,500,837.00,"418,500.00"
2019-01-06,2019010601002753,NABIL,28,33,50,837.00,"41,850.00"
2019-01-06,2019010601003093,NABILP,47,35,500,715.00,"357,500.00"
2019-01-06,2019010601003176,NADEP,28,33,10,793.00,"7,930.00"
2019-01-06,2019010601003234,NBB,13,17,360,190.00,"68,400.00"
2019-01-06,2019010601003182,NBB,54,17,"1,000",190.00,"190,000.00"
2019-01-06,2019010601003181,NBB,47,17,50,190.00,"9,500.00"
2019-01-06,2019010601003180,NBB,29,17,50,190.00,"9,500.00"
2019-01-06,2019010601003179,NBB,42,17,100,190.00,"19,000.00"
2019-01-06,2019010601003178,NBB,52,17,440,190.00,"83,600.00"
2019-01-06,2019010601003092,NBB,52,16,202,190.00,"38,380.00"
2019-01-06,2019010601003129,NBL,42,16,446,307.00,"136,922.00"
2019-01-06,2019010601003128,NBL,42,6,554,307.00,"170,078.00"
2019-01-06,2019010601003069,NBL,10,6,246,307.00,"75,522.00"
2019-01-06,2019010601002980,NBL,33,22,12,307.00,"3,684.00"
2019-01-06,2019010601002948,NBL,34,22,100,307.00,"30,700.00"
2019-01-06,2019010601002800,NBL,22,57,"1,000",307.00,"307,000.00"
2019-01-06,2019010601003252,NCCB,51,44,"3,000",218.00,"654,000.00"
2019-01-06,2019010601003251,NCCB,1,44,500,218.00,"109,000.00"
2019-01-06,2019010601003250,NCCB,22,44,134,218.00,"29,212.00"
2019-01-06,2019010601003235,NCCB,22,55,350,218.00,"76,300.00"
2019-01-06,2019010601003205,NCCB,22,47,216,218.00,"47,088.00"
2019-01-06,2019010601003199,NCCB,22,10,198,218.00,"43,164.00"
2019-01-06,2019010601002809,NCCB,57,48,52,218.00,"11,336.00"
2019-01-06,2019010601002805,NCCB,22,48,180,218.00,"39,240.00"
2019-01-06,2019010601002793,NCCB,22,32,120,218.00,"26,160.00"
2019-01-06,2019010601002758,NCCB,22,58,171,218.00,"37,278.00"
2019-01-06,2019010601003028,NCCB,22,34,52,218.00,"11,336.00"
2019-01-06,2019010601003027,NCCB,32,34,48,218.00,"10,464.00"
2019-01-06,2019010601002885,NCCB,32,44,452,218.00,"98,536.00"
2019-01-06,2019010601002861,NCCB,32,44,"1,000",218.00,"218,000.00"
2019-01-06,2019010601002860,NCCB,1,44,100,218.00,"21,800.00"
2019-01-06,2019010601002859,NCCB,57,44,"1,448",218.00,"315,664.00"
2019-01-06,2019010601003127,NCDB,17,17,1,118.00,118.00
2019-01-06,2019010601002877,NGPL,42,17,78,123.00,"9,594.00"
2019-01-06,2019010601002876,NGPL,55,17,39,124.00,"4,836.00"
2019-01-06,2019010601003213,NHPC,25,16,700,68.00,"47,600.00"
2019-01-06,2019010601003103,NHPC,25,42,60,68.00,"4,080.00"
2019-01-06,2019010601003222,NIB,34,17,100,548.00,"54,800.00"
2019-01-06,2019010601003221,NIB,51,17,120,548.00,"65,760.00"
2019-01-06,2019010601003220,NIB,39,17,50,548.00,"27,400.00"
2019-01-06,2019010601003215,NIB,39,14,150,548.00,"82,200.00"
2019-01-06,2019010601003068,NIB,4,44,200,548.00,"109,600.00"
2019-01-06,2019010601002889,NIB,22,43,160,549.00,"87,840.00"
2019-01-06,2019010601002866,NIB,40,43,20,549.00,"10,980.00"
2019-01-06,2019010601002787,NIB,4,48,299,548.00,"163,852.00"
2019-01-06,2019010601002786,NIB,45,48,100,548.00,"54,800.00"
2019-01-06,2019010601002785,NIB,47,48,721,548.00,"395,108.00"
2019-01-06,2019010601003021,NIB,22,22,83,549.00,"45,567.00"
2019-01-06,2019010601003020,NIB,22,17,17,549.00,"9,333.00"
2019-01-06,2019010601002971,NIB,39,17,20,549.00,"10,980.00"
2019-01-06,2019010601002964,NIB,51,17,20,549.00,"10,980.00"
2019-01-06,2019010601002949,NIB,4,33,500,548.00,"274,000.00"
2019-01-06,2019010601002890,NIB,22,17,40,549.00,"21,960.00"
2019-01-06,2019010601003054,NIBPO,48,39,250,485.00,"121,250.00"
2019-01-06,2019010601003035,NIBPO,48,39,200,485.00,"97,000.00"
2019-01-06,2019010601003034,NIBPO,28,39,50,485.00,"24,250.00"
2019-01-06,2019010601003224,NICA,53,44,500,380.00,"190,000.00"
2019-01-06,2019010601003164,NICA,45,44,100,380.00,"38,000.00"
2019-01-06,2019010601003135,NICA,43,44,500,380.00,"190,000.00"
2019-01-06,2019010601003134,NICA,19,44,137,380.00,"52,060.00"
2019-01-06,2019010601003083,NICA,19,17,16,380.00,"6,080.00"
2019-01-06,2019010601003081,NICA,19,33,10,380.00,"3,800.00"
2019-01-06,2019010601002968,NICA,19,17,350,380.00,"133,000.00"
2019-01-06,2019010601002952,NICA,19,17,130,380.00,"49,400.00"
2019-01-06,2019010601003202,NICGF,22,6,200,9.00,"1,800.00"
2019-01-06,2019010601003192,NICL,22,34,150,558.00,"83,700.00"
2019-01-06,2019010601003248,NIL,33,14,12,536.00,"6,432.00"
2019-01-06,2019010601003050,NIL,17,14,50,536.00,"26,800.00"
2019-01-06,2019010601002909,NLBBL,25,13,374,470.00,"175,780.00"
2019-01-06,2019010601003167,NLIC,33,42,35,"1,089.00","38,115.00"
2019-01-06,2019010601002858,NLIC,52,52,17,"1,089.00","18,513.00"
2019-01-06,2019010601002850,NLIC,52,52,17,"1,089.00","18,513.00"
2019-01-06,2019010601002841,NLIC,52,52,17,"1,089.00","18,513.00"
2019-01-06,2019010601002840,NLIC,52,52,17,"1,089.00","18,513.00"
2019-01-06,2019010601002839,NLIC,33,34,52,"1,088.00","56,576.00"
2019-01-06,2019010601002838,NLIC,17,34,48,"1,088.00","52,224.00"
2019-01-06,2019010601002828,NLIC,17,34,292,"1,088.00","317,696.00"
2019-01-06,2019010601002789,NLIC,45,17,17,"1,090.00","18,530.00"
2019-01-06,2019010601002775,NLIC,17,21,10,"1,088.00","10,880.00"
2019-01-06,2019010601003232,NLICL,49,34,50,706.00,"35,300.00"
2019-01-06,2019010601003231,NLICL,33,34,36,706.00,"25,416.00"
2019-01-06,2019010601003059,NLICL,33,21,100,706.00,"70,600.00"
2019-01-06,2019010601003058,NLICL,33,6,164,706.00,"115,784.00"
2019-01-06,2019010601003013,NLICL,33,44,37,707.00,"26,159.00"
2019-01-06,2019010601002933,NLICL,26,34,100,705.00,"70,500.00"
2019-01-06,2019010601002924,NLICL,33,1,300,706.00,"211,800.00"
2019-01-06,2019010601002923,NLICL,49,1,100,706.00,"70,600.00"
2019-01-06,2019010601002864,NLICL,49,34,200,706.00,"141,200.00"
2019-01-06,2019010601002815,NLICL,53,44,248,707.00,"175,336.00"
2019-01-06,2019010601002797,NLICL,53,22,100,707.00,"70,700.00"
2019-01-06,2019010601003239,NMB,53,58,300,319.00,"95,700.00"
2019-01-06,2019010601003080,NMB,49,42,240,318.00,"76,320.00"
2019-01-06,2019010601003079,NMB,57,42,100,318.00,"31,800.00"
2019-01-06,2019010601003078,NMB,53,42,100,318.00,"31,800.00"
2019-01-06,2019010601003077,NMB,34,42,100,318.00,"31,800.00"
2019-01-06,2019010601003076,NMB,59,42,100,318.00,"31,800.00"
2019-01-06,2019010601002783,NMB,14,38,100,319.00,"31,900.00"
2019-01-06,2019010601002782,NMB,43,38,50,319.00,"15,950.00"
2019-01-06,2019010601002926,NMB,46,17,112,319.00,"35,728.00"
2019-01-06,2019010601002875,NMB,58,17,55,319.00,"17,545.00"
2019-01-06,2019010601002852,NMB,32,17,133,319.00,"42,427.00"
2019-01-06,2019010601002826,NMB,32,49,500,319.00,"159,500.00"
2019-01-06,2019010601002795,NMB,32,48,172,319.00,"54,868.00"
2019-01-06,2019010601002784,NMB,32,38,195,319.00,"62,205.00"
2019-01-06,2019010601003075,NMB,14,42,500,318.00,"159,000.00"
2019-01-06,2019010601003074,NMB,11,42,500,318.00,"159,000.00"
2019-01-06,2019010601003073,NMB,55,42,100,318.00,"31,800.00"
2019-01-06,2019010601003072,NMB,55,42,100,318.00,"31,800.00"
2019-01-06,2019010601003071,NMB,7,42,150,318.00,"47,700.00"
2019-01-06,2019010601003070,NMB,45,42,10,319.00,"3,190.00"
2019-01-06,2019010601002996,NMBHF1,26,21,"4,161",9.18,"38,197.98"
2019-01-06,2019010601002983,NMBHF1,22,51,147,9.00,"1,323.00"
2019-01-06,2019010601002982,NMBHF1,21,51,"1,517",9.00,"13,653.00"
2019-01-06,2019010601002829,NSEWA,58,45,10,557.00,"5,570.00"
2019-01-06,2019010601002825,NSEWA,58,45,10,560.00,"5,600.00"
2019-01-06,2019010601002821,NSEWA,39,45,10,565.00,"5,650.00"
2019-01-06,2019010601002816,NSEWA,39,45,10,565.00,"5,650.00"
2019-01-06,2019010601003087,NTC,44,33,400,729.00,"291,600.00"
2019-01-06,2019010601003042,OHL,21,4,50,436.00,"21,800.00"
2019-01-06,2019010601003041,OHL,59,4,89,436.00,"38,804.00"
2019-01-06,2019010601003036,OHL,59,13,20,436.00,"8,720.00"
2019-01-06,2019010601003043,OHL,10,4,206,436.00,"89,816.00"
2019-01-06,2019010601003102,PCBL,55,33,701,330.00,"231,330.00"
2019-01-06,2019010601003101,PCBL,59,33,265,330.00,"87,450.00"
2019-01-06,2019010601003100,PCBL,40,33,300,330.00,"99,000.00"
2019-01-06,2019010601003099,PCBL,16,33,100,330.00,"33,000.00"
2019-01-06,2019010601003098,PCBL,57,33,500,331.00,"165,500.00"
2019-01-06,2019010601003097,PCBL,21,33,378,331.00,"125,118.00"
2019-01-06,2019010601003096,PCBL,38,33,19,332.00,"6,308.00"
2019-01-06,2019010601003095,PCBL,53,33,237,332.00,"78,684.00"
2019-01-06,2019010601002819,PCBL,53,51,763,332.00,"253,316.00"
2019-01-06,2019010601002818,PCBL,34,51,237,333.00,"78,921.00"
2019-01-06,2019010601003163,PFL,13,32,284,135.00,"38,340.00"
2019-01-06,2019010601003162,PFL,11,32,200,136.00,"27,200.00"
2019-01-06,2019010601003161,PFL,41,32,16,136.00,"2,176.00"
2019-01-06,2019010601002792,PFL,41,38,84,136.00,"11,424.00"
2019-01-06,2019010601002791,PFL,48,38,17,136.00,"2,312.00"
2019-01-06,2019010601002790,PFL,51,38,10,137.00,"1,370.00"
2019-01-06,2019010601003188,PIC,1,33,11,996.00,"10,956.00"
2019-01-06,2019010601003169,PIC,1,57,11,996.00,"10,956.00"
2019-01-06,2019010601003152,PIC,1,57,50,996.00,"49,800.00"
2019-01-06,2019010601003148,PIC,1,57,22,996.00,"21,912.00"
2019-01-06,2019010601003147,PIC,58,57,29,996.00,"28,884.00"
2019-01-06,2019010601002988,PIC,45,44,39,999.00,"38,961.00"
2019-01-06,2019010601002974,PIC,14,44,10,"1,000.00","10,000.00"
2019-01-06,2019010601002853,PIC,45,16,11,999.00,"10,989.00"
2019-01-06,2019010601003108,PIC,58,29,10,996.00,"9,960.00"
2019-01-06,2019010601003001,PIC,29,49,39,996.00,"38,844.00"
2019-01-06,2019010601003000,PIC,48,49,15,997.00,"14,955.00"
2019-01-06,2019010601002995,PIC,45,49,39,998.00,"38,922.00"
2019-01-06,2019010601002989,PIC,22,44,50,999.00,"49,950.00"
2019-01-06,2019010601003109,PICL,43,42,30,693.00,"20,790.00"
2019-01-06,2019010601003057,PICL,34,44,150,695.00,"104,250.00"
2019-01-06,2019010601003056,PICL,36,44,400,695.00,"278,000.00"
2019-01-06,2019010601002972,PICL,36,34,100,695.00,"69,500.00"
2019-01-06,2019010601002930,PICL,53,45,65,696.00,"45,240.00"
2019-01-06,2019010601003209,PLIC,43,34,50,494.00,"24,700.00"
2019-01-06,2019010601003062,PLIC,43,35,365,496.00,"181,040.00"
2019-01-06,2019010601003061,PLIC,43,45,500,495.00,"247,500.00"
2019-01-06,2019010601003060,PLIC,43,48,330,495.00,"163,350.00"
2019-01-06,2019010601002999,PLIC,58,28,99,493.00,"48,807.00"
2019-01-06,2019010601002987,PLIC,39,48,20,495.00,"9,900.00"
2019-01-06,2019010601002874,PLIC,58,49,188,493.00,"92,684.00"
2019-01-06,2019010601002873,PLIC,35,49,12,493.00,"5,916.00"
2019-01-06,2019010601002771,PLIC,35,41,18,493.00,"8,874.00"
2019-01-06,2019010601002770,PLIC,44,41,30,494.00,"14,820.00"
2019-01-06,2019010601003049,PMHPL,21,50,10,115.00,"1,150.00"
2019-01-06,2019010601003198,PRIN,28,28,"1,000",449.00,"449,000.00"
2019-01-06,2019010601003197,PRIN,48,28,250,450.00,"112,500.00"
2019-01-06,2019010601002824,PRIN,58,6,197,448.00,"88,256.00"
2019-01-06,2019010601002823,PRIN,34,6,85,448.00,"38,080.00"
2019-01-06,2019010601003203,PRVU,38,34,150,239.00,"35,850.00"
2019-01-06,2019010601003193,PRVU,38,22,245,239.00,"58,555.00"
2019-01-06,2019010601003183,PRVU,38,50,100,239.00,"23,900.00"
2019-01-06,2019010601003149,PRVU,38,19,100,239.00,"23,900.00"
2019-01-06,2019010601003114,PRVU,38,5,200,239.00,"47,800.00"
2019-01-06,2019010601002907,PRVU,26,26,2,240.00,480.00
2019-01-06,2019010601002871,PRVU,58,34,"1,000",239.00,"239,000.00"
2019-01-06,2019010601002870,PRVU,58,59,"2,000",239.00,"478,000.00"
2019-01-06,2019010601002822,PRVU,38,45,300,238.00,"71,400.00"
2019-01-06,2019010601002781,PRVU,36,54,"1,500",238.00,"357,000.00"
2019-01-06,2019010601002994,PRVU,38,35,"1,000",238.00,"238,000.00"
2019-01-06,2019010601002925,PRVU,10,59,300,239.00,"71,700.00"
2019-01-06,2019010601003091,PRVU,38,51,50,239.00,"11,950.00"
2019-01-06,2019010601003090,PRVU,38,59,700,239.00,"167,300.00"
2019-01-06,2019010601003066,PRVU,38,58,890,238.00,"211,820.00"
2019-01-06,2019010601003065,PRVU,38,58,"1,000",238.00,"238,000.00"
2019-01-06,2019010601003064,PRVU,38,58,200,238.00,"47,600.00"
2019-01-06,2019010601003200,RADHI,44,33,11,162.00,"1,782.00"
2019-01-06,2019010601003029,RADHI,44,34,11,162.00,"1,782.00"
2019-01-06,2019010601003017,RADHI,44,34,11,162.00,"1,782.00"
2019-01-06,2019010601002837,RMDC,49,48,11,537.00,"5,907.00"
2019-01-06,2019010601003187,RRHP,17,5,10,105.00,"1,050.00"
2019-01-06,2019010601003201,RSDC,22,52,74,392.00,"29,008.00"
2019-01-06,2019010601003055,RSDC,22,22,26,392.00,"10,192.00"
2019-01-06,2019010601003212,SADBL,59,42,"2,000",136.00,"272,000.00"
2019-01-06,2019010601003191,SADBL,59,42,"1,000",136.00,"136,000.00"
2019-01-06,2019010601003113,SADBL,59,42,"1,000",136.00,"136,000.00"
2019-01-06,2019010601002918,SADBL,37,35,100,136.00,"13,600.00"
2019-01-06,2019010601002917,SADBL,59,35,721,136.00,"98,056.00"
2019-01-06,2019010601002780,SADBL,59,45,279,136.00,"37,944.00"
2019-01-06,2019010601003247,SANIMA,56,32,461,306.00,"141,066.00"
2019-01-06,2019010601003208,SANIMA,25,10,200,305.00,"61,000.00"
2019-01-06,2019010601003190,SANIMA,54,32,100,306.00,"30,600.00"
2019-01-06,2019010601003189,SANIMA,54,36,900,306.00,"275,400.00"
2019-01-06,2019010601003160,SANIMA,25,16,90,305.00,"27,450.00"
2019-01-06,2019010601002998,SANIMA,25,14,48,305.00,"14,640.00"
2019-01-06,2019010601002898,SANIMA,6,36,100,306.00,"30,600.00"
2019-01-06,2019010601002820,SANIMA,25,48,55,305.00,"16,775.00"
2019-01-06,2019010601002811,SANIMA,25,48,160,305.00,"48,800.00"
2019-01-06,2019010601003246,SBI,49,17,100,386.00,"38,600.00"
2019-01-06,2019010601003245,SBI,7,17,200,386.00,"77,200.00"
2019-01-06,2019010601003244,SBI,56,17,20,386.00,"7,720.00"
2019-01-06,2019010601003243,SBI,1,17,40,387.00,"15,480.00"
2019-01-06,2019010601003085,SBI,29,16,50,390.00,"19,500.00"
2019-01-06,2019010601002984,SBI,45,16,30,390.00,"11,700.00"
2019-01-06,2019010601002947,SBL,17,59,874,288.00,"251,712.00"
2019-01-06,2019010601002946,SBL,34,59,"2,000",288.00,"576,000.00"
2019-01-06,2019010601002945,SBL,21,59,50,288.00,"14,400.00"
2019-01-06,2019010601002944,SBL,21,59,50,288.00,"14,400.00"
2019-01-06,2019010601002943,SBL,21,59,100,288.00,"28,800.00"
2019-01-06,2019010601002942,SBL,57,59,600,288.00,"172,800.00"
2019-01-06,2019010601002941,SBL,14,59,500,288.00,"144,000.00"
2019-01-06,2019010601002940,SBL,53,59,81,288.00,"23,328.00"
2019-01-06,2019010601002939,SBL,33,59,200,289.00,"57,800.00"
2019-01-06,2019010601002938,SBL,38,59,545,289.00,"157,505.00"
2019-01-06,2019010601002897,SBL,38,13,150,289.00,"43,350.00"
2019-01-06,2019010601002802,SBL,38,38,20,289.00,"5,780.00"
2019-01-06,2019010601002919,SCB,22,43,158,601.00,"94,958.00"
2019-01-06,2019010601002916,SCB,22,43,50,601.00,"30,050.00"
2019-01-06,2019010601002951,SDESI,33,34,13,642.00,"8,346.00"
2019-01-06,2019010601002986,SEF,5,16,"1,000",9.10,"9,100.00"
2019-01-06,2019010601003177,SHINE,55,48,220,237.00,"52,140.00"
2019-01-06,2019010601003206,SHL,13,50,200,203.00,"40,600.00"
2019-01-06,2019010601002857,SHPC,49,56,150,226.00,"33,900.00"
2019-01-06,2019010601002856,SHPC,29,56,500,226.00,"113,000.00"
2019-01-06,2019010601002855,SHPC,49,56,100,226.00,"22,600.00"
2019-01-06,2019010601002854,SHPC,49,56,100,226.00,"22,600.00"
2019-01-06,2019010601002814,SHPC,59,56,150,227.00,"34,050.00"
2019-01-06,2019010601002813,SHPC,59,36,350,227.00,"79,450.00"
2019-01-06,2019010601002812,SHPC,7,36,"1,000",227.00,"227,000.00"
2019-01-06,2019010601003219,SICL,25,14,13,914.00,"11,882.00"
2019-01-06,2019010601002921,SIFC,6,50,383,133.00,"50,939.00"
2019-01-06,2019010601002920,SIFC,44,50,100,134.00,"13,400.00"
2019-01-06,2019010601002879,SIFC,58,50,17,135.00,"2,295.00"
2019-01-06,2019010601002904,SIL,19,47,81,642.00,"52,002.00"
2019-01-06,2019010601002807,SIL,19,38,14,642.00,"8,988.00"
2019-01-06,2019010601003011,SINDU,29,32,30,123.00,"3,690.00"
2019-01-06,2019010601003010,SINDU,29,26,30,123.00,"3,690.00"
2019-01-06,2019010601003104,SKBBL,43,59,100,"1,069.00","106,900.00"
2019-01-06,2019010601003038,SKBBL,33,43,100,"1,065.00","106,500.00"
2019-01-06,2019010601003037,SKBBL,33,59,100,"1,065.00","106,500.00"
2019-01-06,2019010601002868,SKBBL,54,35,81,"1,064.00","86,184.00"
2019-01-06,2019010601002867,SKBBL,54,43,13,"1,063.00","13,819.00"
2019-01-06,2019010601002817,SKBBL,57,57,52,"1,063.00","55,276.00"
2019-01-06,2019010601002788,SKBBL,28,43,22,"1,063.00","23,386.00"
2019-01-06,2019010601002764,SKBBL,14,43,25,"1,063.00","26,575.00"
2019-01-06,2019010601003233,SLICL,33,16,86,551.00,"47,386.00"
2019-01-06,2019010601003210,SLICL,17,17,6,540.00,"3,240.00"
2019-01-06,2019010601003105,SLICL,17,17,6,540.00,"3,240.00"
2019-01-06,2019010601003016,SLICL,58,28,86,550.00,"47,300.00"
2019-01-06,2019010601003015,SLICL,49,28,50,550.00,"27,500.00"
2019-01-06,2019010601003014,SLICL,32,28,27,550.00,"14,850.00"
2019-01-06,2019010601002851,SLICL,5,6,300,551.00,"165,300.00"
2019-01-06,2019010601003082,SRBL,44,44,102,214.00,"21,828.00"
2019-01-06,2019010601002869,SRBL,55,22,400,213.00,"85,200.00"
2019-01-06,2019010601002849,SRBL,4,49,"1,000",214.00,"214,000.00"
2019-01-06,2019010601002848,SRBL,35,49,300,214.00,"64,200.00"
2019-01-06,2019010601002847,SRBL,55,49,500,214.00,"107,000.00"
2019-01-06,2019010601002846,SRBL,41,49,"1,500",214.00,"321,000.00"
2019-01-06,2019010601002845,SRBL,55,49,236,214.00,"50,504.00"
2019-01-06,2019010601002950,UMHL,51,52,14,125.00,"1,750.00"
2019-01-06,2019010601002896,UMHL,52,52,14,126.00,"1,764.00"
2019-01-06,2019010601002895,UMHL,52,52,14,126.00,"1,764.00"
2019-01-06,2019010601002894,UMHL,52,52,14,126.00,"1,764.00"
2019-01-06,2019010601002893,UMHL,52,28,14,126.00,"1,764.00"
2019-01-06,2019010601002774,UMHL,51,28,14,125.00,"1,750.00"
2019-01-06,2019010601002476,AKJCL,56,10,20,94.00,"1,880.00"
2019-01-06,2019010601002473,AKJCL,56,10,20,94.00,"1,880.00"
2019-01-06,2019010601002453,AKJCL,56,10,20,94.00,"1,880.00"
2019-01-06,2019010601002438,AKJCL,56,10,20,94.00,"1,880.00"
2019-01-06,2019010601002430,AKJCL,56,10,20,94.00,"1,880.00"
2019-01-06,2019010601002424,AKJCL,56,10,20,94.00,"1,880.00"
2019-01-06,2019010601002273,AKJCL,56,46,20,94.00,"1,880.00"
2019-01-06,2019010601002641,AKPL,39,39,13,184.00,"2,392.00"
2019-01-06,2019010601002596,AKPL,25,49,13,183.00,"2,379.00"
2019-01-06,2019010601002595,AKPL,39,39,13,184.00,"2,392.00"
2019-01-06,2019010601002530,AKPL,25,39,13,183.00,"2,379.00"
2019-01-06,2019010601002529,AKPL,39,19,13,184.00,"2,392.00"
2019-01-06,2019010601002382,AKPL,19,28,10,183.00,"1,830.00"
2019-01-06,2019010601002568,AMFI,39,52,10,700.00,"7,000.00"
2019-01-06,2019010601002272,AMFI,39,51,10,700.00,"7,000.00"
2019-01-06,2019010601002421,API,51,34,14,154.00,"2,156.00"
2019-01-06,2019010601002420,API,34,34,36,154.00,"5,544.00"
2019-01-06,2019010601002351,API,34,47,100,154.00,"15,400.00"
2019-01-06,2019010601002291,API,25,50,200,155.00,"31,000.00"
2019-01-06,2019010601002701,BNT,5,5,10,"6,672.00","66,720.00"
2019-01-06,2019010601002619,BOKL,40,21,20,329.00,"6,580.00"
2019-01-06,2019010601002606,BOKL,50,11,202,330.00,"66,660.00"
2019-01-06,2019010601002599,BOKL,50,37,167,330.00,"55,110.00"
2019-01-06,2019010601002585,BOKL,50,1,131,330.00,"43,230.00"
2019-01-06,2019010601002584,BOKL,39,1,169,330.00,"55,770.00"
2019-01-06,2019010601002545,BOKL,39,17,31,330.00,"10,230.00"
2019-01-06,2019010601002544,BOKL,5,17,91,330.00,"30,030.00"
2019-01-06,2019010601002522,BOKL,5,50,409,330.00,"134,970.00"
2019-01-06,2019010601002399,BOKL,1,50,100,330.00,"33,000.00"
2019-01-06,2019010601002344,BOKL,58,50,40,330.00,"13,200.00"
2019-01-06,2019010601002320,BOKL,58,21,60,330.00,"19,800.00"
2019-01-06,2019010601002306,BOKL,43,21,100,330.00,"33,000.00"
2019-01-06,2019010601002738,BPCL,57,32,40,370.00,"14,800.00"
2019-01-06,2019010601002644,BPCL,57,51,10,370.00,"3,700.00"
2019-01-06,2019010601002547,BPCL,57,51,10,370.00,"3,700.00"
2019-01-06,2019010601002263,BPCL,13,51,10,370.00,"3,700.00"
2019-01-06,2019010601002729,CBBL,43,19,28,808.00,"22,624.00"
2019-01-06,2019010601002728,CBBL,1,19,100,808.00,"80,800.00"
2019-01-06,2019010601002666,CBBL,22,17,90,809.00,"72,810.00"
2019-01-06,2019010601002665,CBBL,28,17,100,809.00,"80,900.00"
2019-01-06,2019010601002588,CBBL,28,35,15,813.00,"12,195.00"
2019-01-06,2019010601002553,CBBL,28,53,100,809.00,"80,900.00"
2019-01-06,2019010601002446,CBBL,22,50,50,810.00,"40,500.00"
2019-01-06,2019010601002445,CBBL,14,50,20,810.00,"16,200.00"
2019-01-06,2019010601002444,CBBL,58,50,100,810.00,"81,000.00"
2019-01-06,2019010601002443,CBBL,11,50,50,810.00,"40,500.00"
2019-01-06,2019010601002282,CBBL,21,34,200,814.00,"162,800.00"
2019-01-06,2019010601002480,CBBL,42,56,200,809.00,"161,800.00"
2019-01-06,2019010601002479,CBBL,26,56,219,809.00,"177,171.00"
2019-01-06,2019010601002454,CBBL,26,35,100,809.00,"80,900.00"
2019-01-06,2019010601002520,CBBL,6,35,11,807.00,"8,877.00"
2019-01-06,2019010601002519,CBBL,41,35,50,808.00,"40,400.00"
2019-01-06,2019010601002518,CBBL,50,35,39,809.00,"31,551.00"
2019-01-06,2019010601002483,CBBL,50,56,11,809.00,"8,899.00"
2019-01-06,2019010601002482,CBBL,28,56,50,809.00,"40,450.00"
2019-01-06,2019010601002481,CBBL,13,56,20,809.00,"16,180.00"
2019-01-06,2019010601002663,CBL,52,52,"1,300",162.00,"210,600.00"
2019-01-06,2019010601002659,CBL,45,52,200,162.00,"32,400.00"
2019-01-06,2019010601002499,CBL,52,39,19,161.00,"3,059.00"
2019-01-06,2019010601002403,CBL,49,6,725,162.00,"117,450.00"
2019-01-06,2019010601002386,CBL,52,28,94,161.00,"15,134.00"
2019-01-06,2019010601002319,CBL,46,6,500,162.00,"81,000.00"
2019-01-06,2019010601002737,CCBL,39,38,200,170.00,"34,000.00"
2019-01-06,2019010601002736,CCBL,56,38,100,170.00,"17,000.00"
2019-01-06,2019010601002395,CCBL,6,28,73,169.00,"12,337.00"
2019-01-06,2019010601002542,CHCL,55,47,100,549.00,"54,900.00"
2019-01-06,2019010601002305,CHCL,56,47,100,549.00,"54,900.00"
2019-01-06,2019010601002590,CIT,53,48,10,"2,232.00","22,320.00"
2019-01-06,2019010601002589,CIT,5,48,50,"2,233.00","111,650.00"
2019-01-06,2019010601002526,CIT,16,49,18,"2,232.00","40,176.00"
2019-01-06,2019010601002494,CIT,58,49,24,"2,232.00","53,568.00"
2019-01-06,2019010601002470,CIT,58,41,26,"2,232.00","58,032.00"
2019-01-06,2019010601002360,CIT,22,48,40,"2,241.00","89,640.00"
2019-01-06,2019010601002330,CIT,53,22,100,"2,248.00","224,800.00"
2019-01-06,2019010601002329,CIT,53,50,50,"2,244.00","112,200.00"
2019-01-06,2019010601002740,CZBIL,4,13,500,211.00,"105,500.00"
2019-01-06,2019010601002717,CZBIL,4,26,59,211.00,"12,449.00"
2019-01-06,2019010601002658,CZBIL,4,43,224,211.00,"47,264.00"
2019-01-06,2019010601002657,CZBIL,42,43,76,211.00,"16,036.00"
2019-01-06,2019010601002656,CZBIL,43,43,200,211.00,"42,200.00"
2019-01-06,2019010601002406,DDBL,6,39,106,615.00,"65,190.00"
2019-01-06,2019010601002383,DDBL,50,39,30,615.00,"18,450.00"
2019-01-06,2019010601002289,DDBL,46,32,200,626.00,"125,200.00"
2019-01-06,2019010601002288,DDBL,16,32,200,628.00,"125,600.00"
2019-01-06,2019010601002287,DDBL,32,32,100,630.00,"63,000.00"
2019-01-06,2019010601002286,DDBL,41,32,100,630.00,"63,000.00"
2019-01-06,2019010601002285,DDBL,16,32,200,631.00,"126,200.00"
2019-01-06,2019010601002284,DDBL,41,32,86,632.00,"54,352.00"
2019-01-06,2019010601002688,EBL,18,50,185,534.00,"98,790.00"
2019-01-06,2019010601002618,EBL,13,50,15,534.00,"8,010.00"
2019-01-06,2019010601002550,EBL,55,50,100,534.00,"53,400.00"
2019-01-06,2019010601002349,EBL,28,26,26,534.00,"13,884.00"
2019-01-06,2019010601002348,EBL,5,26,20,534.00,"10,680.00"
2019-01-06,2019010601002266,EBL,42,26,100,535.00,"53,500.00"
2019-01-06,2019010601002495,EBL,53,18,74,533.00,"39,442.00"
2019-01-06,2019010601002469,EBL,53,50,26,533.00,"13,858.00"
2019-01-06,2019010601002468,EBL,48,50,200,533.00,"106,600.00"
2019-01-06,2019010601002467,EBL,28,50,74,534.00,"39,516.00"
2019-01-06,2019010601002452,EBL,56,26,10,535.00,"5,350.00"
2019-01-06,2019010601002525,EBL,1,18,196,532.00,"104,272.00"
2019-01-06,2019010601002498,EBL,52,18,280,533.00,"149,240.00"
2019-01-06,2019010601002497,EBL,37,18,100,533.00,"53,300.00"
2019-01-06,2019010601002496,EBL,1,18,30,533.00,"15,990.00"
2019-01-06,2019010601002398,FMDBL,53,56,400,378.00,"151,200.00"
2019-01-06,2019010601002397,FMDBL,26,56,124,379.00,"46,996.00"
2019-01-06,2019010601002318,FMDBL,26,39,76,379.00,"28,804.00"
2019-01-06,2019010601002664,GBBL,32,39,62,190.00,"11,780.00"
2019-01-06,2019010601002662,GBBL,32,10,238,190.00,"45,220.00"
2019-01-06,2019010601002565,GBBL,10,10,390,190.00,"74,100.00"
2019-01-06,2019010601002564,GBBL,10,51,210,190.00,"39,900.00"
2019-01-06,2019010601002309,GBBL,28,10,372,190.00,"70,680.00"
2019-01-06,2019010601002711,GBIME,51,54,120,266.00,"31,920.00"
2019-01-06,2019010601002710,GBIME,19,54,100,267.00,"26,700.00"
2019-01-06,2019010601002709,GBIME,40,54,500,267.00,"133,500.00"
2019-01-06,2019010601002708,GBIME,28,54,100,267.00,"26,700.00"
2019-01-06,2019010601002707,GBIME,55,54,100,267.00,"26,700.00"
2019-01-06,2019010601002706,GBIME,55,54,100,267.00,"26,700.00"
2019-01-06,2019010601002705,GBIME,6,54,"1,476",268.00,"395,568.00"
2019-01-06,2019010601002422,GBIME,39,20,10,269.00,"2,690.00"
2019-01-06,2019010601002580,GBLBS,39,39,10,429.00,"4,290.00"
2019-01-06,2019010601002731,GDBL,6,45,22,188.00,"4,136.00"
2019-01-06,2019010601002733,GRDBL,11,26,40,108.00,"4,320.00"
2019-01-06,2019010601002293,GUFL,55,39,100,100.00,"10,000.00"
2019-01-06,2019010601002604,HGI,35,32,17,396.00,"6,732.00"
