Date,Transact. No.,Symbol,Buyer,Seller,Quantity,Rate,Amount
2021-01-26,2021012604017937,AHPC,58,49,10,249.00,"2,490.00"
2021-01-26,2021012604017907,AHPC,1,49,250,249.00,"62,250.00"
2021-01-26,2021012604017870,AHPC,52,49,50,249.00,"12,450.00"
2021-01-26,2021012604017815,AHPC,8,49,45,249.00,"11,205.00"
2021-01-26,2021012604017814,AHPC,41,49,300,250.00,"75,000.00"
2021-01-26,2021012604017808,AHPC,41,42,370,250.00,"92,500.00"
2021-01-26,2021012604017797,AHPC,17,42,300,250.00,"75,000.00"
2021-01-26,2021012604017718,AHPC,8,48,55,249.00,"13,695.00"
2021-01-26,2021012604017706,AHPC,22,42,100,250.00,"25,000.00"
2021-01-26,2021012604017654,AHPC,13,42,100,250.00,"25,000.00"
2021-01-26,2021012604017817,AIL,29,10,100,689.00,"68,900.00"
2021-01-26,2021012604017637,AIL,29,38,10,689.00,"6,890.00"
2021-01-26,2021012604017643,AKJCL,55,18,133,141.00,"18,753.00"
2021-01-26,2021012604017943,AKPL,22,33,350,299.00,"104,650.00"
2021-01-26,2021012604017942,AKPL,22,6,250,299.00,"74,750.00"
2021-01-26,2021012604017787,AKPL,22,32,"1,000",298.00,"298,000.00"
2021-01-26,2021012604017629,AKPL,36,37,99,297.00,"29,403.00"
2021-01-26,2021012604017951,API,36,45,15,288.00,"4,320.00"
2021-01-26,2021012604017795,API,25,33,200,286.00,"57,200.00"
2021-01-26,2021012604017794,API,25,49,519,286.00,"148,434.00"
2021-01-26,2021012604017744,API,54,49,200,286.00,"57,200.00"
2021-01-26,2021012604017896,BARUN,45,49,200,237.00,"47,400.00"
2021-01-26,2021012604017727,BARUN,45,45,660,237.00,"156,420.00"
2021-01-26,2021012604017649,BARUN,13,45,150,238.00,"35,700.00"
2021-01-26,2021012604017627,BARUN,45,39,200,237.00,"47,400.00"
2021-01-26,2021012604017950,BPCL,13,59,500,405.00,"202,500.00"
2021-01-26,2021012604017849,BPCL,28,59,278,405.00,"112,590.00"
2021-01-26,2021012604017722,BPCL,45,59,150,405.00,"60,750.00"
2021-01-26,2021012604017636,BPCL,28,56,50,404.00,"20,200.00"
2021-01-26,2021012604017635,BPCL,16,56,200,404.00,"80,800.00"
2021-01-26,2021012604017914,CHCL,19,29,87,592.00,"51,504.00"
2021-01-26,2021012604017913,CHCL,19,56,13,592.00,"7,696.00"
2021-01-26,2021012604017793,CHCL,14,56,200,592.00,"118,400.00"
2021-01-26,2021012604017792,CHCL,14,45,"1,300",591.00,"768,300.00"
2021-01-26,2021012604017633,CHCL,19,56,200,586.00,"117,200.00"
2021-01-26,2021012604017632,CHCL,43,56,"1,927",586.00,"1,129,222.00"
2021-01-26,2021012604017843,CHL,55,49,10,170.00,"1,700.00"
2021-01-26,2021012604017842,CHL,1,49,85,170.00,"14,450.00"
2021-01-26,2021012604017763,CHL,1,49,15,170.00,"2,550.00"
2021-01-26,2021012604017762,CHL,35,49,410,170.00,"69,700.00"
2021-01-26,2021012604017717,DHPL,41,33,70,117.00,"8,190.00"
2021-01-26,2021012604017716,DHPL,41,38,100,117.00,"11,700.00"
2021-01-26,2021012604017911,EIC,45,4,10,660.00,"6,600.00"
2021-01-26,2021012604017853,EIC,21,4,40,660.00,"26,400.00"
2021-01-26,2021012604017824,EIC,21,6,100,660.00,"66,000.00"
2021-01-26,2021012604017852,GHL,38,35,290,123.00,"35,670.00"
2021-01-26,2021012604017851,GHL,1,35,210,123.00,"25,830.00"
2021-01-26,2021012604017677,GHL,1,45,30,123.00,"3,690.00"
2021-01-26,2021012604017928,GIC,4,29,410,627.00,"257,070.00"
2021-01-26,2021012604017927,GIC,45,29,300,627.00,"188,100.00"
2021-01-26,2021012604017926,GIC,36,29,40,627.00,"25,080.00"
2021-01-26,2021012604017857,GIC,36,14,10,627.00,"6,270.00"
2021-01-26,2021012604017740,GIC,36,22,10,627.00,"6,270.00"
2021-01-26,2021012604017826,HDHPC,58,6,700,138.00,"96,600.00"
2021-01-26,2021012604017638,HDHPC,45,56,250,137.00,"34,250.00"
2021-01-26,2021012604017941,HGI,28,57,300,683.00,"204,900.00"
2021-01-26,2021012604017895,HGI,58,57,20,683.00,"13,660.00"
2021-01-26,2021012604017894,HGI,58,26,90,680.00,"61,200.00"
2021-01-26,2021012604017835,HGI,41,26,110,680.00,"74,800.00"
2021-01-26,2021012604017823,HGI,49,44,190,677.00,"128,630.00"
2021-01-26,2021012604017712,HGI,19,48,50,680.00,"34,000.00"
2021-01-26,2021012604017711,HGI,19,44,50,678.00,"33,900.00"
2021-01-26,2021012604017642,HGI,14,44,150,678.00,"101,700.00"
2021-01-26,2021012604017631,HGI,14,21,50,678.00,"33,900.00"
2021-01-26,2021012604017827,HPPL,54,52,200,297.00,"59,400.00"
2021-01-26,2021012604017791,HPPL,54,50,300,297.00,"89,100.00"
2021-01-26,2021012604017747,HPPL,54,36,25,297.00,"7,425.00"
2021-01-26,2021012604017704,HPPL,54,22,10,297.00,"2,970.00"
2021-01-26,2021012604017813,HURJA,35,18,100,208.00,"20,800.00"
2021-01-26,2021012604017671,IGI,42,35,314,"1,042.00","327,188.00"
2021-01-26,2021012604017796,JOSHI,6,58,20,120.00,"2,400.00"
2021-01-26,2021012604017710,KKHC,49,35,702,116.00,"81,432.00"
2021-01-26,2021012604017709,KKHC,53,35,10,116.00,"1,160.00"
2021-01-26,2021012604017708,KKHC,21,35,58,116.00,"6,728.00"
2021-01-26,2021012604017702,KPCL,13,49,234,212.00,"49,608.00"
2021-01-26,2021012604017916,LEC,54,52,170,236.00,"40,120.00"
2021-01-26,2021012604017915,LEC,54,45,100,236.00,"23,600.00"
2021-01-26,2021012604017751,LEC,54,44,100,235.00,"23,500.00"
2021-01-26,2021012604017956,LGIL,55,17,79,690.00,"54,510.00"
2021-01-26,2021012604017900,LGIL,44,14,470,688.00,"323,360.00"
2021-01-26,2021012604017789,LGIL,44,55,30,688.00,"20,640.00"
2021-01-26,2021012604017788,LGIL,51,55,20,688.00,"13,760.00"
2021-01-26,2021012604017771,LGIL,44,11,"1,000",689.00,"689,000.00"
2021-01-26,2021012604017746,LGIL,51,25,180,688.00,"123,840.00"
2021-01-26,2021012604017745,LGIL,44,25,120,688.00,"82,560.00"
2021-01-26,2021012604017949,MEN,4,39,10,525.00,"5,250.00"
2021-01-26,2021012604017948,MEN,4,49,10,525.00,"5,250.00"
2021-01-26,2021012604017947,MEN,4,32,10,524.00,"5,240.00"
2021-01-26,2021012604017946,MEN,4,29,10,523.00,"5,230.00"
2021-01-26,2021012604017945,MEN,4,25,100,517.00,"51,700.00"
2021-01-26,2021012604017819,MEN,34,38,10,516.00,"5,160.00"
2021-01-26,2021012604017696,MEN,26,38,500,517.00,"258,500.00"
2021-01-26,2021012604017648,MEN,20,32,10,524.00,"5,240.00"
2021-01-26,2021012604017647,MEN,20,29,10,523.00,"5,230.00"
2021-01-26,2021012604017646,MEN,20,50,10,521.00,"5,210.00"
2021-01-26,2021012604017645,MEN,20,21,10,520.00,"5,200.00"
2021-01-26,2021012604017644,MEN,20,48,10,518.00,"5,180.00"
2021-01-26,2021012604017719,MHNL,1,45,10,220.00,"2,200.00"
2021-01-26,2021012604017929,NGPL,29,19,63,236.00,"14,868.00"
2021-01-26,2021012604017908,NGPL,29,22,100,236.00,"23,600.00"
2021-01-26,2021012604017876,NGPL,29,22,51,236.00,"12,036.00"
2021-01-26,2021012604017714,NGPL,49,49,14,237.00,"3,318.00"
2021-01-26,2021012604017958,NHPC,50,59,100,132.00,"13,200.00"
2021-01-26,2021012604017910,NHPC,59,59,21,132.00,"2,772.00"
2021-01-26,2021012604017860,NHPC,29,25,265,133.00,"35,245.00"
2021-01-26,2021012604017776,NHPC,50,25,100,133.00,"13,300.00"
2021-01-26,2021012604017713,NHPC,59,53,469,132.00,"61,908.00"
2021-01-26,2021012604017689,NHPC,29,53,75,131.00,"9,825.00"
2021-01-26,2021012604017688,NHPC,38,53,425,131.00,"55,675.00"
2021-01-26,2021012604017676,NHPC,38,53,31,132.00,"4,092.00"
2021-01-26,2021012604017675,NHPC,38,58,469,132.00,"61,908.00"
2021-01-26,2021012604017656,NHPC,46,58,200,132.00,"26,400.00"
2021-01-26,2021012604017934,NICL,6,44,180,724.00,"130,320.00"
2021-01-26,2021012604017933,NICL,36,44,100,725.00,"72,500.00"
2021-01-26,2021012604017932,NICL,25,44,20,725.00,"14,500.00"
2021-01-26,2021012604017855,NICL,6,57,100,728.00,"72,800.00"
2021-01-26,2021012604017768,NICL,57,57,202,728.00,"147,056.00"
2021-01-26,2021012604017725,NICL,57,29,50,728.00,"36,400.00"
2021-01-26,2021012604017687,NICL,57,46,148,725.00,"107,300.00"
2021-01-26,2021012604017970,NIL,58,46,10,"1,410.00","14,100.00"
2021-01-26,2021012604017901,NIL,59,32,30,"1,405.00","42,150.00"
2021-01-26,2021012604017875,NIL,13,45,143,"1,406.00","201,058.00"
2021-01-26,2021012604017874,NIL,13,34,157,"1,406.00","220,742.00"
2021-01-26,2021012604017864,NIL,58,42,383,"1,402.00","536,966.00"
2021-01-26,2021012604017863,NIL,7,42,17,"1,403.00","23,851.00"
2021-01-26,2021012604017690,NIL,58,40,10,"1,403.00","14,030.00"
2021-01-26,2021012604017653,NIL,58,58,255,"1,401.00","357,255.00"
2021-01-26,2021012604017652,NIL,5,58,100,"1,401.00","140,100.00"
2021-01-26,2021012604017651,NIL,26,58,100,"1,401.00","140,100.00"
2021-01-26,2021012604017650,NIL,17,58,15,"1,404.00","21,060.00"
2021-01-26,2021012604017724,NIL,58,40,175,"1,401.00","245,175.00"
2021-01-26,2021012604017723,NIL,50,40,325,"1,401.00","455,325.00"
2021-01-26,2021012604017721,NIL,37,34,80,"1,406.00","112,480.00"
2021-01-26,2021012604017720,NIL,58,10,170,"1,401.00","238,170.00"
2021-01-26,2021012604017692,NIL,58,34,139,"1,406.00","195,434.00"
2021-01-26,2021012604017691,NIL,58,45,"1,351","1,405.00","1,898,155.00"
2021-01-26,2021012604017862,NIL,45,42,100,"1,403.00","140,300.00"
2021-01-26,2021012604017833,NIL,21,34,200,"1,406.00","281,200.00"
2021-01-26,2021012604017830,NIL,58,56,510,"1,402.00","715,020.00"
2021-01-26,2021012604017829,NIL,45,56,40,"1,402.00","56,080.00"
2021-01-26,2021012604017828,NIL,5,56,50,"1,402.00","70,100.00"
2021-01-26,2021012604017801,NIL,58,34,"1,000","1,406.00","1,406,000.00"
2021-01-26,2021012604017940,PIC,4,34,99,"1,130.00","111,870.00"
2021-01-26,2021012604017939,PIC,4,57,50,"1,129.00","56,450.00"
2021-01-26,2021012604017938,PIC,4,26,151,"1,129.00","170,479.00"
2021-01-26,2021012604017921,PIC,58,26,10,"1,129.00","11,290.00"
2021-01-26,2021012604017920,PIC,58,41,65,"1,125.00","73,125.00"
2021-01-26,2021012604017898,PIC,58,26,300,"1,120.00","336,000.00"
2021-01-26,2021012604017892,PIC,48,41,10,"1,125.00","11,250.00"
2021-01-26,2021012604017850,PIC,58,35,395,"1,120.00","442,400.00"
2021-01-26,2021012604017790,PIC,58,19,18,"1,120.00","20,160.00"
2021-01-26,2021012604017765,PIC,58,3,"1,950","1,120.00","2,184,000.00"
2021-01-26,2021012604017764,PIC,33,3,50,"1,120.00","56,000.00"
2021-01-26,2021012604017952,PICL,20,37,500,679.00,"339,500.00"
2021-01-26,2021012604017834,PICL,32,37,200,679.00,"135,800.00"
2021-01-26,2021012604017694,PICL,21,29,200,680.00,"136,000.00"
2021-01-26,2021012604017641,PICL,29,22,49,676.00,"33,124.00"
2021-01-26,2021012604017640,PICL,6,22,100,676.00,"67,600.00"
2021-01-26,2021012604017639,PICL,57,22,51,676.00,"34,476.00"
2021-01-26,2021012605000156,PLI,10,3,10,575.00,"5,750.00"
2021-01-26,2021012605000155,PLI,10,47,10,575.00,"5,750.00"
2021-01-26,2021012605000154,PLI,10,47,10,575.00,"5,750.00"
2021-01-26,2021012605000153,PLI,10,47,10,575.00,"5,750.00"
2021-01-26,2021012605000152,PLI,10,47,10,575.00,"5,750.00"
2021-01-26,2021012605000151,PLI,10,36,10,575.00,"5,750.00"
2021-01-26,2021012605000006,PLI,10,38,10,575.00,"5,750.00"
2021-01-26,2021012605000005,PLI,10,36,10,575.00,"5,750.00"
2021-01-26,2021012605000004,PLI,48,32,10,570.00,"5,700.00"
2021-01-26,2021012605000003,PLI,17,48,10,559.00,"5,590.00"
2021-01-26,2021012605000002,PLI,48,40,10,549.00,"5,490.00"
2021-01-26,2021012605000001,PLI,48,41,10,549.00,"5,490.00"
2021-01-26,2021012605000012,PLI,10,32,10,575.00,"5,750.00"
2021-01-26,2021012605000011,PLI,10,32,10,575.00,"5,750.00"
2021-01-26,2021012605000010,PLI,10,32,10,575.00,"5,750.00"
2021-01-26,2021012605000009,PLI,10,32,10,575.00,"5,750.00"
2021-01-26,2021012605000008,PLI,10,36,10,575.00,"5,750.00"
2021-01-26,2021012605000007,PLI,10,32,10,575.00,"5,750.00"
2021-01-26,2021012605000018,PLI,10,14,10,575.00,"5,750.00"
2021-01-26,2021012605000017,PLI,10,14,10,575.00,"5,750.00"
2021-01-26,2021012605000016,PLI,10,17,10,575.00,"5,750.00"
2021-01-26,2021012605000015,PLI,10,14,10,575.00,"5,750.00"
2021-01-26,2021012605000014,PLI,10,14,10,575.00,"5,750.00"
2021-01-26,2021012605000013,PLI,10,57,10,575.00,"5,750.00"
2021-01-26,2021012605000024,PLI,10,6,10,575.00,"5,750.00"
2021-01-26,2021012605000023,PLI,10,22,10,575.00,"5,750.00"
2021-01-26,2021012605000022,PLI,10,6,10,575.00,"5,750.00"
2021-01-26,2021012605000021,PLI,10,8,10,575.00,"5,750.00"
2021-01-26,2021012605000020,PLI,10,52,10,575.00,"5,750.00"
2021-01-26,2021012605000019,PLI,10,50,10,575.00,"5,750.00"
2021-01-26,2021012605000030,PLI,10,49,10,575.00,"5,750.00"
2021-01-26,2021012605000029,PLI,10,57,10,575.00,"5,750.00"
2021-01-26,2021012605000028,PLI,10,49,10,575.00,"5,750.00"
2021-01-26,2021012605000027,PLI,10,4,10,575.00,"5,750.00"
2021-01-26,2021012605000026,PLI,10,43,10,575.00,"5,750.00"
2021-01-26,2021012605000025,PLI,10,36,10,575.00,"5,750.00"
2021-01-26,2021012605000036,PLI,10,36,10,575.00,"5,750.00"
2021-01-26,2021012605000035,PLI,10,38,10,575.00,"5,750.00"
2021-01-26,2021012605000034,PLI,10,34,10,575.00,"5,750.00"
2021-01-26,2021012605000033,PLI,10,57,10,575.00,"5,750.00"
2021-01-26,2021012605000032,PLI,10,36,10,575.00,"5,750.00"
2021-01-26,2021012605000031,PLI,10,41,10,575.00,"5,750.00"
2021-01-26,2021012605000042,PLI,10,45,10,575.00,"5,750.00"
2021-01-26,2021012605000041,PLI,10,58,10,575.00,"5,750.00"
2021-01-26,2021012605000040,PLI,10,45,10,575.00,"5,750.00"
2021-01-26,2021012605000039,PLI,10,38,10,575.00,"5,750.00"
2021-01-26,2021012605000038,PLI,10,38,10,575.00,"5,750.00"
2021-01-26,2021012605000037,PLI,10,22,10,575.00,"5,750.00"
2021-01-26,2021012605000048,PLI,10,49,10,575.00,"5,750.00"
2021-01-26,2021012605000047,PLI,10,39,10,575.00,"5,750.00"
2021-01-26,2021012605000046,PLI,10,58,10,575.00,"5,750.00"
2021-01-26,2021012605000045,PLI,10,58,10,575.00,"5,750.00"
2021-01-26,2021012605000044,PLI,10,19,10,575.00,"5,750.00"
2021-01-26,2021012605000043,PLI,10,46,10,575.00,"5,750.00"
2021-01-26,2021012605000054,PLI,10,47,10,575.00,"5,750.00"
2021-01-26,2021012605000053,PLI,10,32,10,575.00,"5,750.00"
2021-01-26,2021012605000052,PLI,10,6,10,575.00,"5,750.00"
2021-01-26,2021012605000051,PLI,10,6,10,575.00,"5,750.00"
2021-01-26,2021012605000050,PLI,10,6,10,575.00,"5,750.00"
2021-01-26,2021012605000049,PLI,10,32,10,575.00,"5,750.00"
2021-01-26,2021012605000060,PLI,10,34,10,575.00,"5,750.00"
2021-01-26,2021012605000059,PLI,10,36,10,575.00,"5,750.00"
2021-01-26,2021012605000058,PLI,10,39,10,575.00,"5,750.00"
2021-01-26,2021012605000057,PLI,10,21,10,575.00,"5,750.00"
2021-01-26,2021012605000056,PLI,10,21,10,575.00,"5,750.00"
2021-01-26,2021012605000055,PLI,10,41,10,575.00,"5,750.00"
2021-01-26,2021012605000066,PLI,10,8,10,575.00,"5,750.00"
2021-01-26,2021012605000065,PLI,10,41,10,575.00,"5,750.00"
2021-01-26,2021012605000064,PLI,10,58,10,575.00,"5,750.00"
2021-01-26,2021012605000063,PLI,10,10,10,575.00,"5,750.00"
2021-01-26,2021012605000062,PLI,10,6,10,575.00,"5,750.00"
2021-01-26,2021012605000061,PLI,10,17,10,575.00,"5,750.00"
2021-01-26,2021012605000072,PLI,47,47,9,574.00,"5,166.00"
2021-01-26,2021012605000071,PLI,47,47,1,574.00,574.00
2021-01-26,2021012605000070,PLI,47,47,9,574.00,"5,166.00"
2021-01-26,2021012605000069,PLI,10,35,10,575.00,"5,750.00"
2021-01-26,2021012605000068,PLI,10,35,10,575.00,"5,750.00"
2021-01-26,2021012605000067,PLI,10,55,10,575.00,"5,750.00"
2021-01-26,2021012605000078,PLI,10,34,10,575.00,"5,750.00"
2021-01-26,2021012605000077,PLI,10,34,10,575.00,"5,750.00"
2021-01-26,2021012605000076,PLI,10,48,10,575.00,"5,750.00"
2021-01-26,2021012605000075,PLI,47,47,1,574.00,574.00
2021-01-26,2021012605000074,PLI,47,47,9,574.00,"5,166.00"
2021-01-26,2021012605000073,PLI,47,47,1,574.00,574.00
2021-01-26,2021012605000084,PLI,10,28,10,575.00,"5,750.00"
2021-01-26,2021012605000083,PLI,10,42,10,575.00,"5,750.00"
2021-01-26,2021012605000082,PLI,10,34,10,575.00,"5,750.00"
2021-01-26,2021012605000081,PLI,10,58,10,575.00,"5,750.00"
2021-01-26,2021012605000080,PLI,10,49,10,575.00,"5,750.00"
2021-01-26,2021012605000079,PLI,10,58,10,575.00,"5,750.00"
2021-01-26,2021012605000090,PLI,10,52,10,575.00,"5,750.00"
2021-01-26,2021012605000089,PLI,10,32,10,575.00,"5,750.00"
2021-01-26,2021012605000088,PLI,10,28,10,575.00,"5,750.00"
2021-01-26,2021012605000087,PLI,10,28,10,575.00,"5,750.00"
2021-01-26,2021012605000086,PLI,10,40,10,575.00,"5,750.00"
2021-01-26,2021012605000085,PLI,10,28,10,575.00,"5,750.00"
2021-01-26,2021012605000096,PLI,10,52,10,575.00,"5,750.00"
2021-01-26,2021012605000095,PLI,58,58,1,575.00,575.00
2021-01-26,2021012605000094,PLI,10,32,10,575.00,"5,750.00"
2021-01-26,2021012605000093,PLI,10,58,10,575.00,"5,750.00"
2021-01-26,2021012605000092,PLI,10,8,10,575.00,"5,750.00"
2021-01-26,2021012605000091,PLI,10,22,10,575.00,"5,750.00"
2021-01-26,2021012605000102,PLI,10,20,10,575.00,"5,750.00"
2021-01-26,2021012605000101,PLI,10,20,10,575.00,"5,750.00"
2021-01-26,2021012605000100,PLI,10,41,10,575.00,"5,750.00"
2021-01-26,2021012605000099,PLI,10,52,10,575.00,"5,750.00"
2021-01-26,2021012605000098,PLI,10,57,10,575.00,"5,750.00"
2021-01-26,2021012605000097,PLI,10,52,10,575.00,"5,750.00"
2021-01-26,2021012605000108,PLI,10,58,10,575.00,"5,750.00"
2021-01-26,2021012605000107,PLI,10,34,10,575.00,"5,750.00"
2021-01-26,2021012605000106,PLI,10,52,10,575.00,"5,750.00"
2021-01-26,2021012605000105,PLI,10,59,10,575.00,"5,750.00"
2021-01-26,2021012605000104,PLI,10,59,10,575.00,"5,750.00"
2021-01-26,2021012605000103,PLI,10,52,10,575.00,"5,750.00"
2021-01-26,2021012605000114,PLI,10,52,10,575.00,"5,750.00"
2021-01-26,2021012605000113,PLI,10,52,10,575.00,"5,750.00"
2021-01-26,2021012605000112,PLI,10,21,10,575.00,"5,750.00"
2021-01-26,2021012605000111,PLI,10,52,10,575.00,"5,750.00"
2021-01-26,2021012605000110,PLI,10,34,10,575.00,"5,750.00"
2021-01-26,2021012605000109,PLI,10,52,10,575.00,"5,750.00"
2021-01-26,2021012605000120,PLI,10,21,10,575.00,"5,750.00"
2021-01-26,2021012605000119,PLI,10,38,10,575.00,"5,750.00"
2021-01-26,2021012605000118,PLI,10,52,10,575.00,"5,750.00"
2021-01-26,2021012605000117,PLI,10,6,10,575.00,"5,750.00"
2021-01-26,2021012605000116,PLI,10,21,10,575.00,"5,750.00"
2021-01-26,2021012605000115,PLI,10,21,10,575.00,"5,750.00"
2021-01-26,2021012605000126,PLI,10,52,10,575.00,"5,750.00"
2021-01-26,2021012605000125,PLI,10,41,10,575.00,"5,750.00"
2021-01-26,2021012605000124,PLI,10,41,10,575.00,"5,750.00"
2021-01-26,2021012605000123,PLI,10,47,10,575.00,"5,750.00"
2021-01-26,2021012605000122,PLI,10,36,10,575.00,"5,750.00"
2021-01-26,2021012605000121,PLI,10,52,10,575.00,"5,750.00"
2021-01-26,2021012605000132,PLI,10,59,10,575.00,"5,750.00"
2021-01-26,2021012605000131,PLI,10,6,10,575.00,"5,750.00"
2021-01-26,2021012605000130,PLI,10,38,10,575.00,"5,750.00"
2021-01-26,2021012605000129,PLI,10,6,10,575.00,"5,750.00"
2021-01-26,2021012605000128,PLI,10,8,10,575.00,"5,750.00"
2021-01-26,2021012605000127,PLI,10,21,10,575.00,"5,750.00"
2021-01-26,2021012605000138,PLI,10,45,10,575.00,"5,750.00"
2021-01-26,2021012605000137,PLI,10,52,10,575.00,"5,750.00"
2021-01-26,2021012605000136,PLI,10,53,10,575.00,"5,750.00"
2021-01-26,2021012605000135,PLI,10,57,10,575.00,"5,750.00"
2021-01-26,2021012605000134,PLI,10,52,10,575.00,"5,750.00"
2021-01-26,2021012605000133,PLI,10,51,10,575.00,"5,750.00"
2021-01-26,2021012605000144,PLI,10,55,10,575.00,"5,750.00"
2021-01-26,2021012605000143,PLI,10,4,10,575.00,"5,750.00"
2021-01-26,2021012605000142,PLI,10,38,10,575.00,"5,750.00"
2021-01-26,2021012605000141,PLI,10,42,10,575.00,"5,750.00"
2021-01-26,2021012605000140,PLI,10,48,10,575.00,"5,750.00"
2021-01-26,2021012605000139,PLI,10,48,10,575.00,"5,750.00"
2021-01-26,2021012605000150,PLI,10,6,10,575.00,"5,750.00"
2021-01-26,2021012605000149,PLI,10,55,10,575.00,"5,750.00"
2021-01-26,2021012605000148,PLI,10,48,10,575.00,"5,750.00"
2021-01-26,2021012605000147,PLI,10,17,10,575.00,"5,750.00"
2021-01-26,2021012605000146,PLI,10,56,10,575.00,"5,750.00"
2021-01-26,2021012605000145,PLI,10,19,10,575.00,"5,750.00"
2021-01-26,2021012604017882,PPCL,14,50,450,234.00,"105,300.00"
2021-01-26,2021012604017881,PPCL,14,45,30,234.00,"7,020.00"
2021-01-26,2021012604017880,PPCL,14,13,300,233.00,"69,900.00"
2021-01-26,2021012604017879,PPCL,14,22,200,232.00,"46,400.00"
2021-01-26,2021012604017878,PPCL,14,32,10,232.00,"2,320.00"
2021-01-26,2021012604017877,PPCL,14,49,10,231.00,"2,310.00"
2021-01-26,2021012604017798,PPCL,16,21,"1,100",230.00,"253,000.00"
2021-01-26,2021012604017803,PRIN,19,3,200,865.00,"173,000.00"
2021-01-26,2021012604017802,PRIN,34,3,300,865.00,"259,500.00"
2021-01-26,2021012604017800,PRIN,1,50,11,866.00,"9,526.00"
2021-01-26,2021012604017761,PRIN,10,8,150,868.00,"130,200.00"
2021-01-26,2021012604017760,PRIN,1,6,489,866.00,"423,474.00"
2021-01-26,2021012604017759,PRIN,22,6,11,866.00,"9,526.00"
2021-01-26,2021012604017931,RADHI,47,57,89,300.00,"26,700.00"
2021-01-26,2021012604017930,RADHI,47,51,11,300.00,"3,300.00"
2021-01-26,2021012604017944,RHPC,57,37,24,179.00,"4,296.00"
2021-01-26,2021012604017856,RHPC,34,41,20,181.00,"3,620.00"
2021-01-26,2021012604017957,RHPL,50,52,100,380.00,"38,000.00"
2021-01-26,2021012604017822,RHPL,20,52,462,380.00,"175,560.00"
2021-01-26,2021012604017821,RHPL,20,16,38,380.00,"14,440.00"
2021-01-26,2021012604017766,RHPL,57,16,25,380.00,"9,500.00"
2021-01-26,2021012604017705,RHPL,54,8,100,379.00,"37,900.00"
2021-01-26,2021012604017686,RHPL,54,43,90,379.00,"34,110.00"
2021-01-26,2021012604017685,RHPL,45,43,400,379.00,"151,600.00"
2021-01-26,2021012604017684,RHPL,21,43,90,379.00,"34,110.00"
2021-01-26,2021012604017630,RHPL,33,16,57,380.00,"21,660.00"
2021-01-26,2021012604017868,RRHP,36,55,50,306.00,"15,300.00"
2021-01-26,2021012604017867,RRHP,36,29,500,306.00,"153,000.00"
2021-01-26,2021012604017866,RRHP,36,45,300,305.00,"91,500.00"
2021-01-26,2021012604017825,RRHP,36,32,10,300.00,"3,000.00"
2021-01-26,2021012604017743,RRHP,36,29,200,305.00,"61,000.00"
2021-01-26,2021012604017917,SGI,5,4,10,635.00,"6,350.00"
2021-01-26,2021012604017816,SGI,5,33,100,634.00,"63,400.00"
2021-01-26,2021012604017741,SGI,38,14,10,632.00,"6,320.00"
2021-01-26,2021012604017728,SGI,19,4,100,635.00,"63,500.00"
2021-01-26,2021012604017954,SHPC,29,16,600,335.00,"201,000.00"
2021-01-26,2021012604017953,SHPC,49,16,400,335.00,"134,000.00"
2021-01-26,2021012604017804,SHPC,49,29,100,335.00,"33,500.00"
2021-01-26,2021012604017742,SHPC,49,45,500,336.00,"168,000.00"
2021-01-26,2021012604017859,SIC,4,33,80,"1,209.00","96,720.00"
2021-01-26,2021012604017858,SIC,4,58,20,"1,209.00","24,180.00"
2021-01-26,2021012604017799,SIC,45,58,40,"1,209.00","48,360.00"
2021-01-26,2021012604017730,SIC,55,56,10,"1,209.00","12,090.00"
2021-01-26,2021012604017729,SIC,10,56,50,"1,209.00","60,450.00"
2021-01-26,2021012604017701,SIC,26,33,100,"1,210.00","121,000.00"
2021-01-26,2021012604017700,SIC,6,33,100,"1,210.00","121,000.00"
2021-01-26,2021012604017699,SIC,13,33,50,"1,210.00","60,500.00"
2021-01-26,2021012604017698,SIC,58,33,100,"1,210.00","121,000.00"
2021-01-26,2021012604017697,SIC,18,33,88,"1,210.00","106,480.00"
2021-01-26,2021012604017936,SICL,36,46,15,"2,210.00","33,150.00"
2021-01-26,2021012604017935,SICL,36,45,35,"2,210.00","77,350.00"
2021-01-26,2021012604017919,SICL,50,45,15,"2,210.00","33,150.00"
2021-01-26,2021012604017918,SICL,50,5,85,"2,210.00","187,850.00"
2021-01-26,2021012604017906,SICL,59,5,15,"2,210.00","33,150.00"
2021-01-26,2021012604017905,SICL,59,11,23,"2,210.00","50,830.00"
2021-01-26,2021012604017628,SICL,4,53,155,"2,202.00","341,310.00"
2021-01-26,2021012604017681,SICL,4,57,122,"2,202.00","268,644.00"
2021-01-26,2021012604017680,SICL,4,58,80,"2,202.00","176,160.00"
2021-01-26,2021012604017679,SICL,4,58,20,"2,203.00","44,060.00"
2021-01-26,2021012604017678,SICL,56,34,50,"2,205.00","110,250.00"
2021-01-26,2021012604017673,SICL,56,5,50,"2,205.00","110,250.00"
2021-01-26,2021012604017672,SICL,56,32,100,"2,205.00","220,500.00"
2021-01-26,2021012604017750,SICL,57,34,300,"2,208.00","662,400.00"
2021-01-26,2021012604017749,SICL,57,50,47,"2,208.00","103,776.00"
2021-01-26,2021012604017748,SICL,57,57,10,"2,205.00","22,050.00"
2021-01-26,2021012604017731,SICL,41,13,27,"2,204.00","59,508.00"
2021-01-26,2021012604017707,SICL,41,34,50,"2,204.00","110,200.00"
2021-01-26,2021012604017682,SICL,45,57,18,"2,202.00","39,636.00"
2021-01-26,2021012604017811,SICL,43,45,100,"2,210.00","221,000.00"
2021-01-26,2021012604017775,SICL,57,57,100,"2,208.00","220,800.00"
2021-01-26,2021012604017774,SICL,7,7,95,"2,209.00","209,855.00"
2021-01-26,2021012604017773,SICL,7,55,30,"2,209.00","66,270.00"
2021-01-26,2021012604017772,SICL,7,52,100,"2,209.00","220,900.00"
2021-01-26,2021012604017769,SICL,57,45,10,"2,208.00","22,080.00"
2021-01-26,2021012604017846,SICL,57,14,448,"2,208.00","989,184.00"
2021-01-26,2021012604017845,SICL,57,1,85,"2,208.00","187,680.00"
2021-01-26,2021012604017844,SICL,56,1,15,"2,209.00","33,135.00"
2021-01-26,2021012604017832,SICL,48,47,90,"2,210.00","198,900.00"
2021-01-26,2021012604017831,SICL,48,17,10,"2,210.00","22,100.00"
2021-01-26,2021012604017812,SICL,43,17,100,"2,210.00","221,000.00"
2021-01-26,2021012604017904,SICL,59,48,50,"2,210.00","110,500.00"
2021-01-26,2021012604017903,SICL,59,47,12,"2,210.00","26,520.00"
2021-01-26,2021012604017897,SICL,59,47,200,"2,210.00","442,000.00"
2021-01-26,2021012604017865,SICL,38,47,50,"2,210.00","110,500.00"
2021-01-26,2021012604017848,SICL,58,47,148,"2,210.00","327,080.00"
2021-01-26,2021012604017847,SICL,58,14,52,"2,208.00","114,816.00"
2021-01-26,2021012604017891,SIL,44,34,24,"1,092.00","26,208.00"
2021-01-26,2021012604017890,SIL,44,38,30,"1,091.00","32,730.00"
2021-01-26,2021012604017889,SIL,44,28,50,"1,091.00","54,550.00"
2021-01-26,2021012604017888,SIL,44,43,100,"1,090.00","109,000.00"
2021-01-26,2021012604017887,SIL,44,35,100,"1,090.00","109,000.00"
2021-01-26,2021012604017886,SIL,44,22,500,"1,090.00","545,000.00"
2021-01-26,2021012604017735,SIL,44,33,200,"1,080.00","216,000.00"
2021-01-26,2021012604017734,SIL,44,40,100,"1,080.00","108,000.00"
2021-01-26,2021012604017733,SIL,44,33,100,"1,079.00","107,900.00"
2021-01-26,2021012604017732,SIL,44,40,50,"1,078.00","53,900.00"
2021-01-26,2021012604017715,SIL,43,40,50,"1,078.00","53,900.00"
2021-01-26,2021012604017683,SIL,44,33,147,"1,078.00","158,466.00"
2021-01-26,2021012604017837,SIL,44,40,100,"1,086.00","108,600.00"
2021-01-26,2021012604017836,SIL,44,52,50,"1,077.00","53,850.00"
2021-01-26,2021012604017739,SIL,44,28,95,"1,085.00","103,075.00"
2021-01-26,2021012604017738,SIL,44,47,150,"1,085.00","162,750.00"
2021-01-26,2021012604017737,SIL,44,48,155,"1,085.00","168,175.00"
2021-01-26,2021012604017736,SIL,44,33,150,"1,084.00","162,600.00"
2021-01-26,2021012604017885,SIL,44,3,544,"1,090.00","592,960.00"
2021-01-26,2021012604017884,SIL,44,40,152,"1,090.00","165,680.00"
2021-01-26,2021012604017841,SIL,44,40,348,"1,090.00","379,320.00"
2021-01-26,2021012604017840,SIL,44,40,100,"1,090.00","109,000.00"
2021-01-26,2021012604017839,SIL,44,13,500,"1,089.00","544,500.00"
2021-01-26,2021012604017838,SIL,44,46,102,"1,087.00","110,874.00"
2021-01-26,2021012604017912,SJCL,49,43,100,311.00,"31,100.00"
2021-01-26,2021012604017873,SJCL,13,43,20,313.00,"6,260.00"
2021-01-26,2021012604017820,SJCL,13,57,480,313.00,"150,240.00"
2021-01-26,2021012604017807,SJCL,42,43,180,311.00,"55,980.00"
2021-01-26,2021012604017806,SJCL,11,43,200,311.00,"62,200.00"
2021-01-26,2021012604017805,SJCL,57,43,80,311.00,"24,880.00"
2021-01-26,2021012604017767,SJCL,49,43,100,312.00,"31,200.00"
2021-01-26,2021012604017703,SJCL,57,6,20,311.00,"6,220.00"
2021-01-26,2021012604017674,SJCL,21,41,100,312.00,"31,200.00"
2021-01-26,2021012604017955,SPDL,48,57,"3,990",235.00,"937,650.00"
2021-01-26,2021012604017924,SPDL,1,38,100,236.00,"23,600.00"
2021-01-26,2021012604017923,SPDL,1,45,900,236.00,"212,400.00"
2021-01-26,2021012604017909,SSHL,39,57,"1,710",173.00,"295,830.00"
2021-01-26,2021012604017770,SSHL,45,42,40,174.00,"6,960.00"
2021-01-26,2021012604017758,SSHL,39,57,560,173.00,"96,880.00"
2021-01-26,2021012604017757,SSHL,59,57,500,173.00,"86,500.00"
2021-01-26,2021012604017756,SSHL,11,57,500,173.00,"86,500.00"
2021-01-26,2021012604017755,SSHL,6,57,50,173.00,"8,650.00"
2021-01-26,2021012604017754,SSHL,17,57,380,173.00,"65,740.00"
2021-01-26,2021012604017753,SSHL,3,57,"2,000",173.00,"346,000.00"
2021-01-26,2021012604017752,SSHL,13,57,"1,010",173.00,"174,730.00"
2021-01-26,2021012604017969,UIC,25,35,"2,300",593.00,"1,363,900.00"
2021-01-26,2021012604017968,UIC,25,51,30,593.00,"17,790.00"
2021-01-26,2021012604017967,UIC,25,38,418,593.00,"247,874.00"
2021-01-26,2021012604017966,UIC,25,29,100,592.00,"59,200.00"
2021-01-26,2021012604017965,UIC,25,3,500,592.00,"296,000.00"
2021-01-26,2021012604017964,UIC,25,56,10,592.00,"5,920.00"
2021-01-26,2021012604017777,UIC,56,51,90,589.00,"53,010.00"
2021-01-26,2021012604017693,UIC,57,49,150,590.00,"88,500.00"
2021-01-26,2021012604017893,UIC,25,22,580,588.00,"341,040.00"
2021-01-26,2021012604017883,UIC,25,41,850,588.00,"499,800.00"
2021-01-26,2021012604017861,UIC,25,40,200,588.00,"117,600.00"
2021-01-26,2021012604017818,UIC,44,49,200,590.00,"118,000.00"
2021-01-26,2021012604017809,UIC,47,49,10,590.00,"5,900.00"
2021-01-26,2021012604017778,UIC,56,49,110,590.00,"64,900.00"
2021-01-26,2021012604017963,UIC,25,16,200,591.00,"118,200.00"
2021-01-26,2021012604017962,UIC,25,46,900,591.00,"531,900.00"
2021-01-26,2021012604017961,UIC,25,19,110,590.00,"64,900.00"
2021-01-26,2021012604017960,UIC,25,56,300,590.00,"177,000.00"
2021-01-26,2021012604017959,UIC,25,49,995,590.00,"587,050.00"
2021-01-26,2021012604017899,UIC,25,46,900,588.00,"529,200.00"
2021-01-26,2021012604017786,UMHL,22,35,22,170.00,"3,740.00"
2021-01-26,2021012604017785,UMHL,22,19,200,170.00,"34,000.00"
2021-01-26,2021012604017784,UMHL,22,43,10,170.00,"1,700.00"
2021-01-26,2021012604017726,UMHL,44,25,"1,000",169.00,"169,000.00"
2021-01-26,2021012604017655,UMHL,49,35,500,170.00,"85,000.00"
2021-01-26,2021012604017783,UMHL,22,58,45,170.00,"7,650.00"
2021-01-26,2021012604017782,UMHL,22,11,113,170.00,"19,210.00"
2021-01-26,2021012604017781,UMHL,22,59,96,170.00,"16,320.00"
2021-01-26,2021012604017780,UMHL,22,37,14,170.00,"2,380.00"
2021-01-26,2021012604017779,UMHL,22,35,"1,500",170.00,"255,000.00"
2021-01-26,2021012604017854,UNHPL,59,42,100,117.00,"11,700.00"
2021-01-26,2021012604017922,UPCL,16,44,100,140.00,"14,000.00"
2021-01-26,2021012604017925,UPPER,57,57,500,497.00,"248,500.00"
2021-01-26,2021012604017902,UPPER,55,57,139,497.00,"69,083.00"
2021-01-26,2021012604017872,UPPER,55,57,139,497.00,"69,083.00"
2021-01-26,2021012604017871,UPPER,11,57,10,498.00,"4,980.00"
2021-01-26,2021012604017869,UPPER,1,56,50,500.00,"25,000.00"
2021-01-26,2021012604017810,UPPER,43,29,805,498.00,"400,890.00"
2021-01-26,2021012604017661,UPPER,19,22,100,496.00,"49,600.00"
2021-01-26,2021012604017660,UPPER,42,22,100,496.00,"49,600.00"
2021-01-26,2021012604017659,UPPER,43,22,300,496.00,"148,800.00"
2021-01-26,2021012604017658,UPPER,50,22,50,497.00,"24,850.00"
2021-01-26,2021012604017657,UPPER,58,22,10,497.00,"4,970.00"
2021-01-26,2021012604017634,UPPER,39,29,300,498.00,"149,400.00"
2021-01-26,2021012604017667,UPPER,44,22,100,496.00,"49,600.00"
2021-01-26,2021012604017666,UPPER,49,22,60,496.00,"29,760.00"
2021-01-26,2021012604017665,UPPER,38,22,200,496.00,"99,200.00"
2021-01-26,2021012604017664,UPPER,29,22,500,496.00,"248,000.00"
2021-01-26,2021012604017663,UPPER,32,22,200,496.00,"99,200.00"
2021-01-26,2021012604017662,UPPER,28,22,10,496.00,"4,960.00"
2021-01-26,2021012604017695,UPPER,51,29,32,498.00,"15,936.00"
2021-01-26,2021012604017670,UPPER,11,22,20,495.00,"9,900.00"
2021-01-26,2021012604017669,UPPER,43,22,150,495.00,"74,250.00"
2021-01-26,2021012604017668,UPPER,28,22,200,495.00,"99,000.00"
2021-01-26,2021012604017609,AHPC,8,56,400,249.00,"99,600.00"
2021-01-26,2021012604017608,AHPC,39,56,500,249.00,"124,500.00"
2021-01-26,2021012604017607,AHPC,45,56,100,249.00,"24,900.00"
2021-01-26,2021012604017606,AHPC,13,56,500,249.00,"124,500.00"
2021-01-26,2021012604017582,AHPC,44,42,250,250.00,"62,500.00"
2021-01-26,2021012604017524,AHPC,44,56,250,250.00,"62,500.00"
2021-01-26,2021012604017523,AHPC,49,56,500,250.00,"125,000.00"
2021-01-26,2021012604017522,AHPC,32,56,250,250.00,"62,500.00"
2021-01-26,2021012604017521,AHPC,41,56,"1,000",250.00,"250,000.00"
2021-01-26,2021012604017577,AIL,29,49,100,689.00,"68,900.00"
2021-01-26,2021012604017490,AKJCL,55,17,10,141.00,"1,410.00"
2021-01-26,2021012604017481,AKPL,7,59,763,296.00,"225,848.00"
2021-01-26,2021012604017480,AKPL,43,59,200,296.00,"59,200.00"
2021-01-26,2021012604017479,AKPL,42,59,67,296.00,"19,832.00"
2021-01-26,2021012604017478,AKPL,10,59,500,296.00,"148,000.00"
2021-01-26,2021012604017477,AKPL,26,59,500,296.00,"148,000.00"
2021-01-26,2021012604017476,AKPL,49,59,880,296.00,"260,480.00"
2021-01-26,2021012604017270,AKPL,48,33,80,296.00,"23,680.00"
2021-01-26,2021012604017127,AKPL,35,4,27,297.00,"8,019.00"
2021-01-26,2021012604017276,AKPL,58,33,10,296.00,"2,960.00"
2021-01-26,2021012604017275,AKPL,28,33,100,296.00,"29,600.00"
2021-01-26,2021012604017274,AKPL,21,33,10,296.00,"2,960.00"
2021-01-26,2021012604017273,AKPL,36,33,500,296.00,"148,000.00"
2021-01-26,2021012604017272,AKPL,56,33,100,296.00,"29,600.00"
2021-01-26,2021012604017271,AKPL,55,33,100,296.00,"29,600.00"
2021-01-26,2021012604017470,AKPL,49,41,120,296.00,"35,520.00"
2021-01-26,2021012604017469,AKPL,49,41,880,296.00,"260,480.00"
2021-01-26,2021012604017338,AKPL,49,3,20,296.00,"5,920.00"
2021-01-26,2021012604017301,AKPL,47,59,90,298.00,"26,820.00"
2021-01-26,2021012604017300,AKPL,47,13,410,298.00,"122,180.00"
2021-01-26,2021012604017277,AKPL,49,33,100,296.00,"29,600.00"
2021-01-26,2021012604017576,API,28,51,50,287.00,"14,350.00"
2021-01-26,2021012604017575,API,28,52,150,287.00,"43,050.00"
2021-01-26,2021012604017574,API,28,49,90,287.00,"25,830.00"
2021-01-26,2021012604017573,API,28,45,696,287.00,"199,752.00"
2021-01-26,2021012604017562,API,59,56,828,284.00,"235,152.00"
2021-01-26,2021012604017561,API,44,56,400,284.00,"113,600.00"
2021-01-26,2021012604017147,API,49,45,80,285.00,"22,800.00"
2021-01-26,2021012604017146,API,45,45,20,285.00,"5,700.00"
2021-01-26,2021012604017145,API,22,45,100,285.00,"28,500.00"
2021-01-26,2021012604017134,API,35,45,254,287.00,"72,898.00"
2021-01-26,2021012604017133,API,35,33,596,287.00,"171,052.00"
2021-01-26,2021012604017132,API,35,35,150,286.00,"42,900.00"
2021-01-26,2021012604017153,API,50,49,500,285.00,"142,500.00"
2021-01-26,2021012604017152,API,36,49,20,285.00,"5,700.00"
2021-01-26,2021012604017151,API,59,49,"1,000",285.00,"285,000.00"
2021-01-26,2021012604017150,API,38,49,50,285.00,"14,250.00"
2021-01-26,2021012604017149,API,48,49,300,285.00,"85,500.00"
2021-01-26,2021012604017148,API,49,49,20,285.00,"5,700.00"
2021-01-26,2021012604017347,API,45,17,200,286.00,"57,200.00"
2021-01-26,2021012604017346,API,54,17,100,286.00,"28,600.00"
2021-01-26,2021012604017220,API,53,42,200,285.00,"57,000.00"
2021-01-26,2021012604017204,API,56,45,50,287.00,"14,350.00"
2021-01-26,2021012604017155,API,53,49,60,285.00,"17,100.00"
2021-01-26,2021012604017154,API,22,49,50,285.00,"14,250.00"
2021-01-26,2021012604017353,API,41,17,500,285.00,"142,500.00"
2021-01-26,2021012604017352,API,41,17,100,285.00,"28,500.00"
2021-01-26,2021012604017351,API,5,17,500,285.00,"142,500.00"
2021-01-26,2021012604017350,API,52,17,50,285.00,"14,250.00"
2021-01-26,2021012604017349,API,45,17,"1,000",285.00,"285,000.00"
2021-01-26,2021012604017348,API,53,17,240,285.00,"68,400.00"
2021-01-26,2021012604017378,API,58,17,10,285.00,"2,850.00"
2021-01-26,2021012604017377,API,16,17,100,285.00,"28,500.00"
2021-01-26,2021012604017376,API,7,17,"1,000",285.00,"285,000.00"
2021-01-26,2021012604017375,API,7,17,500,285.00,"142,500.00"
2021-01-26,2021012604017374,API,44,17,763,285.00,"217,455.00"
2021-01-26,2021012604017354,API,44,17,237,285.00,"67,545.00"
2021-01-26,2021012604017554,API,57,56,400,285.00,"114,000.00"
2021-01-26,2021012604017553,API,59,56,372,285.00,"106,020.00"
2021-01-26,2021012604017506,API,59,45,330,285.00,"94,050.00"
2021-01-26,2021012604017505,API,38,45,70,286.00,"20,020.00"
2021-01-26,2021012604017380,API,59,17,298,285.00,"84,930.00"
2021-01-26,2021012604017379,API,57,17,100,285.00,"28,500.00"
2021-01-26,2021012604017560,API,28,56,100,284.00,"28,400.00"
2021-01-26,2021012604017559,API,44,56,200,285.00,"57,000.00"
2021-01-26,2021012604017558,API,26,56,200,285.00,"57,000.00"
2021-01-26,2021012604017557,API,11,56,50,285.00,"14,250.00"
2021-01-26,2021012604017556,API,22,56,400,285.00,"114,000.00"
2021-01-26,2021012604017555,API,52,56,50,285.00,"14,250.00"
2021-01-26,2021012604017406,BARUN,13,46,100,238.00,"23,800.00"
2021-01-26,2021012604017405,BARUN,49,46,19,238.00,"4,522.00"
2021-01-26,2021012604017342,BARUN,49,43,981,238.00,"233,478.00"
2021-01-26,2021012604017341,BARUN,49,43,"1,500",238.00,"357,000.00"
2021-01-26,2021012604017340,BARUN,45,43,500,238.00,"119,000.00"
2021-01-26,2021012604017339,BARUN,45,43,19,238.00,"4,522.00"
2021-01-26,2021012604017233,BARUN,45,14,300,238.00,"71,400.00"
2021-01-26,2021012604017135,BARUN,45,14,200,238.00,"47,600.00"
2021-01-26,2021012604017552,BPCL,28,21,150,404.00,"60,600.00"
2021-01-26,2021012604017143,BPCL,8,56,30,405.00,"12,150.00"
2021-01-26,2021012604017330,BPCL,32,32,61,405.00,"24,705.00"
2021-01-26,2021012604017144,BPCL,8,32,370,405.00,"149,850.00"
2021-01-26,2021012604017356,BPCL,58,59,20,405.00,"8,100.00"
2021-01-26,2021012604017332,BPCL,32,59,27,405.00,"10,935.00"
2021-01-26,2021012604017331,BPCL,32,37,12,405.00,"4,860.00"
2021-01-26,2021012604017621,CHCL,1,21,150,588.00,"88,200.00"
2021-01-26,2021012604017412,CHCL,16,4,"1,596",589.00,"940,044.00"
2021-01-26,2021012604017316,CHCL,43,56,73,586.00,"42,778.00"
2021-01-26,2021012604017315,CHCL,19,56,"1,000",586.00,"586,000.00"
2021-01-26,2021012604017314,CHCL,14,56,100,586.00,"58,600.00"
2021-01-26,2021012604017313,CHCL,52,56,50,586.00,"29,300.00"
2021-01-26,2021012604017312,CHCL,25,56,200,586.00,"117,200.00"
2021-01-26,2021012604017311,CHCL,45,56,100,586.00,"58,600.00"
2021-01-26,2021012604017310,CHCL,57,56,50,586.00,"29,300.00"
2021-01-26,2021012604017309,CHCL,11,56,427,586.00,"250,222.00"
2021-01-26,2021012604017213,CHCL,11,55,100,586.00,"58,600.00"
2021-01-26,2021012604017618,CHL,42,49,75,171.00,"12,825.00"
2021-01-26,2021012604017265,DHPL,51,22,10,117.00,"1,170.00"
2021-01-26,2021012604017264,DHPL,51,58,10,117.00,"1,170.00"
2021-01-26,2021012604017263,DHPL,51,1,30,117.00,"3,510.00"
2021-01-26,2021012604017620,EIC,21,32,60,660.00,"39,600.00"
2021-01-26,2021012604017619,EIC,54,32,40,660.00,"26,400.00"
2021-01-26,2021012604017532,EIC,52,55,100,660.00,"66,000.00"
2021-01-26,2021012604017531,EIC,21,55,14,660.00,"9,240.00"
2021-01-26,2021012604017530,EIC,37,55,46,660.00,"30,360.00"
2021-01-26,2021012604017529,EIC,56,55,60,660.00,"39,600.00"
2021-01-26,2021012604017528,EIC,42,55,30,661.00,"19,830.00"
2021-01-26,2021012604017504,EIC,42,57,170,661.00,"112,370.00"
2021-01-26,2021012604017457,EIC,52,57,75,661.00,"49,575.00"
2021-01-26,2021012604017456,EIC,11,57,30,661.00,"19,830.00"
2021-01-26,2021012604017455,EIC,59,57,25,661.00,"16,525.00"
2021-01-26,2021012604017612,GIC,38,13,240,630.00,"151,200.00"
2021-01-26,2021012604017611,GIC,38,28,160,630.00,"100,800.00"
2021-01-26,2021012604017610,GIC,38,45,100,629.00,"62,900.00"
2021-01-26,2021012604017599,GIC,38,29,250,629.00,"157,250.00"
2021-01-26,2021012604017401,GIC,58,49,20,628.00,"12,560.00"
2021-01-26,2021012604017370,GIC,41,49,10,628.00,"6,280.00"
2021-01-26,2021012604017254,GIC,36,26,10,627.00,"6,270.00"
2021-01-26,2021012604017489,GIC,10,59,20,629.00,"12,580.00"
2021-01-26,2021012604017446,GIC,10,46,50,629.00,"31,450.00"
2021-01-26,2021012604017445,GIC,10,34,200,629.00,"125,800.00"
2021-01-26,2021012604017444,GIC,10,22,183,629.00,"115,107.00"
2021-01-26,2021012604017443,GIC,10,49,80,628.00,"50,240.00"
2021-01-26,2021012604017305,HDHPC,45,58,10,137.00,"1,370.00"
2021-01-26,2021012604017279,HDHPC,45,57,100,137.00,"13,700.00"
2021-01-26,2021012604017172,HDHPC,45,42,380,137.00,"52,060.00"
2021-01-26,2021012604017615,HGI,58,48,100,680.00,"68,000.00"
2021-01-26,2021012604017614,HGI,58,26,100,679.00,"67,900.00"
2021-01-26,2021012604017568,HGI,57,48,100,680.00,"68,000.00"
2021-01-26,2021012604017546,HGI,17,48,25,680.00,"17,000.00"
2021-01-26,2021012604017545,HGI,42,48,200,680.00,"136,000.00"
2021-01-26,2021012604017259,HGI,41,48,660,680.00,"448,800.00"
2021-01-26,2021012604017566,HPPL,54,42,10,297.00,"2,970.00"
2021-01-26,2021012604017514,HPPL,54,52,100,297.00,"29,700.00"
2021-01-26,2021012604017361,HPPL,17,34,10,298.00,"2,980.00"
2021-01-26,2021012604017360,HPPL,41,34,290,298.00,"86,420.00"
2021-01-26,2021012604017567,HURJA,35,49,20,208.00,"4,160.00"
2021-01-26,2021012604017626,IGI,42,19,20,"1,042.00","20,840.00"
2021-01-26,2021012604017542,IGI,42,42,100,"1,042.00","104,200.00"
2021-01-26,2021012604017285,IGI,42,42,490,"1,034.00","506,660.00"
2021-01-26,2021012604017284,IGI,42,21,50,"1,034.00","51,700.00"
2021-01-26,2021012604017291,IGI,42,17,200,"1,036.00","207,200.00"
2021-01-26,2021012604017290,IGI,42,39,267,"1,036.00","276,612.00"
2021-01-26,2021012604017289,IGI,42,45,"1,000","1,035.00","1,035,000.00"
2021-01-26,2021012604017288,IGI,42,35,100,"1,035.00","103,500.00"
2021-01-26,2021012604017287,IGI,42,42,200,"1,035.00","207,000.00"
2021-01-26,2021012604017286,IGI,42,4,162,"1,035.00","167,670.00"
2021-01-26,2021012604017293,IGI,42,35,531,"1,036.00","550,116.00"
2021-01-26,2021012604017292,IGI,42,35,"3,000","1,036.00","3,108,000.00"
2021-01-26,2021012604017458,IGI,42,53,50,"1,030.00","51,500.00"
2021-01-26,2021012604017464,IGI,42,58,100,"1,041.00","104,100.00"
2021-01-26,2021012604017463,IGI,42,52,137,"1,040.00","142,480.00"
2021-01-26,2021012604017462,IGI,42,14,100,"1,040.00","104,000.00"
2021-01-26,2021012604017461,IGI,42,35,"1,000","1,036.00","1,036,000.00"
2021-01-26,2021012604017460,IGI,42,35,"4,000","1,036.00","4,144,000.00"
2021-01-26,2021012604017459,IGI,42,35,979,"1,036.00","1,014,244.00"
2021-01-26,2021012604017513,IGI,42,4,"1,000","1,042.00","1,042,000.00"
2021-01-26,2021012604017467,IGI,42,55,500,"1,042.00","521,000.00"
2021-01-26,2021012604017466,IGI,42,6,500,"1,042.00","521,000.00"
2021-01-26,2021012604017465,IGI,42,50,200,"1,042.00","208,400.00"
2021-01-26,2021012604017541,IGI,42,4,"1,000","1,042.00","1,042,000.00"
2021-01-26,2021012604017419,JOSHI,6,22,150,120.00,"18,000.00"
2021-01-26,2021012604017418,JOSHI,52,22,30,120.00,"3,600.00"
2021-01-26,2021012604017417,JOSHI,6,22,100,120.00,"12,000.00"
2021-01-26,2021012604017416,JOSHI,57,22,30,120.00,"3,600.00"
2021-01-26,2021012604017415,JOSHI,38,22,500,120.00,"60,000.00"
2021-01-26,2021012604017414,JOSHI,22,22,30,120.00,"3,600.00"
2021-01-26,2021012604017468,KKHC,22,35,50,117.00,"5,850.00"
2021-01-26,2021012604017454,KKHC,34,35,50,117.00,"5,850.00"
2021-01-26,2021012604017453,KKHC,49,35,10,117.00,"1,170.00"
2021-01-26,2021012604017452,KKHC,36,35,150,117.00,"17,550.00"
2021-01-26,2021012604017295,KPCL,47,49,66,214.00,"14,124.00"
2021-01-26,2021012604017201,LEC,46,29,10,236.00,"2,360.00"
2021-01-26,2021012604017200,LEC,46,59,10,236.00,"2,360.00"
2021-01-26,2021012604017199,LEC,46,43,20,236.00,"4,720.00"
2021-01-26,2021012604017198,LEC,46,8,500,235.00,"117,500.00"
2021-01-26,2021012604017197,LEC,46,11,20,235.00,"4,700.00"
2021-01-26,2021012604017196,LEC,46,58,200,235.00,"47,000.00"
2021-01-26,2021012604017189,LEC,46,57,20,233.00,"4,660.00"
2021-01-26,2021012604017188,LEC,46,20,"1,519",233.00,"353,927.00"
2021-01-26,2021012604017187,LEC,46,49,168,233.00,"39,144.00"
2021-01-26,2021012604017195,LEC,46,56,"1,300",235.00,"305,500.00"
2021-01-26,2021012604017194,LEC,46,57,20,234.00,"4,680.00"
2021-01-26,2021012604017193,LEC,46,42,10,234.00,"2,340.00"
2021-01-26,2021012604017192,LEC,46,49,"1,000",234.00,"234,000.00"
2021-01-26,2021012604017191,LEC,46,43,100,234.00,"23,400.00"
2021-01-26,2021012604017190,LEC,46,45,20,233.00,"4,660.00"
2021-01-26,2021012604017492,LGIL,6,17,20,690.00,"13,800.00"
2021-01-26,2021012604017483,LGIL,33,17,10,690.00,"6,900.00"
2021-01-26,2021012604017442,LGIL,44,10,200,688.00,"137,600.00"
2021-01-26,2021012604017413,LGIL,26,17,50,690.00,"34,500.00"
2021-01-26,2021012604017404,LGIL,4,17,100,690.00,"69,000.00"
2021-01-26,2021012604017397,LGIL,44,34,100,688.00,"68,800.00"
2021-01-26,2021012604017383,LGIL,44,22,80,688.00,"55,040.00"
2021-01-26,2021012604017382,LGIL,41,22,100,688.00,"68,800.00"
2021-01-26,2021012604017381,LGIL,45,22,20,688.00,"13,760.00"
2021-01-26,2021012604017298,LGIL,34,17,200,690.00,"138,000.00"
2021-01-26,2021012604017297,LGIL,45,17,96,690.00,"66,240.00"
2021-01-26,2021012604017503,MEN,7,22,200,518.00,"103,600.00"
2021-01-26,2021012604017502,MEN,14,22,200,518.00,"103,600.00"
2021-01-26,2021012604017336,MEN,21,37,10,520.00,"5,200.00"
2021-01-26,2021012604017258,MEN,17,58,850,520.00,"442,000.00"
2021-01-26,2021012604017605,MHNL,49,42,"4,690",218.00,"1,022,420.00"
2021-01-26,2021012604017604,MHNL,49,57,500,217.00,"108,500.00"
2021-01-26,2021012604017603,MHNL,49,53,500,217.00,"108,500.00"
2021-01-26,2021012604017602,MHNL,49,49,490,217.00,"106,330.00"
2021-01-26,2021012604017601,MHNL,49,57,100,217.00,"21,700.00"
2021-01-26,2021012604017600,MHNL,49,29,230,217.00,"49,910.00"
2021-01-26,2021012604017431,MHNL,1,29,70,217.00,"15,190.00"
2021-01-26,2021012604017367,MHNL,29,25,36,216.00,"7,776.00"
2021-01-26,2021012604017219,NGPL,5,49,200,237.00,"47,400.00"
2021-01-26,2021012604017447,NHDL,45,35,90,246.00,"22,140.00"
2021-01-26,2021012604017625,NHPC,26,58,331,132.00,"43,692.00"
2021-01-26,2021012604017624,NHPC,26,43,500,132.00,"66,000.00"
2021-01-26,2021012604017623,NHPC,26,59,669,132.00,"88,308.00"
2021-01-26,2021012604017578,NHPC,42,59,200,132.00,"26,400.00"
2021-01-26,2021012604017572,NHPC,38,50,300,131.00,"39,300.00"
2021-01-26,2021012604017518,NHPC,38,51,"1,000",131.00,"131,000.00"
2021-01-26,2021012604017252,NHPC,51,34,300,132.00,"39,600.00"
2021-01-26,2021012604017170,NHPC,48,34,500,132.00,"66,000.00"
2021-01-26,2021012604017515,NHPC,38,59,20,132.00,"2,640.00"
2021-01-26,2021012604017487,NHPC,46,59,111,132.00,"14,652.00"
2021-01-26,2021012604017486,NHPC,46,56,530,132.00,"69,960.00"
2021-01-26,2021012604017485,NHPC,46,34,359,132.00,"47,388.00"
2021-01-26,2021012604017299,NHPC,57,34,300,132.00,"39,600.00"
2021-01-26,2021012604017296,NHPC,56,34,50,132.00,"6,600.00"
2021-01-26,2021012604017597,NICL,51,46,70,725.00,"50,750.00"
2021-01-26,2021012604017596,NICL,11,46,120,725.00,"87,000.00"
2021-01-26,2021012604017595,NICL,51,46,200,725.00,"145,000.00"
2021-01-26,2021012604017594,NICL,29,46,200,725.00,"145,000.00"
2021-01-26,2021012604017593,NICL,57,46,300,725.00,"217,500.00"
2021-01-26,2021012604017592,NICL,57,46,100,725.00,"72,500.00"
2021-01-26,2021012604017306,NICL,35,33,30,729.00,"21,870.00"
2021-01-26,2021012604017257,NICL,19,33,10,729.00,"7,290.00"
2021-01-26,2021012604017585,NICL,51,46,30,728.00,"21,840.00"
2021-01-26,2021012604017584,NICL,49,46,150,728.00,"109,200.00"
2021-01-26,2021012604017583,NICL,54,46,50,728.00,"36,400.00"
2021-01-26,2021012604017436,NICL,51,13,40,729.00,"29,160.00"
2021-01-26,2021012604017372,NICL,58,13,380,729.00,"277,020.00"
2021-01-26,2021012604017329,NICL,51,33,60,729.00,"43,740.00"
2021-01-26,2021012604017591,NICL,55,46,100,725.00,"72,500.00"
2021-01-26,2021012604017590,NICL,45,46,22,725.00,"15,950.00"
2021-01-26,2021012604017589,NICL,57,46,400,726.00,"290,400.00"
2021-01-26,2021012604017588,NICL,19,46,100,726.00,"72,600.00"
2021-01-26,2021012604017587,NICL,5,46,10,727.00,"7,270.00"
2021-01-26,2021012604017586,NICL,35,46,500,727.00,"363,500.00"
2021-01-26,2021012604017622,NIL,5,28,100,"1,401.00","140,100.00"
2021-01-26,2021012604017564,NIL,5,52,70,"1,401.00","98,070.00"
2021-01-26,2021012604017535,NIL,59,58,10,"1,404.00","14,040.00"
2021-01-26,2021012604017511,NIL,5,32,30,"1,401.00","42,030.00"
2021-01-26,2021012604017510,NIL,1,32,50,"1,402.00","70,100.00"
2021-01-26,2021012604017509,NIL,18,32,20,"1,402.00","28,040.00"
2021-01-26,2021012604017206,NIL,21,7,14,"1,405.00","19,670.00"
2021-01-26,2021012604017141,NIL,21,13,50,"1,405.00","70,250.00"
2021-01-26,2021012604017140,NIL,21,42,56,"1,405.00","78,680.00"
2021-01-26,2021012604017427,NIL,34,41,20,"1,404.00","28,080.00"
2021-01-26,2021012604017426,NIL,34,40,15,"1,404.00","21,060.00"
2021-01-26,2021012604017407,NIL,29,40,35,"1,404.00","49,140.00"
2021-01-26,2021012604017369,NIL,49,6,30,"1,402.00","42,060.00"
2021-01-26,2021012604017368,NIL,17,6,50,"1,402.00","70,100.00"
2021-01-26,2021012604017266,NIL,44,50,45,"1,402.00","63,090.00"
2021-01-26,2021012604017488,NIL,16,58,20,"1,404.00","28,080.00"
2021-01-26,2021012604017451,NIL,34,35,40,"1,402.00","56,080.00"
2021-01-26,2021012604017450,NIL,49,35,670,"1,402.00","939,340.00"
2021-01-26,2021012604017430,NIL,16,45,149,"1,405.00","209,345.00"
2021-01-26,2021012604017429,NIL,16,7,51,"1,405.00","71,655.00"
2021-01-26,2021012604017428,NIL,34,7,35,"1,405.00","49,175.00"
2021-01-26,2021012604017392,NLG,25,4,189,940.00,"177,660.00"
2021-01-26,2021012604017391,NLG,25,18,81,940.00,"76,140.00"
2021-01-26,2021012604017390,NLG,25,46,69,939.00,"64,791.00"
2021-01-26,2021012604017389,NLG,25,49,10,937.00,"9,370.00"
2021-01-26,2021012604017388,NLG,25,34,331,931.00,"308,161.00"
2021-01-26,2021012604017308,NLG,34,33,100,927.00,"92,700.00"
2021-01-26,2021012604017176,NLG,55,8,66,920.00,"60,720.00"
2021-01-26,2021012604017175,NLG,51,8,20,922.00,"18,440.00"
2021-01-26,2021012604017174,NLG,44,8,10,926.00,"9,260.00"
2021-01-26,2021012604017387,NLG,25,58,20,930.00,"18,600.00"
2021-01-26,2021012604017386,NLG,25,19,300,929.00,"278,700.00"
2021-01-26,2021012604017384,NLG,1,34,250,928.00,"232,000.00"
2021-01-26,2021012604017527,PIC,16,16,1,"1,110.00","1,110.00"
2021-01-26,2021012604017420,PIC,48,49,10,"1,130.00","11,300.00"
2021-01-26,2021012604017302,PIC,58,56,11,"1,115.00","12,265.00"
2021-01-26,2021012604017217,PIC,33,34,100,"1,115.00","111,500.00"
2021-01-26,2021012604017216,PIC,50,34,100,"1,115.00","111,500.00"
2021-01-26,2021012604017215,PIC,36,34,20,"1,115.00","22,300.00"
2021-01-26,2021012604017214,PIC,46,34,477,"1,115.00","531,855.00"
2021-01-26,2021012604017168,PIC,58,45,13,"1,131.00","14,703.00"
2021-01-26,2021012604017167,PIC,58,43,20,"1,130.00","22,600.00"
2021-01-26,2021012604017166,PIC,58,32,77,"1,130.00","87,010.00"
2021-01-26,2021012604017131,PIC,58,38,177,"1,120.00","198,240.00"
2021-01-26,2021012604017129,PIC,46,57,11,"1,115.00","12,265.00"
2021-01-26,2021012604017565,PICL,20,32,100,679.00,"67,900.00"
2021-01-26,2021012604017563,PICL,20,13,200,679.00,"135,800.00"
2021-01-26,2021012604017473,PICL,40,26,200,678.00,"135,600.00"
2021-01-26,2021012604017435,PICL,40,43,50,678.00,"33,900.00"
2021-01-26,2021012604017142,PICL,40,17,250,678.00,"169,500.00"
2021-01-26,2021012604017540,PMHPL,55,16,10,136.00,"1,360.00"
2021-01-26,2021012604017534,PPCL,16,46,10,230.00,"2,300.00"
2021-01-26,2021012604017371,PPCL,16,22,100,230.00,"23,000.00"
2021-01-26,2021012604017230,PPCL,16,58,"1,000",230.00,"230,000.00"
2021-01-26,2021012604017598,PRIN,22,33,39,866.00,"33,774.00"
2021-01-26,2021012604017400,PRIN,47,22,10,866.00,"8,660.00"
2021-01-26,2021012604017373,PRIN,49,13,98,869.00,"85,162.00"
2021-01-26,2021012604017355,PRIN,38,13,100,869.00,"86,900.00"
2021-01-26,2021012604017326,PRIN,48,13,200,869.00,"173,800.00"
2021-01-26,2021012604017283,PRIN,46,13,102,870.00,"88,740.00"
2021-01-26,2021012604017177,PRIN,46,44,103,870.00,"89,610.00"
2021-01-26,2021012604017278,PRIN,46,38,10,870.00,"8,700.00"
2021-01-26,2021012604017182,PRIN,46,45,50,870.00,"43,500.00"
2021-01-26,2021012604017181,PRIN,46,28,100,870.00,"87,000.00"
2021-01-26,2021012604017180,PRIN,46,35,115,870.00,"100,050.00"
2021-01-26,2021012604017179,PRIN,46,10,500,870.00,"435,000.00"
2021-01-26,2021012604017178,PRIN,46,28,20,870.00,"17,400.00"
2021-01-26,2021012604017570,RBCL,58,50,180,"17,100.00","3,078,000.00"
2021-01-26,2021012604017569,RBCL,19,50,20,"17,105.00","342,100.00"
2021-01-26,2021012604017613,RHPC,21,41,40,181.00,"7,240.00"
2021-01-26,2021012604017498,RHPC,57,37,913,179.00,"163,427.00"
2021-01-26,2021012604017497,RHPC,34,37,500,179.00,"89,500.00"
2021-01-26,2021012604017496,RHPC,34,37,500,179.00,"89,500.00"
2021-01-26,2021012604017495,RHPC,34,37,500,179.00,"89,500.00"
2021-01-26,2021012604017494,RHPC,34,37,287,179.00,"51,373.00"
2021-01-26,2021012604017550,RHPL,33,11,43,380.00,"16,340.00"
2021-01-26,2021012604017549,RHPL,41,11,100,380.00,"38,000.00"
2021-01-26,2021012604017548,RHPL,57,11,57,380.00,"21,660.00"
2021-01-26,2021012604017410,RHPL,57,13,343,380.00,"130,340.00"
2021-01-26,2021012604017409,RHPL,6,13,"1,000",380.00,"380,000.00"
2021-01-26,2021012604017408,RHPL,13,13,27,380.00,"10,260.00"
2021-01-26,2021012604017403,RHPL,54,43,300,382.00,"114,600.00"
2021-01-26,2021012604017398,RHPL,13,49,50,380.00,"19,000.00"
2021-01-26,2021012604017232,RHPL,13,14,23,380.00,"8,740.00"
2021-01-26,2021012604017231,RHPL,57,14,17,380.00,"6,460.00"
2021-01-26,2021012604017173,RHPL,57,43,120,382.00,"45,840.00"
2021-01-26,2021012604017165,RHPL,57,50,150,380.00,"57,000.00"
2021-01-26,2021012604017517,SGI,38,59,10,632.00,"6,320.00"
2021-01-26,2021012604017516,SGI,4,59,10,632.00,"6,320.00"
2021-01-26,2021012604017472,SGI,4,3,10,634.00,"6,340.00"
2021-01-26,2021012604017385,SGI,49,4,10,635.00,"6,350.00"
2021-01-26,2021012604017202,SGI,37,3,10,630.00,"6,300.00"
2021-01-26,2021012604017128,SHPC,13,49,100,334.00,"33,400.00"
2021-01-26,2021012604017512,SIC,18,37,100,"1,210.00","121,000.00"
2021-01-26,2021012604017484,SIC,18,4,12,"1,210.00","14,520.00"
2021-01-26,2021012604017474,SIC,19,4,20,"1,210.00","24,200.00"
2021-01-26,2021012604017396,SIC,35,35,500,"1,210.00","605,000.00"
2021-01-26,2021012604017395,SIC,58,35,100,"1,210.00","121,000.00"
2021-01-26,2021012604017394,SIC,49,35,300,"1,210.00","363,000.00"
2021-01-26,2021012604017393,SIC,49,35,60,"1,210.00","72,600.00"
2021-01-26,2021012604017335,SIC,49,35,130,"1,210.00","157,300.00"
2021-01-26,2021012604017334,SIC,21,35,30,"1,210.00","36,300.00"
2021-01-26,2021012604017333,SIC,28,35,40,"1,210.00","48,400.00"
2021-01-26,2021012604017208,SIC,45,4,60,"1,211.00","72,660.00"
2021-01-26,2021012604017207,SIC,14,4,48,"1,211.00","58,128.00"
2021-01-26,2021012604017617,SICL,4,40,143,"2,202.00","314,886.00"
2021-01-26,2021012604017616,SICL,49,40,57,"2,202.00","125,514.00"
2021-01-26,2021012604017571,SICL,49,36,70,"2,204.00","154,280.00"
2021-01-26,2021012604017544,SICL,49,33,43,"2,202.00","94,686.00"
2021-01-26,2021012604017525,SICL,4,36,23,"2,205.00","50,715.00"
2021-01-26,2021012604017520,SICL,58,53,100,"2,205.00","220,500.00"
2021-01-26,2021012604017212,SICL,58,14,30,"2,209.00","66,270.00"
2021-01-26,2021012604017184,SICL,17,50,10,"2,208.00","22,080.00"
2021-01-26,2021012604017171,SICL,41,50,100,"2,205.00","220,500.00"
2021-01-26,2021012604017226,SICL,10,48,20,"2,201.00","44,020.00"
2021-01-26,2021012604017225,SICL,45,48,10,"2,205.00","22,050.00"
2021-01-26,2021012604017224,SICL,17,48,50,"2,205.00","110,250.00"
2021-01-26,2021012604017223,SICL,17,48,90,"2,208.00","198,720.00"
2021-01-26,2021012604017222,SICL,35,17,90,"2,210.00","198,900.00"
2021-01-26,2021012604017221,SICL,35,14,10,"2,209.00","22,090.00"
2021-01-26,2021012604017268,SICL,49,43,50,"2,201.00","110,050.00"
2021-01-26,2021012604017267,SICL,38,43,75,"2,205.00","165,375.00"
2021-01-26,2021012604017262,SICL,58,13,10,"2,209.00","22,090.00"
2021-01-26,2021012604017229,SICL,58,48,60,"2,200.00","132,000.00"
2021-01-26,2021012604017228,SICL,45,48,80,"2,201.00","176,080.00"
2021-01-26,2021012604017227,SICL,38,48,500,"2,201.00","1,100,500.00"
2021-01-26,2021012604017359,SICL,41,49,100,"2,208.00","220,800.00"
2021-01-26,2021012604017358,SICL,41,49,50,"2,208.00","110,400.00"
2021-01-26,2021012604017357,SICL,41,34,46,"2,208.00","101,568.00"
2021-01-26,2021012604017324,SICL,17,34,27,"2,208.00","59,616.00"
2021-01-26,2021012604017323,SICL,32,34,27,"2,208.00","59,616.00"
2021-01-26,2021012604017269,SICL,58,43,75,"2,200.00","165,000.00"
2021-01-26,2021012604017501,SICL,38,50,28,"2,208.00","61,824.00"
2021-01-26,2021012604017500,SICL,38,35,72,"2,207.00","158,904.00"
2021-01-26,2021012604017448,SICL,39,17,50,"2,205.00","110,250.00"
2021-01-26,2021012604017440,SICL,21,17,10,"2,205.00","22,050.00"
2021-01-26,2021012604017421,SICL,53,17,35,"2,205.00","77,175.00"
2021-01-26,2021012604017402,SICL,58,50,25,"2,208.00","55,200.00"
2021-01-26,2021012604017399,SIL,44,4,"2,000","1,079.00","2,158,000.00"
2021-01-26,2021012604017366,SIL,44,34,990,"1,078.00","1,067,220.00"
2021-01-26,2021012604017365,SIL,44,34,300,"1,075.00","322,500.00"
2021-01-26,2021012604017364,SIL,44,33,100,"1,075.00","107,500.00"
2021-01-26,2021012604017363,SIL,44,5,463,"1,075.00","497,725.00"
2021-01-26,2021012604017304,SIL,44,33,100,"1,074.00","107,400.00"
2021-01-26,2021012604017303,SIL,44,40,40,"1,073.00","42,920.00"
2021-01-26,2021012604017169,SIL,43,40,160,"1,073.00","171,680.00"
2021-01-26,2021012604017507,SJCL,22,41,100,312.00,"31,200.00"
2021-01-26,2021012604017491,SJCL,22,57,300,313.00,"93,900.00"
2021-01-26,2021012604017434,SJCL,22,16,300,312.00,"93,600.00"
2021-01-26,2021012604017433,SJCL,21,16,200,312.00,"62,400.00"
2021-01-26,2021012604017282,SJCL,32,57,150,313.00,"46,950.00"
2021-01-26,2021012604017281,SJCL,11,57,100,313.00,"31,300.00"
2021-01-26,2021012604017280,SJCL,13,57,470,313.00,"147,110.00"
2021-01-26,2021012604017261,SJCL,13,55,30,313.00,"9,390.00"
2021-01-26,2021012604017211,SJCL,13,38,20,313.00,"6,260.00"
2021-01-26,2021012604017138,SJCL,13,19,440,313.00,"137,720.00"
2021-01-26,2021012604017137,SJCL,11,19,60,313.00,"18,780.00"
2021-01-26,2021012604017526,SPDL,48,17,15,235.00,"3,525.00"
2021-01-26,2021012604017475,SPDL,48,52,219,235.00,"51,465.00"
2021-01-26,2021012604017325,SPDL,48,10,10,235.00,"2,350.00"
2021-01-26,2021012604017321,SPDL,48,26,50,235.00,"11,750.00"
2021-01-26,2021012604017320,SPDL,48,50,"2,010",235.00,"472,350.00"
2021-01-26,2021012604017319,SPDL,48,37,15,235.00,"3,525.00"
2021-01-26,2021012604017318,SPDL,48,36,200,235.00,"47,000.00"
2021-01-26,2021012604017317,SPDL,48,34,900,235.00,"211,500.00"
2021-01-26,2021012604017130,SPDL,36,34,300,235.00,"70,500.00"
2021-01-26,2021012604017471,SSHL,6,57,300,174.00,"52,200.00"
2021-01-26,2021012604017449,SSHL,13,55,"2,190",173.00,"378,870.00"
2021-01-26,2021012604017253,SSHL,25,57,500,174.00,"87,000.00"
2021-01-26,2021012604017547,UIC,56,46,100,591.00,"59,100.00"
2021-01-26,2021012604017499,UIC,42,5,200,590.00,"118,000.00"
2021-01-26,2021012604017441,UIC,25,54,20,588.00,"11,760.00"
2021-01-26,2021012604017345,UIC,56,42,100,590.00,"59,000.00"
2021-01-26,2021012604017344,UIC,56,29,100,590.00,"59,000.00"
2021-01-26,2021012604017343,UIC,56,52,36,590.00,"21,240.00"
2021-01-26,2021012604017328,UIC,45,52,150,590.00,"88,500.00"
2021-01-26,2021012604017327,UIC,45,57,350,589.00,"206,150.00"
2021-01-26,2021012604017234,UIC,29,43,25,588.00,"14,700.00"
2021-01-26,2021012604017186,UIC,57,43,444,588.00,"261,072.00"
2021-01-26,2021012604017337,UMHL,44,45,10,169.00,"1,690.00"
2021-01-26,2021012604017322,UMHL,44,49,23,169.00,"3,887.00"
2021-01-26,2021012604017294,UNHPL,8,42,100,117.00,"11,700.00"
2021-01-26,2021012604017205,UNHPL,58,42,195,117.00,"22,815.00"
2021-01-26,2021012604017551,UPCL,47,41,100,141.00,"14,100.00"
2021-01-26,2021012604017519,UPCL,22,41,50,141.00,"7,050.00"
2021-01-26,2021012604017423,UPCL,47,49,100,141.00,"14,100.00"
2021-01-26,2021012604017422,UPCL,47,56,50,141.00,"7,050.00"
2021-01-26,2021012604017411,UPCL,16,21,86,140.00,"12,040.00"
2021-01-26,2021012604017482,UPCL,47,55,50,141.00,"7,050.00"
2021-01-26,2021012604017581,UPPER,43,4,700,496.00,"347,200.00"
2021-01-26,2021012604017580,UPPER,20,4,200,496.00,"99,200.00"
2021-01-26,2021012604017579,UPPER,26,4,100,497.00,"49,700.00"
2021-01-26,2021012604017543,UPPER,1,29,50,498.00,"24,900.00"
2021-01-26,2021012604017156,UPPER,41,17,547,500.00,"273,500.00"
2021-01-26,2021012604017139,UPPER,41,55,100,500.00,"50,000.00"
2021-01-26,2021012604017136,UPPER,25,52,120,501.00,"60,120.00"
2021-01-26,2021012604017162,UPPER,57,17,30,500.00,"15,000.00"
2021-01-26,2021012604017161,UPPER,1,17,30,500.00,"15,000.00"
2021-01-26,2021012604017160,UPPER,32,17,100,500.00,"50,000.00"
2021-01-26,2021012604017159,UPPER,32,17,"1,000",500.00,"500,000.00"
2021-01-26,2021012604017158,UPPER,21,17,100,500.00,"50,000.00"
2021-01-26,2021012604017157,UPPER,21,17,100,500.00,"50,000.00"
2021-01-26,2021012604017209,UPPER,42,17,407,500.00,"203,500.00"
2021-01-26,2021012604017203,UPPER,42,5,200,500.00,"100,000.00"
2021-01-26,2021012604017185,UPPER,58,52,50,501.00,"25,050.00"
2021-01-26,2021012604017183,UPPER,45,52,100,501.00,"50,100.00"
2021-01-26,2021012604017164,UPPER,42,17,393,500.00,"196,500.00"
2021-01-26,2021012604017163,UPPER,29,17,200,500.00,"100,000.00"
2021-01-26,2021012604017238,UPPER,38,29,300,499.00,"149,700.00"
2021-01-26,2021012604017237,UPPER,57,29,100,499.00,"49,900.00"
2021-01-26,2021012604017236,UPPER,57,29,20,499.00,"9,980.00"
2021-01-26,2021012604017235,UPPER,28,29,100,499.00,"49,900.00"
2021-01-26,2021012604017218,UPPER,58,17,493,500.00,"246,500.00"
2021-01-26,2021012604017210,UPPER,43,17,100,500.00,"50,000.00"
2021-01-26,2021012604017244,UPPER,1,29,50,499.00,"24,950.00"
2021-01-26,2021012604017243,UPPER,16,29,32,499.00,"15,968.00"
2021-01-26,2021012604017242,UPPER,37,29,500,499.00,"249,500.00"
2021-01-26,2021012604017241,UPPER,47,29,100,499.00,"49,900.00"
2021-01-26,2021012604017240,UPPER,1,29,100,499.00,"49,900.00"
2021-01-26,2021012604017239,UPPER,38,29,200,499.00,"99,800.00"
2021-01-26,2021012604017250,UPPER,44,29,150,498.00,"74,700.00"
2021-01-26,2021012604017249,UPPER,48,29,100,498.00,"49,800.00"
2021-01-26,2021012604017248,UPPER,58,29,500,498.00,"249,000.00"
2021-01-26,2021012604017247,UPPER,34,29,20,498.00,"9,960.00"
2021-01-26,2021012604017246,UPPER,25,29,150,498.00,"74,700.00"
2021-01-26,2021012604017245,UPPER,21,29,100,498.00,"49,800.00"
2021-01-26,2021012604017260,UPPER,49,56,100,500.00,"50,000.00"
2021-01-26,2021012604017256,UPPER,47,56,322,500.00,"161,000.00"
2021-01-26,2021012604017255,UPPER,47,29,678,498.00,"337,644.00"
2021-01-26,2021012604017251,UPPER,43,29,300,498.00,"149,400.00"
2021-01-26,2021012604017424,UPPER,34,48,25,497.00,"12,425.00"
2021-01-26,2021012604017362,UPPER,48,29,500,498.00,"249,000.00"
2021-01-26,2021012604017307,UPPER,39,29,50,498.00,"24,900.00"
2021-01-26,2021012604017439,UPPER,5,50,58,497.00,"28,826.00"
2021-01-26,2021012604017438,UPPER,28,50,10,497.00,"4,970.00"
2021-01-26,2021012604017437,UPPER,47,50,232,497.00,"115,304.00"
2021-01-26,2021012604017432,UPPER,6,29,100,498.00,"49,800.00"
2021-01-26,2021012604017425,UPPER,47,48,175,497.00,"86,975.00"
2021-01-26,2021012604017508,UPPER,5,43,42,497.00,"20,874.00"
2021-01-26,2021012604017493,UPPER,1,29,200,498.00,"99,600.00"
2021-01-26,2021012604017539,UPPER,43,29,961,498.00,"478,578.00"
2021-01-26,2021012604017538,UPPER,43,43,39,497.00,"19,383.00"
2021-01-26,2021012604017537,UPPER,20,8,300,496.00,"148,800.00"
2021-01-26,2021012604017536,UPPER,1,8,200,496.00,"99,200.00"
2021-01-26,2021012604017533,UPPER,48,43,100,497.00,"49,700.00"
2021-01-26,2021012604017124,AHPC,41,48,95,252.00,"23,940.00"
2021-01-26,2021012604017123,AHPC,41,33,65,252.00,"16,380.00"
2021-01-26,2021012604016971,AHPC,32,42,50,250.00,"12,500.00"
2021-01-26,2021012604016970,AHPC,33,42,250,250.00,"62,500.00"
2021-01-26,2021012604016969,AHPC,32,42,200,250.00,"50,000.00"
2021-01-26,2021012604016953,AHPC,32,42,300,250.00,"75,000.00"
2021-01-26,2021012604016952,AHPC,45,42,500,250.00,"125,000.00"
2021-01-26,2021012604016951,AHPC,34,42,100,250.00,"25,000.00"
2021-01-26,2021012604016904,AHPC,34,42,100,251.00,"25,100.00"
2021-01-26,2021012604016679,AHPC,34,57,300,251.00,"75,300.00"
2021-01-26,2021012604017085,AIL,29,28,100,689.00,"68,900.00"
2021-01-26,2021012604017084,AIL,6,28,100,689.00,"68,900.00"
2021-01-26,2021012604017083,AIL,53,28,50,689.00,"34,450.00"
2021-01-26,2021012604017082,AIL,42,28,15,689.00,"10,335.00"
2021-01-26,2021012604017081,AIL,43,28,90,689.00,"62,010.00"
2021-01-26,2021012604017080,AIL,49,28,100,690.00,"69,000.00"
2021-01-26,2021012604016660,AIL,29,42,100,690.00,"69,000.00"
2021-01-26,2021012604016659,AIL,57,42,40,690.00,"27,600.00"
2021-01-26,2021012604016658,AIL,21,42,105,690.00,"72,450.00"
2021-01-26,2021012604016657,AIL,1,42,100,690.00,"69,000.00"
2021-01-26,2021012604016656,AIL,1,42,581,690.00,"400,890.00"
2021-01-26,2021012604016944,AIL,34,32,10,690.00,"6,900.00"
2021-01-26,2021012604016943,AIL,56,32,50,690.00,"34,500.00"
2021-01-26,2021012604016840,AIL,44,57,10,690.00,"6,900.00"
2021-01-26,2021012604016684,AIL,44,47,10,690.00,"6,900.00"
2021-01-26,2021012604016662,AIL,44,42,24,690.00,"16,560.00"
2021-01-26,2021012604016661,AIL,6,42,50,690.00,"34,500.00"
2021-01-26,2021012604017079,AIL,28,28,10,690.00,"6,900.00"
2021-01-26,2021012604017078,AIL,49,28,35,690.00,"24,150.00"
2021-01-26,2021012604016963,AIL,49,58,10,690.00,"6,900.00"
2021-01-26,2021012604016947,AIL,49,32,10,690.00,"6,900.00"
2021-01-26,2021012604016946,AIL,34,32,10,690.00,"6,900.00"
2021-01-26,2021012604016945,AIL,11,32,20,690.00,"13,800.00"
2021-01-26,2021012604017063,AKJCL,36,16,160,142.00,"22,720.00"
2021-01-26,2021012604016650,AKJCL,55,58,861,141.00,"121,401.00"
2021-01-26,2021012604017104,AKPL,49,4,200,297.00,"59,400.00"
2021-01-26,2021012604017039,AKPL,36,4,100,297.00,"29,700.00"
2021-01-26,2021012604016939,AKPL,48,3,20,296.00,"5,920.00"
2021-01-26,2021012604016880,AKPL,55,4,500,297.00,"148,500.00"
2021-01-26,2021012604016849,AKPL,25,4,200,297.00,"59,400.00"
2021-01-26,2021012604016822,AKPL,50,4,"1,000",297.00,"297,000.00"
2021-01-26,2021012604016703,AKPL,54,3,177,297.00,"52,569.00"
2021-01-26,2021012604016680,AKPL,55,13,200,298.00,"59,600.00"
2021-01-26,2021012604016678,AKPL,5,13,335,298.00,"99,830.00"
2021-01-26,2021012604016709,AKPL,39,3,"2,000",297.00,"594,000.00"
2021-01-26,2021012604016708,AKPL,41,3,500,297.00,"148,500.00"
2021-01-26,2021012604016707,AKPL,51,3,100,297.00,"29,700.00"
2021-01-26,2021012604016706,AKPL,32,3,"1,300",297.00,"386,100.00"
2021-01-26,2021012604016705,AKPL,5,3,100,297.00,"29,700.00"
2021-01-26,2021012604016704,AKPL,43,3,100,297.00,"29,700.00"
2021-01-26,2021012604016715,AKPL,22,3,"2,000",297.00,"594,000.00"
2021-01-26,2021012604016714,AKPL,36,3,500,297.00,"148,500.00"
2021-01-26,2021012604016713,AKPL,5,3,"2,500",297.00,"742,500.00"
2021-01-26,2021012604016712,AKPL,34,3,300,297.00,"89,100.00"
2021-01-26,2021012604016711,AKPL,21,3,107,297.00,"31,779.00"
2021-01-26,2021012604016710,AKPL,21,3,10,297.00,"2,970.00"
2021-01-26,2021012604016787,AKPL,25,4,200,297.00,"59,400.00"
2021-01-26,2021012604016777,AKPL,5,4,202,297.00,"59,994.00"
2021-01-26,2021012604016748,AKPL,36,4,"1,000",297.00,"297,000.00"
2021-01-26,2021012604016747,AKPL,53,4,200,297.00,"59,400.00"
2021-01-26,2021012604016746,AKPL,22,4,"1,694",297.00,"503,118.00"
2021-01-26,2021012604016716,AKPL,22,3,306,297.00,"90,882.00"
2021-01-26,2021012604017122,API,42,35,100,286.00,"28,600.00"
2021-01-26,2021012604017054,API,45,35,"2,000",286.00,"572,000.00"
2021-01-26,2021012604017053,API,58,35,"1,500",286.00,"429,000.00"
2021-01-26,2021012604017052,API,42,35,200,286.00,"57,200.00"
2021-01-26,2021012604017051,API,59,35,"1,000",286.00,"286,000.00"
2021-01-26,2021012604017050,API,41,35,200,286.00,"57,200.00"
2021-01-26,2021012604017001,API,52,33,100,287.00,"28,700.00"
2021-01-26,2021012604016771,API,42,33,104,287.00,"29,848.00"
2021-01-26,2021012604017049,API,7,35,"1,000",286.00,"286,000.00"
2021-01-26,2021012604017048,API,1,35,"1,000",286.00,"286,000.00"
2021-01-26,2021012604017047,API,45,35,10,286.00,"2,860.00"
2021-01-26,2021012604017046,API,55,35,10,286.00,"2,860.00"
2021-01-26,2021012604017045,API,56,35,230,286.00,"65,780.00"
2021-01-26,2021012604017003,API,56,21,100,286.00,"28,600.00"
2021-01-26,2021012604017087,BARUN,45,58,10,238.00,"2,380.00"
2021-01-26,2021012604017035,BARUN,45,14,500,238.00,"119,000.00"
2021-01-26,2021012604016817,BARUN,45,21,500,238.00,"119,000.00"
2021-01-26,2021012604016774,BARUN,45,42,"2,746",238.00,"653,548.00"
2021-01-26,2021012604016773,BARUN,34,42,500,238.00,"119,000.00"
2021-01-26,2021012604016772,BARUN,32,42,365,238.00,"86,870.00"
2021-01-26,2021012604016636,BARUN,34,45,100,239.00,"23,900.00"
2021-01-26,2021012604017026,BPCL,53,56,20,405.00,"8,100.00"
2021-01-26,2021012604016885,BPCL,28,57,12,404.00,"4,848.00"
2021-01-26,2021012604016848,BPCL,28,42,10,404.00,"4,040.00"
2021-01-26,2021012604016847,BPCL,58,42,47,404.00,"18,988.00"
2021-01-26,2021012604016818,BPCL,44,56,50,405.00,"20,250.00"
2021-01-26,2021012604016758,BPCL,38,56,50,405.00,"20,250.00"
2021-01-26,2021012604017098,CHCL,43,4,40,589.00,"23,560.00"
2021-01-26,2021012604017032,CHCL,11,35,25,586.00,"14,650.00"
2021-01-26,2021012604017031,CHCL,1,35,25,587.00,"14,675.00"
2021-01-26,2021012604017030,CHCL,52,35,50,587.00,"29,350.00"
2021-01-26,2021012604016837,CHCL,1,4,289,589.00,"170,221.00"
2021-01-26,2021012604016836,CHCL,1,54,411,588.00,"241,668.00"
2021-01-26,2021012604016823,CHCL,3,54,89,588.00,"52,332.00"
2021-01-26,2021012604016682,CHL,45,49,100,172.00,"17,200.00"
2021-01-26,2021012604016653,DHPL,53,1,20,117.00,"2,340.00"
2021-01-26,2021012604017068,EIC,33,34,100,663.00,"66,300.00"
2021-01-26,2021012604016942,EIC,21,22,88,662.00,"58,256.00"
2021-01-26,2021012604016941,EIC,21,50,50,662.00,"33,100.00"
2021-01-26,2021012604016634,EIC,59,46,25,661.00,"16,525.00"
2021-01-26,2021012604017061,GHL,21,45,20,124.00,"2,480.00"
2021-01-26,2021012604017110,GIC,8,22,225,629.00,"141,525.00"
2021-01-26,2021012604017109,GIC,8,4,10,628.00,"6,280.00"
2021-01-26,2021012604016892,GIC,36,58,10,627.00,"6,270.00"
2021-01-26,2021012604016861,GIC,36,57,10,627.00,"6,270.00"
2021-01-26,2021012604016850,GIC,36,38,10,627.00,"6,270.00"
2021-01-26,2021012604016754,GIC,6,34,500,627.00,"313,500.00"
2021-01-26,2021012604016743,GIC,6,57,500,628.00,"314,000.00"
2021-01-26,2021012604016721,GIC,45,22,12,629.00,"7,548.00"
2021-01-26,2021012604017076,HDHPC,52,6,10,138.00,"1,380.00"
2021-01-26,2021012604016938,HDHPC,45,57,10,137.00,"1,370.00"
2021-01-26,2021012604016903,HDHPC,22,6,200,138.00,"27,600.00"
2021-01-26,2021012604016902,HDHPC,34,6,113,138.00,"15,594.00"
2021-01-26,2021012604016732,HDHPC,34,42,887,138.00,"122,406.00"
2021-01-26,2021012604016731,HDHPC,39,42,"1,000",138.00,"138,000.00"
2021-01-26,2021012604016730,HDHPC,34,42,"1,000",138.00,"138,000.00"
2021-01-26,2021012604016729,HDHPC,58,42,430,138.00,"59,340.00"
2021-01-26,2021012604017064,HGI,17,58,30,684.00,"20,520.00"
2021-01-26,2021012604017059,HGI,44,14,300,680.00,"204,000.00"
2021-01-26,2021012604017023,HGI,58,58,10,684.00,"6,840.00"
2021-01-26,2021012604017071,HPPL,41,38,10,298.00,"2,980.00"
2021-01-26,2021012604017067,HPPL,54,26,20,297.00,"5,940.00"
2021-01-26,2021012604017024,HPPL,54,56,250,297.00,"74,250.00"
2021-01-26,2021012604016761,HPPL,5,50,460,299.00,"137,540.00"
2021-01-26,2021012604016760,HPPL,5,36,20,299.00,"5,980.00"
2021-01-26,2021012604016759,HPPL,5,5,20,299.00,"5,980.00"
2021-01-26,2021012604016683,HPPL,53,43,20,299.00,"5,980.00"
2021-01-26,2021012604016740,IGI,34,42,10,"1,036.00","10,360.00"
2021-01-26,2021012604016681,IGI,34,14,100,"1,036.00","103,600.00"
2021-01-26,2021012604016937,IGI,34,4,200,"1,035.00","207,000.00"
2021-01-26,2021012604016936,IGI,34,5,300,"1,034.00","310,200.00"
2021-01-26,2021012604016935,IGI,34,14,100,"1,033.00","103,300.00"
2021-01-26,2021012604016934,IGI,34,7,200,"1,032.00","206,400.00"
2021-01-26,2021012604016756,KKHC,53,22,16,118.00,"1,888.00"
2021-01-26,2021012604017106,LEC,14,6,90,232.00,"20,880.00"
2021-01-26,2021012604017044,LEC,14,57,30,232.00,"6,960.00"
2021-01-26,2021012604016911,LEC,49,49,250,233.00,"58,250.00"
2021-01-26,2021012604016739,LEC,14,38,10,232.00,"2,320.00"
2021-01-26,2021012604016717,LEC,14,58,10,232.00,"2,320.00"
2021-01-26,2021012604017126,LGIL,45,17,104,690.00,"71,760.00"
2021-01-26,2021012604016915,LGIL,38,17,50,690.00,"34,500.00"
2021-01-26,2021012604016900,LGIL,6,10,30,688.00,"20,640.00"
2021-01-26,2021012604016856,LGIL,38,17,150,690.00,"103,500.00"
2021-01-26,2021012604016841,LGIL,44,17,96,690.00,"66,240.00"
2021-01-26,2021012604016828,LGIL,45,14,100,689.00,"68,900.00"
2021-01-26,2021012604016827,LGIL,39,14,115,689.00,"79,235.00"
2021-01-26,2021012604016821,LGIL,38,17,600,690.00,"414,000.00"
2021-01-26,2021012604016820,LGIL,38,55,100,690.00,"69,000.00"
2021-01-26,2021012604016788,LGIL,38,59,400,690.00,"276,000.00"
2021-01-26,2021012604016720,LGIL,57,59,100,690.00,"69,000.00"
2021-01-26,2021012604016637,LGIL,19,50,50,690.00,"34,500.00"
2021-01-26,2021012604017077,MEN,56,21,10,518.00,"5,180.00"
2021-01-26,2021012604017057,MEN,45,58,150,521.00,"78,150.00"
2021-01-26,2021012604016968,MEN,45,46,10,521.00,"5,210.00"
2021-01-26,2021012604016879,MEN,45,57,10,521.00,"5,210.00"
2021-01-26,2021012604016873,MEN,45,55,10,521.00,"5,210.00"
2021-01-26,2021012604016676,MEN,14,17,10,521.00,"5,210.00"
2021-01-26,2021012604016671,MEN,14,7,210,523.00,"109,830.00"
2021-01-26,2021012604016670,MEN,14,22,10,522.00,"5,220.00"
2021-01-26,2021012604016669,MEN,14,45,10,522.00,"5,220.00"
2021-01-26,2021012604016668,MEN,14,57,10,521.00,"5,210.00"
2021-01-26,2021012604017029,NGPL,29,17,13,236.00,"3,068.00"
2021-01-26,2021012604016673,NGPL,29,17,11,236.00,"2,596.00"
2021-01-26,2021012604017111,NHPC,49,34,150,132.00,"19,800.00"
2021-01-26,2021012604017090,NHPC,48,34,"1,000",132.00,"132,000.00"
2021-01-26,2021012604017089,NHPC,42,34,"1,000",132.00,"132,000.00"
2021-01-26,2021012604017088,NHPC,57,34,"2,341",132.00,"309,012.00"
2021-01-26,2021012604017070,NHPC,57,14,370,132.00,"48,840.00"
2021-01-26,2021012604017069,NHPC,17,14,200,132.00,"26,400.00"
2021-01-26,2021012604016857,NHPC,6,21,170,132.00,"22,440.00"
2021-01-26,2021012604016741,NHPC,6,45,50,132.00,"6,600.00"
2021-01-26,2021012604016901,NHPC,57,26,100,132.00,"13,200.00"
2021-01-26,2021012604016884,NHPC,57,41,20,132.00,"2,640.00"
2021-01-26,2021012604016872,NHPC,57,58,169,132.00,"22,308.00"
2021-01-26,2021012604016871,NHPC,58,58,20,132.00,"2,640.00"
2021-01-26,2021012604016870,NHPC,47,58,100,132.00,"13,200.00"
2021-01-26,2021012604016869,NHPC,6,58,211,132.00,"27,852.00"
2021-01-26,2021012604017112,NICL,34,16,500,730.00,"365,000.00"
2021-01-26,2021012604017094,NICL,34,16,392,730.00,"286,160.00"
2021-01-26,2021012604017093,NICL,34,16,75,730.00,"54,750.00"
2021-01-26,2021012604017092,NICL,34,32,33,729.00,"24,057.00"
2021-01-26,2021012604016961,NICL,50,32,34,729.00,"24,786.00"
2021-01-26,2021012604016950,NICL,50,49,300,729.00,"218,700.00"
2021-01-26,2021012604016652,NICL,11,50,420,728.00,"305,760.00"
2021-01-26,2021012604016651,NICL,11,42,80,728.00,"58,240.00"
2021-01-26,2021012604016919,NICL,50,44,166,729.00,"121,014.00"
2021-01-26,2021012604016899,NICL,50,44,500,729.00,"364,500.00"
2021-01-26,2021012604016882,NICL,41,44,179,729.00,"130,491.00"
2021-01-26,2021012604016881,NICL,41,50,21,729.00,"15,309.00"
2021-01-26,2021012604016737,NICL,19,39,95,728.00,"69,160.00"
2021-01-26,2021012604016736,NICL,19,50,80,728.00,"58,240.00"
2021-01-26,2021012604017125,NIL,34,42,14,"1,405.00","19,670.00"
2021-01-26,2021012604017105,NIL,44,44,50,"1,402.00","70,100.00"
2021-01-26,2021012604017058,NIL,44,48,170,"1,402.00","238,340.00"
2021-01-26,2021012604017056,NIL,50,38,336,"1,401.00","470,736.00"
2021-01-26,2021012604017038,NIL,50,25,169,"1,401.00","236,769.00"
2021-01-26,2021012604017037,NIL,59,25,100,"1,401.00","140,100.00"
2021-01-26,2021012604016633,NIL,43,34,13,"1,406.00","18,278.00"
2021-01-26,2021012604016775,NIL,14,26,30,"1,405.00","42,150.00"
2021-01-26,2021012604016764,NIL,21,26,20,"1,405.00","28,100.00"
2021-01-26,2021012604016755,NIL,22,34,60,"1,406.00","84,360.00"
2021-01-26,2021012604016735,NIL,21,10,130,"1,405.00","182,650.00"
2021-01-26,2021012604016639,NIL,21,34,120,"1,406.00","168,720.00"
2021-01-26,2021012604016638,NIL,43,34,27,"1,406.00","37,962.00"
2021-01-26,2021012604016845,NIL,1,48,50,"1,402.00","70,100.00"
2021-01-26,2021012604016844,NIL,38,48,30,"1,402.00","42,060.00"
2021-01-26,2021012604016843,NIL,45,48,100,"1,402.00","140,200.00"
2021-01-26,2021012604016824,NIL,22,42,30,"1,405.00","42,150.00"
2021-01-26,2021012604016813,NIL,21,42,100,"1,405.00","140,500.00"
2021-01-26,2021012604016776,NIL,14,42,130,"1,405.00","182,650.00"
2021-01-26,2021012604017036,NIL,28,25,81,"1,401.00","113,481.00"
2021-01-26,2021012604016997,NIL,28,7,69,"1,401.00","96,669.00"
2021-01-26,2021012604016996,NIL,57,7,10,"1,401.00","14,010.00"
2021-01-26,2021012604016995,NIL,37,7,21,"1,401.00","29,421.00"
2021-01-26,2021012604016987,NIL,40,48,100,"1,402.00","140,200.00"
2021-01-26,2021012604016948,NIL,42,48,50,"1,402.00","70,100.00"
2021-01-26,2021012604017072,NLG,34,21,51,921.00,"46,971.00"
2021-01-26,2021012604016691,NLG,38,25,50,924.00,"46,200.00"
2021-01-26,2021012604016690,NLG,17,25,60,924.00,"55,440.00"
2021-01-26,2021012604016689,NLG,42,25,100,924.00,"92,400.00"
2021-01-26,2021012604016688,NLG,39,25,64,925.00,"59,200.00"
2021-01-26,2021012604016687,NLG,58,25,70,926.00,"64,820.00"
2021-01-26,2021012604016697,NLG,58,25,100,921.00,"92,100.00"
2021-01-26,2021012604016696,NLG,3,25,50,921.00,"46,050.00"
2021-01-26,2021012604016695,NLG,37,25,100,922.00,"92,200.00"
2021-01-26,2021012604016694,NLG,6,25,500,922.00,"461,000.00"
2021-01-26,2021012604016693,NLG,57,25,200,922.00,"184,400.00"
2021-01-26,2021012604016692,NLG,32,25,50,924.00,"46,200.00"
2021-01-26,2021012604016702,NLG,55,25,396,920.00,"364,320.00"
2021-01-26,2021012604016701,NLG,35,25,500,920.00,"460,000.00"
2021-01-26,2021012604016700,NLG,19,25,60,920.00,"55,200.00"
2021-01-26,2021012604016699,NLG,52,25,100,920.00,"92,000.00"
2021-01-26,2021012604016698,NLG,28,25,500,921.00,"460,500.00"
2021-01-26,2021012604017034,PIC,58,38,801,"1,120.00","897,120.00"
2021-01-26,2021012604017033,PIC,3,38,22,"1,125.00","24,750.00"
2021-01-26,2021012604016960,PIC,58,26,11,"1,120.00","12,320.00"
2021-01-26,2021012604016959,PIC,58,32,343,"1,130.00","387,590.00"
2021-01-26,2021012604016958,PIC,58,22,65,"1,130.00","73,450.00"
2021-01-26,2021012604016957,PIC,58,17,11,"1,130.00","12,430.00"
2021-01-26,2021012604016918,PIC,26,13,20,"1,125.00","22,500.00"
2021-01-26,2021012604016647,PIC,58,26,299,"1,118.00","334,282.00"
2021-01-26,2021012604016646,PIC,36,26,250,"1,119.00","279,750.00"
2021-01-26,2021012604016956,PIC,58,57,20,"1,129.00","22,580.00"
2021-01-26,2021012604016955,PIC,58,59,200,"1,129.00","225,800.00"
2021-01-26,2021012604016954,PIC,58,4,61,"1,129.00","68,869.00"
2021-01-26,2021012604016925,PIC,6,4,30,"1,129.00","33,870.00"
2021-01-26,2021012604016924,PIC,6,46,20,"1,128.00","22,560.00"
2021-01-26,2021012604016923,PIC,6,46,20,"1,127.00","22,540.00"
2021-01-26,2021012604016965,PICL,57,48,50,676.00,"33,800.00"
2021-01-26,2021012604016964,PICL,19,48,100,678.00,"67,800.00"
2021-01-26,2021012604016890,PICL,57,14,199,676.00,"134,524.00"
2021-01-26,2021012604016889,PICL,57,14,300,676.00,"202,800.00"
2021-01-26,2021012604016888,PICL,57,14,200,676.00,"135,200.00"
2021-01-26,2021012604016887,PICL,34,14,200,677.00,"135,400.00"
2021-01-26,2021012604016751,PICL,41,16,200,680.00,"136,000.00"
2021-01-26,2021012604016635,PPCL,16,42,30,230.00,"6,900.00"
2021-01-26,2021012604017113,PRIN,11,44,50,870.00,"43,500.00"
2021-01-26,2021012604016897,PRIN,46,44,47,870.00,"40,890.00"
2021-01-26,2021012604016896,PRIN,46,14,50,870.00,"43,500.00"
2021-01-26,2021012604016895,PRIN,46,28,100,869.00,"86,900.00"
2021-01-26,2021012604016894,PRIN,46,41,50,869.00,"43,450.00"
2021-01-26,2021012604016893,PRIN,46,51,253,868.00,"219,604.00"
2021-01-26,2021012604016815,PRIN,47,38,10,865.00,"8,650.00"
2021-01-26,2021012604017101,RADHI,52,13,35,300.00,"10,500.00"
2021-01-26,2021012604017074,RBCL,57,26,10,"17,150.00","171,500.00"
2021-01-26,2021012604017073,RBCL,45,26,10,"17,206.00","172,060.00"
2021-01-26,2021012604017121,RHPC,34,41,213,179.00,"38,127.00"
2021-01-26,2021012604017120,RHPC,25,41,100,179.00,"17,900.00"
2021-01-26,2021012604017119,RHPC,13,41,300,179.00,"53,700.00"
2021-01-26,2021012604017118,RHPC,54,41,500,179.00,"89,500.00"
2021-01-26,2021012604017117,RHPC,46,41,33,179.00,"5,907.00"
2021-01-26,2021012604017116,RHPC,38,41,"1,154",179.00,"206,566.00"
2021-01-26,2021012604016674,RHPC,56,34,154,179.00,"27,566.00"
2021-01-26,2021012604017115,RHPC,59,41,200,180.00,"36,000.00"
2021-01-26,2021012604017066,RHPC,38,5,46,179.00,"8,234.00"
2021-01-26,2021012604017065,RHPC,42,5,154,179.00,"27,566.00"
2021-01-26,2021012604016986,RHPC,1,37,200,180.00,"36,000.00"
2021-01-26,2021012604016910,RHPC,17,37,50,180.00,"9,000.00"
2021-01-26,2021012604016675,RHPC,42,34,46,179.00,"8,234.00"
2021-01-26,2021012604017114,RHPL,49,52,120,382.00,"45,840.00"
2021-01-26,2021012604017107,RHPL,57,58,100,380.00,"38,000.00"
2021-01-26,2021012604016949,RHPL,3,52,80,382.00,"30,560.00"
2021-01-26,2021012604016933,RHPL,57,38,50,380.00,"19,000.00"
2021-01-26,2021012604016898,RHPL,57,41,183,380.00,"69,540.00"
2021-01-26,2021012604016886,RHPL,32,41,17,380.00,"6,460.00"
2021-01-26,2021012604016718,RHPL,32,55,30,380.00,"11,400.00"
2021-01-26,2021012604016867,RHPL,57,17,"1,000",382.00,"382,000.00"
2021-01-26,2021012604016860,RHPL,32,43,78,380.00,"29,640.00"
2021-01-26,2021012604016842,RHPL,45,43,922,382.00,"352,204.00"
2021-01-26,2021012604016832,RHPL,45,7,10,382.00,"3,820.00"
2021-01-26,2021012604016816,RHPL,45,49,40,382.00,"15,280.00"
2021-01-26,2021012604016738,RHPL,45,35,100,382.00,"38,200.00"
2021-01-26,2021012604016975,RRHP,3,43,10,306.00,"3,060.00"
2021-01-26,2021012604016974,RRHP,3,16,10,305.00,"3,050.00"
2021-01-26,2021012604016768,RRHP,36,58,10,305.00,"3,050.00"
2021-01-26,2021012604016767,RRHP,36,26,10,305.00,"3,050.00"
2021-01-26,2021012604016766,RRHP,36,16,10,303.00,"3,030.00"
2021-01-26,2021012604016728,RRHP,36,3,10,302.00,"3,020.00"
2021-01-26,2021012604016654,RRHP,36,50,150,301.00,"45,150.00"
2021-01-26,2021012604016999,SGI,3,4,10,635.00,"6,350.00"
2021-01-26,2021012604016998,SGI,3,38,10,634.00,"6,340.00"
2021-01-26,2021012604016966,SGI,37,57,10,630.00,"6,300.00"
2021-01-26,2021012604016825,SGI,49,4,10,635.00,"6,350.00"
2021-01-26,2021012604016627,SGI,11,4,100,630.00,"63,000.00"
2021-01-26,2021012604017100,SIC,14,4,52,"1,211.00","62,972.00"
2021-01-26,2021012604017099,SIC,58,4,50,"1,211.00","60,550.00"
2021-01-26,2021012604016877,SIC,45,4,10,"1,212.00","12,120.00"
2021-01-26,2021012604016876,SIC,11,4,30,"1,212.00","36,360.00"
2021-01-26,2021012604016875,SIC,22,4,20,"1,215.00","24,300.00"
2021-01-26,2021012604016819,SIC,11,4,10,"1,212.00","12,120.00"
2021-01-26,2021012604016789,SIC,11,49,10,"1,212.00","12,120.00"
2021-01-26,2021012604016765,SIC,1,33,100,"1,215.00","121,500.00"
2021-01-26,2021012604017103,SICL,17,50,40,"2,205.00","88,200.00"
2021-01-26,2021012604017102,SICL,26,50,50,"2,205.00","110,250.00"
2021-01-26,2021012604017086,SICL,58,50,10,"2,205.00","22,050.00"
2021-01-26,2021012604017028,SICL,10,33,80,"2,201.00","176,080.00"
2021-01-26,2021012604017025,SICL,49,33,20,"2,201.00","44,020.00"
2021-01-26,2021012604016994,SICL,54,11,55,"2,200.00","121,000.00"
2021-01-26,2021012604016742,SICL,45,50,65,"2,195.00","142,675.00"
2021-01-26,2021012604016723,SICL,44,50,88,"2,195.00","193,160.00"
2021-01-26,2021012604016722,SICL,44,17,20,"2,195.00","43,900.00"
2021-01-26,2021012604016677,SICL,45,51,85,"2,193.00","186,405.00"
2021-01-26,2021012604016672,SICL,47,26,100,"2,193.00","219,300.00"
2021-01-26,2021012604016769,SICL,55,32,25,"2,197.00","54,925.00"
2021-01-26,2021012604016757,SICL,55,50,10,"2,195.00","21,950.00"
2021-01-26,2021012604016750,SICL,55,50,37,"2,195.00","81,215.00"
2021-01-26,2021012604016749,SICL,58,13,15,"2,193.00","32,895.00"
2021-01-26,2021012604016745,SICL,59,50,10,"2,195.00","21,950.00"
2021-01-26,2021012604016744,SICL,58,41,52,"2,193.00","114,036.00"
2021-01-26,2021012604016782,SICL,38,50,150,"2,200.00","330,000.00"
2021-01-26,2021012604016781,SICL,38,1,10,"2,200.00","22,000.00"
2021-01-26,2021012604016780,SICL,38,14,100,"2,199.00","219,900.00"
2021-01-26,2021012604016779,SICL,38,53,200,"2,199.00","439,800.00"
2021-01-26,2021012604016778,SICL,38,14,100,"2,198.00","219,800.00"
2021-01-26,2021012604016770,SICL,55,34,100,"2,197.00","219,700.00"
2021-01-26,2021012604016831,SICL,47,36,120,"2,200.00","264,000.00"
2021-01-26,2021012604016826,SICL,55,36,116,"2,200.00","255,200.00"
2021-01-26,2021012604016790,SICL,55,13,28,"2,197.00","61,516.00"
2021-01-26,2021012604016785,SICL,38,36,165,"2,200.00","363,000.00"
2021-01-26,2021012604016784,SICL,38,57,25,"2,200.00","55,000.00"
2021-01-26,2021012604016783,SICL,38,17,250,"2,200.00","550,000.00"
2021-01-26,2021012604016853,SICL,34,32,50,"2,200.00","110,000.00"
2021-01-26,2021012604016852,SICL,17,47,100,"2,200.00","220,000.00"
2021-01-26,2021012604016851,SICL,17,36,122,"2,200.00","268,400.00"
2021-01-26,2021012604016846,SICL,45,36,50,"2,200.00","110,000.00"
2021-01-26,2021012604016838,SICL,57,36,100,"2,200.00","220,000.00"
2021-01-26,2021012604016835,SICL,50,36,27,"2,200.00","59,400.00"
2021-01-26,2021012604016905,SICL,52,32,40,"2,200.00","88,000.00"
2021-01-26,2021012604016891,SICL,34,5,45,"2,200.00","99,000.00"
2021-01-26,2021012604016878,SICL,50,32,110,"2,200.00","242,000.00"
2021-01-26,2021012604016868,SICL,47,32,100,"2,200.00","220,000.00"
2021-01-26,2021012604016863,SICL,39,44,50,"2,199.00","109,950.00"
2021-01-26,2021012604016862,SICL,17,44,200,"2,199.00","439,800.00"
2021-01-26,2021012604016913,SICL,58,45,10,"2,200.00","22,000.00"
2021-01-26,2021012604016912,SICL,58,11,100,"2,200.00","220,000.00"
2021-01-26,2021012604016909,SICL,52,59,35,"2,200.00","77,000.00"
2021-01-26,2021012604016908,SICL,52,34,250,"2,200.00","550,000.00"
2021-01-26,2021012604016907,SICL,52,14,55,"2,200.00","121,000.00"
2021-01-26,2021012604016906,SICL,52,17,20,"2,200.00","44,000.00"
2021-01-26,2021012604016972,SICL,21,35,35,"2,200.00","77,000.00"
2021-01-26,2021012604016932,SICL,4,29,20,"2,200.00","44,000.00"
2021-01-26,2021012604016931,SICL,4,50,10,"2,200.00","22,000.00"
2021-01-26,2021012604016930,SICL,41,59,5,"2,200.00","11,000.00"
2021-01-26,2021012604016929,SICL,41,57,45,"2,200.00","99,000.00"
2021-01-26,2021012604016914,SICL,58,57,10,"2,200.00","22,000.00"
2021-01-26,2021012604016993,SICL,57,11,29,"2,200.00","63,800.00"
2021-01-26,2021012604016991,SICL,57,11,71,"2,200.00","156,200.00"
2021-01-26,2021012604016990,SICL,45,11,179,"2,200.00","393,800.00"
2021-01-26,2021012604016989,SICL,32,11,50,"2,200.00","110,000.00"
2021-01-26,2021012604016988,SICL,17,11,200,"2,200.00","440,000.00"
2021-01-26,2021012604016973,SICL,4,35,20,"2,200.00","44,000.00"
2021-01-26,2021012604017062,SIL,44,33,100,"1,074.00","107,400.00"
2021-01-26,2021012604016874,SIL,42,4,17,"1,070.00","18,190.00"
2021-01-26,2021012604016830,SIL,48,4,983,"1,070.00","1,051,810.00"
2021-01-26,2021012604016829,SIL,48,49,10,"1,070.00","10,700.00"
2021-01-26,2021012604016733,SIL,44,13,268,"1,069.00","286,492.00"
2021-01-26,2021012604016719,SIL,48,21,"1,000","1,068.00","1,068,000.00"
2021-01-26,2021012604016631,SIL,48,53,100,"1,068.00","106,800.00"
2021-01-26,2021012604016630,SIL,48,33,100,"1,068.00","106,800.00"
2021-01-26,2021012604016629,SIL,48,10,50,"1,068.00","53,400.00"
2021-01-26,2021012604016628,SIL,48,41,30,"1,067.00","32,010.00"
2021-01-26,2021012604017027,SJCL,3,16,40,315.00,"12,600.00"
2021-01-26,2021012604016926,SJCL,11,8,130,313.00,"40,690.00"
2021-01-26,2021012604016859,SJCL,11,7,10,313.00,"3,130.00"
2021-01-26,2021012604016855,SJCL,1,25,30,314.00,"9,420.00"
2021-01-26,2021012604016854,SJCL,1,53,10,314.00,"3,140.00"
2021-01-26,2021012604016922,SPDL,40,35,647,234.00,"151,398.00"
2021-01-26,2021012604016921,SPDL,36,35,200,234.00,"46,800.00"
2021-01-26,2021012604016920,SPDL,38,35,"1,588",234.00,"371,592.00"
2021-01-26,2021012604016839,SPDL,38,36,"1,000",234.00,"234,000.00"
2021-01-26,2021012604016753,SPDL,38,45,69,234.00,"16,146.00"
2021-01-26,2021012604017043,UIC,57,41,76,588.00,"44,688.00"
2021-01-26,2021012604017042,UIC,55,41,100,588.00,"58,800.00"
2021-01-26,2021012604017041,UIC,11,41,50,588.00,"29,400.00"
2021-01-26,2021012604017040,UIC,38,41,184,588.00,"108,192.00"
2021-01-26,2021012604016976,UIC,17,43,50,589.00,"29,450.00"
2021-01-26,2021012604016962,UIC,56,43,21,589.00,"12,369.00"
2021-01-26,2021012604016632,UIC,33,4,800,590.00,"472,000.00"
2021-01-26,2021012604016664,UIC,33,44,"2,000",590.00,"1,180,000.00"
2021-01-26,2021012604016663,UIC,33,44,675,590.00,"398,250.00"
2021-01-26,2021012604016655,UIC,33,4,800,590.00,"472,000.00"
2021-01-26,2021012604016649,UIC,33,4,525,590.00,"309,750.00"
2021-01-26,2021012604016648,UIC,33,4,275,590.00,"162,250.00"
2021-01-26,2021012604016645,UIC,33,4,800,590.00,"472,000.00"
2021-01-26,2021012604016724,UIC,22,4,373,589.00,"219,697.00"
2021-01-26,2021012604016686,UIC,22,4,27,589.00,"15,903.00"
2021-01-26,2021012604016685,UIC,35,4,173,589.00,"101,897.00"
2021-01-26,2021012604016667,UIC,42,44,100,590.00,"59,000.00"
2021-01-26,2021012604016666,UIC,55,44,150,590.00,"88,500.00"
2021-01-26,2021012604016665,UIC,56,44,"1,000",590.00,"590,000.00"
2021-01-26,2021012604016928,UIC,58,52,14,590.00,"8,260.00"
2021-01-26,2021012604016927,UIC,58,11,21,589.00,"12,369.00"
2021-01-26,2021012604016883,UIC,38,59,60,588.00,"35,280.00"
2021-01-26,2021012604016727,UIC,38,4,156,588.00,"91,728.00"
2021-01-26,2021012604016726,UIC,48,4,20,588.00,"11,760.00"
2021-01-26,2021012604016725,UIC,56,4,251,588.00,"147,588.00"
2021-01-26,2021012604016992,UMHL,44,49,14,169.00,"2,366.00"
2021-01-26,2021012604016814,UMHL,44,52,14,169.00,"2,366.00"
2021-01-26,2021012604017000,UMRH,36,57,10,234.00,"2,340.00"
2021-01-26,2021012604016866,UMRH,36,58,10,234.00,"2,340.00"
2021-01-26,2021012604016858,UMRH,36,58,10,234.00,"2,340.00"
2021-01-26,2021012604016752,UMRH,41,58,10,235.00,"2,350.00"
2021-01-26,2021012604017075,UNHPL,10,7,50,116.00,"5,800.00"
2021-01-26,2021012604016644,UNHPL,10,32,125,116.00,"14,500.00"
2021-01-26,2021012604016643,UNHPL,45,32,300,116.00,"34,800.00"
2021-01-26,2021012604016642,UNHPL,59,32,500,116.00,"58,000.00"
2021-01-26,2021012604016641,UNHPL,42,32,100,116.00,"11,600.00"
2021-01-26,2021012604016640,UNHPL,45,32,775,116.00,"89,900.00"
2021-01-26,2021012604017002,UPCL,16,45,50,140.00,"7,000.00"
2021-01-26,2021012604016865,UPCL,6,57,100,141.00,"14,100.00"
2021-01-26,2021012604016864,UPCL,6,22,500,141.00,"70,500.00"
2021-01-26,2021012604016762,UPCL,16,6,165,140.00,"23,100.00"
2021-01-26,2021012604017108,UPPER,41,3,40,500.00,"20,000.00"
2021-01-26,2021012604017097,UPPER,41,29,50,500.00,"25,000.00"
2021-01-26,2021012604017096,UPPER,14,34,50,501.00,"25,050.00"
2021-01-26,2021012604017095,UPPER,14,38,260,501.00,"130,260.00"
2021-01-26,2021012604017091,UPPER,41,38,50,500.00,"25,000.00"
2021-01-26,2021012604017060,UPPER,41,58,"1,190",500.00,"595,000.00"
2021-01-26,2021012604016791,UPPER,57,58,"1,587",500.00,"793,500.00"
2021-01-26,2021012604016786,UPPER,1,32,20,501.00,"10,020.00"
2021-01-26,2021012604016763,UPPER,32,16,20,501.00,"10,020.00"
2021-01-26,2021012604016734,UPPER,41,16,30,501.00,"15,030.00"
2021-01-26,2021012604016797,UPPER,38,58,50,500.00,"25,000.00"
2021-01-26,2021012604016796,UPPER,39,58,150,500.00,"75,000.00"
2021-01-26,2021012604016795,UPPER,34,58,200,500.00,"100,000.00"
2021-01-26,2021012604016794,UPPER,25,58,400,500.00,"200,000.00"
2021-01-26,2021012604016793,UPPER,48,58,200,500.00,"100,000.00"
2021-01-26,2021012604016792,UPPER,16,58,"1,000",500.00,"500,000.00"
2021-01-26,2021012604016803,UPPER,14,58,40,500.00,"20,000.00"
2021-01-26,2021012604016802,UPPER,58,58,500,500.00,"250,000.00"
2021-01-26,2021012604016801,UPPER,41,58,500,500.00,"250,000.00"
2021-01-26,2021012604016800,UPPER,10,58,"1,000",500.00,"500,000.00"
2021-01-26,2021012604016799,UPPER,43,58,500,500.00,"250,000.00"
2021-01-26,2021012604016798,UPPER,50,58,"2,000",500.00,"1,000,000.00"
2021-01-26,2021012604016809,UPPER,57,58,160,500.00,"80,000.00"
2021-01-26,2021012604016808,UPPER,53,58,600,500.00,"300,000.00"
2021-01-26,2021012604016807,UPPER,48,58,150,500.00,"75,000.00"
2021-01-26,2021012604016806,UPPER,29,58,200,500.00,"100,000.00"
2021-01-26,2021012604016805,UPPER,49,58,50,500.00,"25,000.00"
2021-01-26,2021012604016804,UPPER,22,58,500,500.00,"250,000.00"
2021-01-26,2021012604016916,UPPER,50,56,200,501.00,"100,200.00"
2021-01-26,2021012604016834,UPPER,10,45,61,500.00,"30,500.00"
2021-01-26,2021012604016833,UPPER,43,45,87,500.00,"43,500.00"
2021-01-26,2021012604016812,UPPER,43,58,13,500.00,"6,500.00"
2021-01-26,2021012604016811,UPPER,43,58,100,500.00,"50,000.00"
2021-01-26,2021012604016810,UPPER,20,58,100,500.00,"50,000.00"
2021-01-26,2021012604016940,UPPER,20,32,180,501.00,"90,180.00"
2021-01-26,2021012604016917,UPPER,50,32,300,501.00,"150,300.00"
2021-01-26,2021012604016981,UPPER,38,58,"1,000",500.00,"500,000.00"
2021-01-26,2021012604016980,UPPER,17,58,100,500.00,"50,000.00"
2021-01-26,2021012604016979,UPPER,34,58,530,500.00,"265,000.00"
2021-01-26,2021012604016978,UPPER,25,58,300,500.00,"150,000.00"
2021-01-26,2021012604016977,UPPER,10,58,139,500.00,"69,500.00"
2021-01-26,2021012604016967,UPPER,20,56,320,501.00,"160,320.00"
2021-01-26,2021012604017005,UPPER,56,56,100,500.00,"50,000.00"
2021-01-26,2021012604017004,UPPER,55,56,419,500.00,"209,500.00"
2021-01-26,2021012604016985,UPPER,55,58,581,500.00,"290,500.00"
2021-01-26,2021012604016984,UPPER,39,58,50,500.00,"25,000.00"
2021-01-26,2021012604016983,UPPER,41,58,100,500.00,"50,000.00"
2021-01-26,2021012604016982,UPPER,17,58,200,500.00,"100,000.00"
2021-01-26,2021012604017011,UPPER,45,56,500,500.00,"250,000.00"
2021-01-26,2021012604017010,UPPER,43,56,50,500.00,"25,000.00"
2021-01-26,2021012604017009,UPPER,45,56,200,500.00,"100,000.00"
2021-01-26,2021012604017008,UPPER,42,56,50,500.00,"25,000.00"
2021-01-26,2021012604017007,UPPER,14,56,40,500.00,"20,000.00"
2021-01-26,2021012604017006,UPPER,1,56,200,500.00,"100,000.00"
2021-01-26,2021012604017017,UPPER,32,56,200,500.00,"100,000.00"
2021-01-26,2021012604017016,UPPER,17,56,500,500.00,"250,000.00"
2021-01-26,2021012604017015,UPPER,32,56,18,500.00,"9,000.00"
2021-01-26,2021012604017014,UPPER,51,56,200,500.00,"100,000.00"
2021-01-26,2021012604017013,UPPER,44,56,500,500.00,"250,000.00"
2021-01-26,2021012604017012,UPPER,41,56,200,500.00,"100,000.00"
2021-01-26,2021012604017055,UPPER,3,38,90,501.00,"45,090.00"
2021-01-26,2021012604017022,UPPER,41,56,23,500.00,"11,500.00"
2021-01-26,2021012604017021,UPPER,49,56,50,500.00,"25,000.00"
2021-01-26,2021012604017020,UPPER,45,56,200,500.00,"100,000.00"
2021-01-26,2021012604017019,UPPER,14,56,50,500.00,"25,000.00"
2021-01-26,2021012604017018,UPPER,38,56,500,500.00,"250,000.00"
2021-01-26,2021012604016572,AHPC,53,39,20,250.00,"5,000.00"
2021-01-26,2021012604016571,AHPC,32,39,500,250.00,"125,000.00"
2021-01-26,2021012604016570,AHPC,5,39,50,250.00,"12,500.00"
2021-01-26,2021012604016569,AHPC,58,39,100,250.00,"25,000.00"
2021-01-26,2021012604016568,AHPC,11,39,500,250.00,"125,000.00"
2021-01-26,2021012604016567,AHPC,51,39,300,250.00,"75,000.00"
2021-01-26,2021012604016295,AHPC,48,7,58,251.00,"14,558.00"
2021-01-26,2021012604016165,AHPC,29,42,430,253.00,"108,790.00"
2021-01-26,2021012604016164,AHPC,29,45,100,253.00,"25,300.00"
2021-01-26,2021012604016163,AHPC,29,17,330,253.00,"83,490.00"
2021-01-26,2021012604016508,AHPC,8,42,400,252.00,"100,800.00"
2021-01-26,2021012604016507,AHPC,8,34,100,252.00,"25,200.00"
2021-01-26,2021012604016470,AHPC,34,34,300,252.00,"75,600.00"
2021-01-26,2021012604016469,AHPC,8,34,100,252.00,"25,200.00"
2021-01-26,2021012604016465,AHPC,43,42,270,253.00,"68,310.00"
2021-01-26,2021012604016421,AHPC,22,42,180,253.00,"45,540.00"
2021-01-26,2021012604016554,AHPC,28,39,652,250.00,"163,000.00"
2021-01-26,2021012604016553,AHPC,1,39,100,251.00,"25,100.00"
2021-01-26,2021012604016552,AHPC,52,39,500,251.00,"125,500.00"
2021-01-26,2021012604016551,AHPC,48,39,"10,000",251.00,"2,510,000.00"
2021-01-26,2021012604016550,AHPC,48,39,"9,942",251.00,"2,495,442.00"
2021-01-26,2021012604016509,AHPC,8,57,500,252.00,"126,000.00"
2021-01-26,2021012604016560,AHPC,41,39,200,250.00,"50,000.00"
2021-01-26,2021012604016559,AHPC,50,39,500,250.00,"125,000.00"
2021-01-26,2021012604016558,AHPC,42,39,400,250.00,"100,000.00"
2021-01-26,2021012604016557,AHPC,21,39,400,250.00,"100,000.00"
2021-01-26,2021012604016556,AHPC,21,39,500,250.00,"125,000.00"
2021-01-26,2021012604016555,AHPC,48,39,"2,500",250.00,"625,000.00"
2021-01-26,2021012604016566,AHPC,57,39,500,250.00,"125,000.00"
2021-01-26,2021012604016565,AHPC,57,39,500,250.00,"125,000.00"
2021-01-26,2021012604016564,AHPC,44,39,500,250.00,"125,000.00"
2021-01-26,2021012604016563,AHPC,34,39,100,250.00,"25,000.00"
2021-01-26,2021012604016562,AHPC,36,39,200,250.00,"50,000.00"
2021-01-26,2021012604016561,AHPC,50,39,"1,000",250.00,"250,000.00"
2021-01-26,2021012604016522,AIL,1,43,50,690.00,"34,500.00"
2021-01-26,2021012604016521,AIL,59,43,50,691.00,"34,550.00"
2021-01-26,2021012604016520,AIL,45,43,200,692.00,"138,400.00"
2021-01-26,2021012604016471,AIL,45,52,10,693.00,"6,930.00"
2021-01-26,2021012604016415,AIL,42,52,30,693.00,"20,790.00"
2021-01-26,2021012604016330,AIL,45,38,10,692.00,"6,920.00"
2021-01-26,2021012604016258,AIL,45,32,10,692.00,"6,920.00"
2021-01-26,2021012604016210,AIL,54,52,80,693.00,"55,440.00"
2021-01-26,2021012604016209,AIL,54,41,60,693.00,"41,580.00"
2021-01-26,2021012604016208,AIL,54,49,10,693.00,"6,930.00"
2021-01-26,2021012604016206,AIL,45,49,10,692.00,"6,920.00"
2021-01-26,2021012604016615,AKPL,45,13,500,298.00,"149,000.00"
2021-01-26,2021012604016614,AKPL,45,13,"1,500",298.00,"447,000.00"
2021-01-26,2021012604016613,AKPL,45,13,"1,500",298.00,"447,000.00"
2021-01-26,2021012604016612,AKPL,45,13,"1,500",298.00,"447,000.00"
2021-01-26,2021012604016611,AKPL,35,13,300,298.00,"89,400.00"
2021-01-26,2021012604016610,AKPL,22,13,550,298.00,"163,900.00"
2021-01-26,2021012604016263,AKPL,57,14,929,299.00,"277,771.00"
2021-01-26,2021012604016222,AKPL,57,42,40,299.00,"11,960.00"
2021-01-26,2021012604016364,AKPL,29,6,"1,429",299.00,"427,271.00"
2021-01-26,2021012604016357,AKPL,5,4,333,300.00,"99,900.00"
2021-01-26,2021012604016301,AKPL,5,4,274,300.00,"82,200.00"
2021-01-26,2021012604016300,AKPL,5,44,59,300.00,"17,700.00"
2021-01-26,2021012604016265,AKPL,29,14,571,299.00,"170,729.00"
2021-01-26,2021012604016264,AKPL,57,14,500,299.00,"149,500.00"
2021-01-26,2021012604016484,AKPL,29,1,300,298.00,"89,400.00"
2021-01-26,2021012604016483,AKPL,44,1,"3,180",298.00,"947,640.00"
2021-01-26,2021012604016482,AKPL,34,1,"1,000",299.00,"299,000.00"
2021-01-26,2021012604016427,AKPL,5,4,333,300.00,"99,900.00"
2021-01-26,2021012604016397,AKPL,5,4,333,300.00,"99,900.00"
2021-01-26,2021012604016365,AKPL,46,6,50,299.00,"14,950.00"
2021-01-26,2021012604016549,AKPL,17,58,375,298.00,"111,750.00"
2021-01-26,2021012604016544,AKPL,29,4,"1,000",300.00,"300,000.00"
2021-01-26,2021012604016536,AKPL,1,44,300,299.00,"89,700.00"
2021-01-26,2021012604016506,AKPL,1,8,200,299.00,"59,800.00"
2021-01-26,2021012604016486,AKPL,17,1,20,298.00,"5,960.00"
2021-01-26,2021012604016485,AKPL,25,1,500,298.00,"149,000.00"
2021-01-26,2021012604016603,AKPL,43,13,"1,000",298.00,"298,000.00"
2021-01-26,2021012604016602,AKPL,19,13,500,298.00,"149,000.00"
2021-01-26,2021012604016601,AKPL,44,13,200,298.00,"59,600.00"
2021-01-26,2021012604016600,AKPL,11,13,200,298.00,"59,600.00"
2021-01-26,2021012604016599,AKPL,17,13,105,298.00,"31,290.00"
2021-01-26,2021012604016574,AKPL,39,6,50,299.00,"14,950.00"
2021-01-26,2021012604016609,AKPL,22,13,"3,400",298.00,"1,013,200.00"
2021-01-26,2021012604016608,AKPL,47,13,500,298.00,"149,000.00"
2021-01-26,2021012604016607,AKPL,56,13,300,298.00,"89,400.00"
2021-01-26,2021012604016606,AKPL,43,13,"1,000",298.00,"298,000.00"
2021-01-26,2021012604016605,AKPL,56,13,500,298.00,"149,000.00"
2021-01-26,2021012604016604,AKPL,26,13,500,298.00,"149,000.00"
2021-01-26,2021012604016623,API,16,33,450,287.00,"129,150.00"
2021-01-26,2021012604016519,API,58,45,68,287.00,"19,516.00"
2021-01-26,2021012604016518,API,1,45,73,287.00,"20,951.00"
2021-01-26,2021012604016479,API,42,17,73,288.00,"21,024.00"
2021-01-26,2021012604016478,API,42,38,29,288.00,"8,352.00"
2021-01-26,2021012604016477,API,42,36,100,288.00,"28,800.00"
2021-01-26,2021012604016158,API,33,17,952,287.00,"273,224.00"
2021-01-26,2021012604016476,API,42,42,798,288.00,"229,824.00"
2021-01-26,2021012604016362,API,1,22,27,287.00,"7,749.00"
2021-01-26,2021012604016325,API,56,38,"1,000",286.00,"286,000.00"
2021-01-26,2021012604016243,API,56,33,952,286.00,"272,272.00"
2021-01-26,2021012604016224,API,56,16,84,286.00,"24,024.00"
2021-01-26,2021012604016159,API,33,33,48,287.00,"13,776.00"
2021-01-26,2021012604016366,BARUN,34,45,100,239.00,"23,900.00"
2021-01-26,2021012604016346,BARUN,34,45,65,239.00,"15,535.00"
2021-01-26,2021012604016298,BARUN,34,45,10,239.00,"2,390.00"
2021-01-26,2021012604016236,BARUN,34,42,25,239.00,"5,975.00"
2021-01-26,2021012604016582,BPCL,58,37,14,404.00,"5,656.00"
2021-01-26,2021012604016581,BPCL,42,37,47,404.00,"18,988.00"
2021-01-26,2021012604016303,BPCL,42,45,500,404.00,"202,000.00"
2021-01-26,2021012604016302,BPCL,42,20,303,404.00,"122,412.00"
2021-01-26,2021012604016511,CHCL,25,4,25,589.00,"14,725.00"
2021-01-26,2021012604016308,CHCL,3,43,200,588.00,"117,600.00"
2021-01-26,2021012604016225,CHCL,3,54,500,588.00,"294,000.00"
